timestamp,x,y
1702297734108,1317.7676391601562,654.0776968002319
1702297734120,1332.4542236328125,656.4830589294434
1702297734175,1334.0657043457031,656.0699987411499
1702297734176,1333.1249237060547,657.8177046775818
1702297734195,1347.6748657226562,648.9918851852417
1702297734198,1351.7283630371094,666.8005084991455
1702297734208,1350.2096557617188,671.3135075569153
1702297734220,1341.6889953613281,663.9976215362549
1702297734231,1341.678237915039,651.6922903060913
1702297734242,1345.5992126464844,647.4571251869202
1702297734254,1355.5542755126953,663.9277338981628
1702297734265,1350.248794555664,670.3747344017029
1702297734275,1345.020980834961,669.5371341705322
1702297734287,1345.8219146728516,679.9507999420166
1702297734298,1354.997329711914,677.4248886108398
1702297734333,1357.5686645507812,673.7510991096497
1702297734334,1359.1617584228516,666.1796307563782
1702297734348,1358.717269897461,672.8412508964539
1702297734353,1355.877685546875,666.0385465621948
1702297734365,1356.4801788330078,666.2116026878357
1702297734375,1354.5502471923828,669.9256253242493
1702297734386,1361.7340087890625,668.1278371810913
1702297734397,1372.6873016357422,657.4172401428223
1702297734408,1386.5861511230469,649.4487619400024
1702297734419,1534.2317962646484,684.4532203674316
1702297734431,1548.7751770019531,693.1593060493469
1702297734442,1548.0498504638672,701.6400861740112
1702297734479,1547.319564819336,704.6468639373779
1702297734480,1547.120361328125,711.2335324287415
1702297734486,1550.8960723876953,707.1072864532471
1702297734497,1551.0723114013672,704.9116730690002
1702297734510,1550.8714294433594,705.5060935020447
1702297734520,1559.008560180664,708.9242362976074
1702297734531,1560.2255249023438,727.2447967529297
1702297734541,1555.6295776367188,735.9841203689575
1702297734553,1387.4588012695312,661.1722898483276
1702297734563,1364.8572540283203,618.3739972114563
1702297734575,1307.7385711669922,585.9419918060303
1702297734611,621.3469314575195,251.79494619369507
1702297734627,345.2693748474121,100.39079323410988
1702297734631,309.30335998535156,111.14726811647415
1702297734642,307.82909393310547,102.65796393156052
1702297734653,303.7763977050781,101.2404915690422
1702297734665,299.77206230163574,81.75791837275028
1702297734675,297.87768363952637,89.91943515837193
1702297734686,294.27974700927734,81.70482136309147
1702297734698,299.059476852417,78.66746876388788
1702297734709,257.4341297149658,54.4908007979393
1702297734718,260.889253616333,60.60787886381149
1702297734730,261.06958389282227,62.80693754553795
1702297734770,263.47092628479004,82.47889649122953
1702297734772,264.5717144012451,80.27902912348509
1702297734775,312.2787380218506,51.87783166766167
1702297734788,327.87195205688477,97.94885516166687
1702297734797,325.14238357543945,103.33737820386887
1702297734808,314.5363140106201,94.11960750818253
1702297734819,296.50922775268555,81.78638868033886
1702297734830,296.4281940460205,82.85507932305336
1702297734841,298.4619140625,88.61939795315266
1702297734853,308.85497093200684,86.48253500461578
1702297734864,349.5071029663086,84.14151571691036
1702297734875,400.97707748413086,94.10892561078072
1702297734911,692.1860122680664,124.08935710787773
1702297734912,722.1269989013672,124.62728887796402
1702297734920,727.308464050293,111.04410231113434
1702297734931,728.1428527832031,114.20721665024757
1702297734942,728.9276123046875,122.59591117501259
1702297734953,729.8216247558594,129.06681686639786
1702297734964,732.0803070068359,133.1426239013672
1702297734975,733.3519744873047,130.83967924118042
1702297734986,735.3903198242188,133.91418278217316
1702297734998,736.7053604125977,141.27783358097076
1702297735008,739.1962814331055,138.99758040905
1702297735020,733.4443664550781,129.52033281326294
1702297735031,730.0442123413086,108.0504834651947
1702297735062,728.2241439819336,104.50646057724953
1702297735063,737.9568481445312,104.91553299129009
1702297735064,768.9059448242188,107.62236535549164
1702297735079,793.7551879882812,107.36737713217735
1702297735087,1099.8257064819336,123.23104351758957
1702297735097,1164.8014450073242,129.1286551952362
1702297735108,1215.8353424072266,114.85935688018799
1702297735119,1340.0419616699219,143.8095384836197
1702297735130,1349.7949981689453,141.54157787561417
1702297735141,1343.6773681640625,146.6632640361786
1702297735152,1336.3021850585938,158.05922985076904
1702297735164,1346.1387634277344,157.25520014762878
1702297735175,1343.7397003173828,155.17760396003723
1702297735197,1337.3491668701172,86.75458073616028
1702297735230,1341.475830078125,103.84194195270538
1702297735231,1345.8438873291016,82.18433797359467
1702297735248,1344.5072174072266,80.0339788198471
1702297735252,1345.0076293945312,91.89631372690201
1702297735265,1331.3658142089844,78.15849244594574
1702297735275,1330.262222290039,89.79954779148102
1702297735286,1435.9579467773438,104.93871599435806
1702297735297,1478.488540649414,110.45383393764496
1702297735308,1520.4130554199219,105.63364148139954
1702297735319,1563.6001586914062,104.51613932847977
1702297735331,1560.390625,95.2906733751297
1702297735342,1550.3160095214844,103.43917608261108
1702297735353,1551.8759155273438,104.39978241920471
1702297735395,1554.4224548339844,113.09922158718109
1702297735396,1552.8227233886719,121.16789638996124
1702297735397,1553.4837341308594,137.35011398792267
1702297735411,1560.8795166015625,128.5820907354355
1702297735420,1562.9608154296875,122.05276250839233
1702297735431,1564.3238830566406,112.27657198905945
1702297735442,1569.8719024658203,109.67932999134064
1702297735453,1566.5007019042969,108.48995804786682
1702297735464,1570.7176971435547,109.72428381443024
1702297735474,1564.5696258544922,110.55967926979065
1702297735485,1560.234146118164,107.7985006570816
1702297735497,1561.5824127197266,105.69829881191254
1702297735508,1556.596450805664,113.80327463150024
1702297735543,1565.4306030273438,121.82882487773895
1702297735558,1779.6141815185547,115.03220647573471
1702297735564,1890.8775329589844,121.12252682447433
1702297735574,1944.2129516601562,122.36685454845428
1702297735585,1990.5245208740234,112.03227370977402
1702297735597,1992.8437805175781,104.196135699749
1702297735608,1993.011703491211,104.09174412488937
1702297735619,1991.6152954101562,101.03924542665482
1702297735630,1987.2769165039062,112.70740449428558
1702297735641,1993.7462615966797,113.0876961350441
1702297735679,2005.2447509765625,114.2360919713974
1702297735681,2010.6586456298828,112.69316464662552
1702297735686,2002.893295288086,97.91011333465576
1702297735698,2003.0438232421875,90.34915924072266
1702297735708,2006.0160064697266,90.23553818464279
1702297735719,2011.367416381836,100.5551952123642
1702297735731,2015.4048919677734,103.93526941537857
1702297735741,1984.9142456054688,103.23578417301178
1702297735752,1707.8077697753906,75.604218095541
1702297735763,1617.708969116211,56.62260577082634
1702297735775,1492.3722076416016,57.643732130527496
1702297735786,1064.9011993408203,110.22661596536636
1702297735797,979.5948791503906,124.78280067443848
1702297735835,862.9121780395508,143.85301172733307
1702297735836,518.3112716674805,210.90244889259338
1702297735842,433.8571548461914,219.68941926956177
1702297735854,405.1188278198242,217.93952465057373
1702297735863,406.4129066467285,220.06345868110657
1702297735874,404.5779609680176,226.58923029899597
1702297735885,404.29399490356445,225.46087324619293
1702297735896,396.33155822753906,225.365429520607
1702297735907,402.53896713256836,220.56219398975372
1702297735919,393.8187789916992,224.50059950351715
1702297735930,391.6742515563965,225.06770431995392
1702297735940,389.9945259094238,222.34270870685577
1702297735979,381.0723876953125,217.61670470237732
1702297735980,372.0364761352539,211.7936611175537
1702297735986,249.656400680542,235.26050090789795
1702297735997,231.18223190307617,233.47763657569885
1702297736007,226.21456146240234,235.09107112884521
1702297736019,265.13248443603516,253.32852602005005
1702297736030,269.6088409423828,251.9817566871643
1702297736041,271.8624019622803,261.1163306236267
1702297736052,257.51747131347656,250.64598977565765
1702297736063,254.71088409423828,251.492537856102
1702297736074,247.25799560546875,244.80037808418274
1702297736086,235.8049201965332,244.38994646072388
1702297736097,242.15139389038086,256.7479991912842
1702297736130,229.88670349121094,247.58903861045837
1702297736131,229.7752285003662,242.85037994384766
1702297736146,252.8564739227295,252.47584104537964
1702297736153,266.87634468078613,262.60594367980957
1702297736163,293.71500968933105,252.38749980926514
1702297736175,333.4414482116699,242.27676272392273
1702297736186,527.1950721740723,171.5695059299469
1702297736197,566.2320518493652,174.3519276380539
1702297736207,576.4558410644531,178.4810596704483
1702297736218,629.1878890991211,218.31371426582336
1702297736229,627.7849769592285,210.84958791732788
1702297736264,627.1387481689453,205.9591805934906
1702297736265,605.3607368469238,202.278470993042
1702297736280,608.9887809753418,200.4544186592102
1702297736285,616.6903495788574,201.97661519050598
1702297736296,618.5943984985352,212.97022819519043
1702297736307,625.9104537963867,215.63715934753418
1702297736318,616.9850921630859,204.75784063339233
1702297736330,603.2876014709473,191.36166036128998
1702297736341,609.3645858764648,194.73203301429749
1702297736352,697.5544357299805,155.3282368183136
1702297736363,746.2333297729492,158.1821769475937
1702297736374,779.292106628418,155.49533307552338
1702297736410,832.1819305419922,154.581418633461
1702297736411,832.3738479614258,151.9244223833084
1702297736425,854.6337127685547,168.2403802871704
1702297736430,856.4743041992188,173.52910101413727
1702297736441,877.3408126831055,171.84210419654846
1702297736452,1008.7788391113281,155.66640973091125
1702297736463,1038.6713790893555,153.16165566444397
1702297736474,1049.0846252441406,157.05613732337952
1702297736485,1012.9697418212891,167.23184287548065
1702297736496,1013.4115219116211,175.2080136537552
1702297736508,1014.8830032348633,164.39663529396057
1702297736519,1022.9866027832031,175.74897229671478
1702297736530,1017.7236938476562,178.84513199329376
1702297736562,1016.9254684448242,188.8144415616989
1702297736563,1025.5391311645508,181.8258011341095
1702297736578,1028.5736846923828,176.09739661216736
1702297736585,1030.8015823364258,172.38646924495697
1702297736596,1025.2675247192383,180.81350326538086
1702297736607,1027.6609420776367,182.6683795452118
1702297736619,1208.360824584961,152.68300473690033
1702297736629,1290.086441040039,149.1152536869049
1702297736640,1314.8186492919922,150.64742803573608
1702297736652,1458.9077758789062,188.23875904083252
1702297736663,1467.3649597167969,186.04260385036469
1702297736674,1467.5096893310547,174.66429233551025
1702297736711,1469.8749542236328,173.04274141788483
1702297736718,1468.7750244140625,191.1387312412262
1702297736729,1466.8373107910156,191.002357006073
1702297736742,1473.5150146484375,196.9022834300995
1702297736751,1474.1300201416016,192.4263846874237
1702297736763,1485.6307220458984,189.49986934661865
1702297736773,1485.0686645507812,186.85006141662598
1702297736785,1490.5951690673828,196.45084619522095
1702297736796,1481.9214630126953,209.81696963310242
1702297736807,1479.2545318603516,214.11709785461426
1702297736818,1482.5226593017578,198.7171733379364
1702297736830,1484.5525360107422,186.16254150867462
1702297736862,1487.9367065429688,178.91122698783875
1702297736863,1487.2695922851562,199.26519691944122
1702297736877,1496.3002014160156,215.3992259502411
1702297736885,1611.2274169921875,220.65952062606812
1702297736896,1633.2976531982422,217.82989740371704
1702297736907,1636.6101837158203,215.9929597377777
1702297736918,1641.890869140625,207.11093187332153
1702297736929,1643.2762145996094,206.01202011108398
1702297736940,1642.9377746582031,207.7955710887909
1702297736952,1654.6464538574219,212.27827727794647
1702297736963,1663.2759857177734,216.8244069814682
1702297736974,1662.4253845214844,211.60495698451996
1702297736993,1659.2840576171875,214.95131313800812
1702297737014,1657.7040100097656,215.84343194961548
1702297737015,1660.998306274414,222.38351583480835
1702297737018,1665.335922241211,235.17444491386414
1702297737030,1665.3343963623047,229.64502811431885
1702297737040,1677.6642608642578,224.6418821811676
1702297737051,1847.5337982177734,205.28097867965698
1702297737062,1893.1414031982422,199.50882196426392
1702297737073,1906.3359069824219,202.70416975021362
1702297737084,1916.8758392333984,230.48070788383484
1702297737096,1931.2645721435547,224.72930073738098
1702297737106,1922.5948333740234,228.71447324752808
1702297737146,1919.2174530029297,227.71454572677612
1702297737147,1906.5853881835938,235.1885211467743
1702297737151,1898.0538177490234,220.7625389099121
1702297737163,1907.2917938232422,219.60014462471008
1702297737173,1922.4787139892578,233.60288500785828
1702297737185,1913.9742279052734,266.4544200897217
1702297737196,1887.933349609375,285.7226371765137
1702297737205,1858.8720703125,321.77966952323914
1702297737217,1539.4282531738281,688.1257438659668
1702297737229,1524.6541595458984,692.2765803337097
1702297737239,1520.1750946044922,697.8444170951843
1702297737251,1502.020034790039,676.6525197029114
1702297737263,1500.6346130371094,691.1883974075317
1702297737297,1498.204116821289,687.5331902503967
1702297737312,1503.8426208496094,683.9866018295288
1702297737318,1497.1137237548828,692.4616527557373
1702297737329,1502.173843383789,690.0610327720642
1702297737339,1499.791488647461,688.9644384384155
1702297737351,1498.6260986328125,689.828839302063
1702297737362,1496.2017059326172,695.5079770088196
1702297737373,1502.1078491210938,693.4014558792114
1702297737384,1504.4024658203125,695.9614205360413
1702297737396,1513.02001953125,697.7755379676819
1702297737406,1507.1846771240234,698.5288310050964
1702297737426,1511.50146484375,693.0333495140076
1702297737445,1503.8571166992188,687.5527596473694
1702297737451,1500.4283142089844,695.8441758155823
1702297737462,1502.316665649414,699.4297099113464
1702297737474,1505.8187866210938,698.4411549568176
1702297737485,1501.1885833740234,702.1945309638977
1702297737496,1499.4792938232422,699.8008632659912
1702297737506,1497.67822265625,692.5796699523926
1702297737518,1505.2489471435547,691.9941759109497
1702297737529,1502.3776245117188,691.0156631469727
1702297737539,1499.8493194580078,696.5887141227722
1702297737579,1499.0980529785156,697.2476148605347
1702297737580,1503.9647674560547,701.1282563209534
1702297737584,1506.9646453857422,701.1561298370361
1702297737595,1506.9282531738281,708.293080329895
1702297737607,1496.5316772460938,714.6631336212158
1702297737617,1392.2803497314453,750.1903009414673
1702297737628,1378.44482421875,751.0821676254272
1702297737639,1373.3831787109375,745.3084230422974
1702297737651,1394.7843170166016,743.3054780960083
1702297737662,1391.7920684814453,743.085150718689
1702297737672,1393.4596252441406,743.7934255599976
1702297737684,1401.5589904785156,744.494833946228
1702297737695,1406.1251831054688,752.860107421875
1702297737729,1412.8772735595703,757.0294189453125
1702297737730,1406.3481903076172,756.8442392349243
1702297737745,1395.799789428711,762.226939201355
1702297737751,1410.3510284423828,772.707724571228
1702297737762,1413.6840057373047,778.5533094406128
1702297737772,1417.6787567138672,777.6695966720581
1702297737784,1411.1836242675781,766.8092250823975
1702297737795,1413.1005859375,769.9905395507812
1702297737806,1411.7495727539062,776.6597986221313
1702297737817,1388.358154296875,775.3029870986938
1702297737829,1372.8059387207031,761.7762851715088
1702297737864,1371.161880493164,760.2480268478394
1702297737865,1392.3260498046875,769.512505531311
1702297737879,1392.9629516601562,771.6467714309692
1702297737884,1370.1759338378906,770.5356502532959
1702297737896,1368.7555694580078,752.706470489502
1702297737906,1365.510482788086,743.7570333480835
1702297737918,1384.5433044433594,755.6397128105164
1702297737929,1381.4761352539062,759.2626047134399
1702297737940,1385.0875854492188,762.2573232650757
1702297737950,1349.5694732666016,772.4903154373169
1702297737960,1344.8812866210938,807.0458793640137
1702297737971,1351.8864440917969,778.8695526123047
1702297737982,nan,nan
1702297738014,nan,nan
1702297738015,nan,nan
1702297738032,nan,nan
1702297738037,nan,nan
1702297738048,nan,nan
1702297738059,nan,nan
1702297738070,nan,nan
1702297738081,nan,nan
1702297738092,nan,nan
1702297738103,nan,nan
1702297738114,nan,nan
1702297738125,nan,nan
1702297738165,nan,nan
1702297738166,nan,nan
1702297738170,nan,nan
1702297738184,nan,nan
1702297738199,nan,nan
1702297738218,nan,nan
1702297738230,nan,nan
1702297738242,nan,nan
1702297738251,nan,nan
1702297738264,nan,nan
1702297738276,nan,nan
1702297738315,nan,nan
1702297738316,nan,nan
1702297738318,nan,nan
1702297738332,nan,nan
1702297738342,nan,nan
1702297738351,nan,nan
1702297738363,nan,nan
1702297738375,nan,nan
1702297738384,nan,nan
1702297738396,nan,nan
1702297738409,nan,nan
1702297738418,nan,nan
1702297738429,nan,nan
1702297738465,nan,nan
1702297738466,nan,nan
1702297738481,nan,nan
1702297738485,nan,nan
1702297738496,nan,nan
1702297738510,nan,nan
1702297738519,nan,nan
1702297738529,nan,nan
1702297738543,nan,nan
1702297738551,nan,nan
1702297738563,nan,nan
1702297738575,nan,nan
1702297738596,nan,nan
1702297738618,nan,nan
1702297738633,nan,nan
1702297738642,nan,nan
1702297738652,nan,nan
1702297738663,nan,nan
1702297738675,nan,nan
1702297738686,nan,nan
1702297738697,nan,nan
1702297738709,nan,nan
1702297738747,nan,nan
1702297738748,nan,nan
1702297738763,nan,nan
1702297738774,nan,nan
1702297738785,nan,nan
1702297738796,nan,nan
1702297738807,nan,nan
1702297738819,nan,nan
1702297738829,nan,nan
1702297738839,nan,nan
1702297738858,nan,nan
1702297738895,nan,nan
1702297738896,nan,nan
1702297738912,nan,nan
1702297738925,nan,nan
1702297738933,nan,nan
1702297738944,443.02167892456055,234.38150882720947
1702297738955,443.02167892456055,234.38150882720947
1702297738966,443.02167892456055,234.38150882720947
1702297738978,338.06034088134766,189.33588981628418
1702297738989,338.06034088134766,189.33588981628418
1702297739000,338.06034088134766,189.33588981628418
1702297739033,384.80024337768555,289.2185640335083
1702297739034,384.80024337768555,289.2185640335083
1702297739049,377.6436424255371,182.72010326385498
1702297739056,377.6436424255371,182.72010326385498
1702297739068,389.4588279724121,144.63880240917206
1702297739079,389.0388870239258,122.37198829650879
1702297739090,421.62588119506836,191.99026823043823
1702297739101,421.57630920410156,198.25579047203064
1702297739112,417.13443756103516,198.86009216308594
1702297739122,374.9469757080078,153.03364992141724
1702297739164,355.79163551330566,145.07249414920807
1702297739165,401.90990447998047,194.27263498306274
1702297739166,401.90990447998047,194.27263498306274
1702297739184,391.3557815551758,197.7626395225525
1702297739190,395.3167915344238,239.0842044353485
1702297739201,381.7675018310547,215.85997581481934
1702297739212,390.05638122558594,219.36695337295532
1702297739223,408.7577247619629,210.99318265914917
1702297739234,408.1289291381836,208.3725357055664
1702297739245,408.09947967529297,197.8198081254959
1702297739256,396.0055351257324,173.28570663928986
1702297739268,394.32207107543945,161.58915102481842
1702297739279,392.661190032959,166.215580701828
1702297739318,388.3012580871582,157.67618358135223
1702297739319,385.0679397583008,167.24046349525452
1702297739323,347.71531105041504,116.56437546014786
1702297739336,354.12193298339844,99.90454159677029
1702297739345,352.0379829406738,102.38377276808023
1702297739357,395.6237030029297,178.4577190876007
1702297739368,391.8136787414551,180.04709422588348
1702297739379,391.1331558227539,170.74544548988342
1702297739389,375.73543548583984,141.1162680387497
1702297739400,376.52700424194336,139.41732466220856
1702297739412,369.9664783477783,146.84249460697174
1702297739422,334.2852210998535,141.99591994285583
1702297739464,325.85758209228516,135.31596422195435
1702297739467,373.20823669433594,168.475701212883
1702297739479,362.90782928466797,158.71007323265076
1702297739491,393.8264846801758,147.27198600769043
1702297739500,406.0675048828125,141.00000500679016
1702297739512,414.91567611694336,122.20199525356293
1702297739523,439.7517204284668,124.36681151390076
1702297739534,433.6583137512207,123.38429152965546
1702297739545,441.1323928833008,128.01490545272827
1702297739556,438.6874580383301,113.9141196012497
1702297739568,439.60927963256836,111.54605627059937
1702297739578,438.8325309753418,101.62992149591446
1702297739615,436.0359191894531,121.15899682044983
1702297739623,428.0158805847168,123.3374547958374
1702297739634,433.5206413269043,141.64212584495544
1702297739646,455.52412033081055,199.0046203136444
1702297739657,615.5736541748047,449.11967754364014
1702297739667,689.642333984375,522.796483039856
1702297739678,724.777717590332,545.6454491615295
1702297739690,762.2946166992188,552.3091292381287
1702297739701,751.8738555908203,552.4728727340698
1702297739711,756.7591094970703,550.4572248458862
1702297739723,773.3721542358398,553.3477020263672
1702297739734,779.3567657470703,558.9542484283447
1702297739792,782.244873046875,566.0423398017883
1702297739794,784.1654968261719,578.4231376647949
1702297739801,1238.4043502807617,689.7118306159973
1702297739812,1263.1256866455078,702.0402717590332
1702297739834,1298.8941192626953,707.5340580940247
1702297739847,1306.2261199951172,699.8342514038086
1702297739857,1308.7373352050781,697.718095779419
1702297739869,1309.6269226074219,700.979425907135
1702297739878,1306.1954498291016,701.3418245315552
1702297739890,1309.3838500976562,701.152868270874
1702297739901,1311.9255065917969,695.4008388519287
1702297739912,1312.580337524414,712.4348402023315
1702297739923,1316.9161987304688,709.6526169776917
1702297739934,1313.9311981201172,717.6404500007629
1702297739945,1309.956283569336,706.4986395835876
1702297739955,1310.6124877929688,711.0032272338867
1702297739967,1310.4296875,701.5459084510803
1702297740016,1319.1317749023438,703.7066102027893
1702297740019,1312.5727081298828,699.9740481376648
1702297740023,1625.6014251708984,591.4182043075562
1702297740043,1708.7046813964844,572.0051264762878
1702297740045,1799.4805908203125,547.5890421867371
1702297740056,1992.7058410644531,523.1895232200623
1702297740069,2014.3042755126953,517.0407629013062
1702297740078,2010.6256103515625,520.5434489250183
1702297740090,2008.9435577392578,527.4906277656555
1702297740101,2010.1958465576172,534.5552229881287
1702297740112,2008.3138275146484,525.4495096206665
1702297740123,2006.468505859375,530.0899457931519
1702297740134,2006.2679290771484,527.0608520507812
1702297740144,2014.6357727050781,528.9093232154846
1702297740165,2021.8870544433594,519.9254894256592
1702297740191,2027.522201538086,513.9017415046692
1702297740192,2016.6922760009766,517.4093198776245
1702297740207,2012.8255462646484,523.3892297744751
1702297740211,2022.8184509277344,527.4517893791199
1702297740223,2022.459716796875,529.3498492240906
1702297740233,2024.658432006836,516.5944218635559
1702297740244,2018.9505767822266,511.4957785606384
1702297740255,1999.2524719238281,492.8677725791931
1702297740267,2003.3659362792969,489.0936470031738
1702297740278,2004.1252899169922,483.87415409088135
1702297740289,2003.1915283203125,477.96114921569824
1702297740300,1994.241943359375,485.2576160430908
1702297740323,1986.8054962158203,487.4663829803467
1702297740344,1998.9540100097656,488.8532567024231
1702297740345,1998.8956451416016,479.9894142150879
1702297740362,2004.6612548828125,472.7436304092407
1702297740367,2002.8694915771484,482.5874662399292
1702297740379,2001.8777465820312,481.86758279800415
1702297740388,2000.5513000488281,483.45319747924805
1702297740399,2008.735122680664,477.2724437713623
1702297740411,2005.0721740722656,481.60873889923096
1702297740422,1915.6143188476562,501.0450339317322
1702297740433,1846.771011352539,521.003565788269
1702297740444,1776.5350341796875,545.7082986831665
1702297740455,1368.7995147705078,684.2115426063538
1702297740466,1329.2557525634766,705.8812594413757
1702297740515,1326.08642578125,703.5576725006104
1702297740516,1328.5177612304688,705.0999641418457
1702297740522,1321.978988647461,712.3683643341064
1702297740538,1322.1818542480469,713.8134741783142
1702297740544,1323.5282897949219,713.3452463150024
1702297740556,1318.1455993652344,721.2055349349976
1702297740566,1318.5450744628906,724.1386270523071
1702297740577,1319.5880126953125,727.4251914024353
1702297740589,1322.2239685058594,727.5682926177979
1702297740600,1319.7380065917969,758.3439803123474
1702297740609,1317.5273132324219,751.8742561340332
1702297740621,1293.9814758300781,912.3314666748047
1702297740632,1865.8222961425781,966.111946105957
1702297740667,1865.8222961425781,966.111946105957
1702297740668,1865.8222961425781,966.111946105957
1702297740684,nan,nan
1702297740687,nan,nan
1702297740700,nan,nan
1702297740709,nan,nan
1702297740720,nan,nan
1702297740730,nan,nan
1702297740741,nan,nan
1702297740752,nan,nan
1702297740764,nan,nan
1702297740799,nan,nan
1702297740814,nan,nan
1702297740834,nan,nan
1702297740846,nan,nan
1702297740854,nan,nan
1702297740866,nan,nan
1702297740879,nan,nan
1702297740888,nan,nan
1702297740900,nan,nan
1702297740912,nan,nan
1702297740950,nan,nan
1702297740954,nan,nan
1702297740967,nan,nan
1702297740981,nan,nan
1702297740988,nan,nan
1702297740999,nan,nan
1702297741013,nan,nan
1702297741021,nan,nan
1702297741033,nan,nan
1702297741046,nan,nan
1702297741054,nan,nan
1702297741066,nan,nan
1702297741098,nan,nan
1702297741099,nan,nan
1702297741115,nan,nan
1702297741120,nan,nan
1702297741133,nan,nan
1702297741146,nan,nan
1702297741154,nan,nan
1702297741166,nan,nan
1702297741178,nan,nan
1702297741188,nan,nan
1702297741200,nan,nan
1702297741232,nan,nan
1702297741233,nan,nan
1702297741246,nan,nan
1702297741253,nan,nan
1702297741266,nan,nan
1702297741278,nan,nan
1702297741286,nan,nan
1702297741298,nan,nan
1702297741311,nan,nan
1702297741320,nan,nan
1702297741333,nan,nan
1702297741345,nan,nan
1702297741362,nan,nan
1702297741381,nan,nan
1702297741382,nan,nan
1702297741387,nan,nan
1702297741399,nan,nan
1702297741413,nan,nan
1702297741421,nan,nan
1702297741431,nan,nan
1702297741445,nan,nan
1702297741453,nan,nan
1702297741465,nan,nan
1702297741478,nan,nan
1702297741516,nan,nan
1702297741517,nan,nan
1702297741520,nan,nan
1702297741532,nan,nan
1702297741544,nan,nan
1702297741553,nan,nan
1702297741565,nan,nan
1702297741578,nan,nan
1702297741587,nan,nan
1702297741598,nan,nan
1702297741611,nan,nan
1702297741620,nan,nan
1702297741632,nan,nan
1702297741666,nan,nan
1702297741667,nan,nan
1702297741682,nan,nan
1702297741687,nan,nan
1702297741701,nan,nan
1702297741711,nan,nan
1702297741720,nan,nan
1702297741732,nan,nan
1702297741745,nan,nan
1702297741754,nan,nan
1702297741765,nan,nan
1702297741778,nan,nan
1702297741797,nan,nan
1702297741819,nan,nan
1702297741820,nan,nan
1702297741839,nan,nan
1702297741843,nan,nan
1702297741853,nan,nan
1702297741865,nan,nan
1702297741877,nan,nan
1702297741886,nan,nan
1702297741898,nan,nan
1702297741911,nan,nan
1702297741919,nan,nan
1702297741931,nan,nan
1702297741968,nan,nan
1702297741969,nan,nan
1702297741984,nan,nan
1702297741986,nan,nan
1702297741999,nan,nan
1702297742011,nan,nan
1702297742020,nan,nan
1702297742031,nan,nan
1702297742044,nan,nan
1702297742053,nan,nan
1702297742065,nan,nan
1702297742099,nan,nan
1702297742100,nan,nan
1702297742117,nan,nan
1702297742120,nan,nan
1702297742133,nan,nan
1702297742144,nan,nan
1702297742153,nan,nan
1702297742165,nan,nan
1702297742177,nan,nan
1702297742186,nan,nan
1702297742198,nan,nan
1702297742210,nan,nan
1702297742248,nan,nan
1702297742253,nan,nan
1702297742264,nan,nan
1702297742278,nan,nan
1702297742286,nan,nan
1702297742298,nan,nan
1702297742310,nan,nan
1702297742319,nan,nan
1702297742331,nan,nan
1702297742343,nan,nan
1702297742353,nan,nan
1702297742365,nan,nan
1702297742400,nan,nan
1702297742401,nan,nan
1702297742417,nan,nan
1702297742420,nan,nan
1702297742432,nan,nan
1702297742444,nan,nan
1702297742453,nan,nan
1702297742465,nan,nan
1702297742477,nan,nan
1702297742487,nan,nan
1702297742498,nan,nan
1702297742531,nan,nan
1702297742532,nan,nan
1702297742546,nan,nan
1702297742552,nan,nan
1702297742564,nan,nan
1702297742576,nan,nan
1702297742586,nan,nan
1702297742597,nan,nan
1702297742610,nan,nan
1702297742619,nan,nan
1702297742631,nan,nan
1702297742644,nan,nan
1702297742683,nan,nan
1702297742686,nan,nan
1702297742698,nan,nan
1702297742712,nan,nan
1702297742720,nan,nan
1702297742731,nan,nan
1702297742744,nan,nan
1702297742753,nan,nan
1702297742765,nan,nan
1702297742777,nan,nan
1702297742787,nan,nan
1702297742798,nan,nan
1702297742832,nan,nan
1702297742833,nan,nan
1702297742847,nan,nan
1702297742854,nan,nan
1702297742865,nan,nan
1702297742877,nan,nan
1702297742887,nan,nan
1702297742898,nan,nan
1702297742911,nan,nan
1702297742919,nan,nan
1702297742931,nan,nan
1702297742967,nan,nan
1702297742968,nan,nan
1702297742983,nan,nan
1702297742986,nan,nan
1702297742998,nan,nan
1702297743010,nan,nan
1702297743019,nan,nan
1702297743031,nan,nan
1702297743043,nan,nan
1702297743053,nan,nan
1702297743065,nan,nan
1702297743077,nan,nan
1702297743092,nan,nan
1702297743118,nan,nan
1702297743133,nan,nan
1702297743142,nan,nan
1702297743153,nan,nan
1702297743165,nan,nan
1702297743176,nan,nan
1702297743187,nan,nan
1702297743198,nan,nan
1702297743210,1612.1476745605469,975.1712036132812
1702297743250,1612.1476745605469,975.1712036132812
1702297743251,1717.7838134765625,924.0142250061035
1702297743254,1717.7838134765625,924.0142250061035
1702297743266,1717.7838134765625,924.0142250061035
1702297743276,nan,nan
1702297743287,nan,nan
1702297743297,nan,nan
1702297743309,nan,nan
1702297743320,nan,nan
1702297743331,1220.7313537597656,640.7342863082886
1702297743343,1267.2512817382812,676.5384292602539
1702297743382,1283.1474304199219,642.3052024841309
1702297743389,1289.4584655761719,646.5602588653564
1702297743400,1297.633056640625,699.2161846160889
1702297743411,1299.0967559814453,699.0044832229614
1702297743423,1297.1932983398438,688.4617066383362
1702297743434,1296.754150390625,700.6652641296387
1702297743444,1294.0762329101562,701.3331341743469
1702297743456,1301.1042022705078,706.763105392456
1702297743468,1299.887924194336,696.9149780273438
1702297743478,1302.526626586914,695.2544975280762
1702297743489,1293.602066040039,696.1507844924927
1702297743500,1291.9124603271484,699.0602517127991
1702297743532,1291.8744277954102,698.2977533340454
1702297743533,1304.3482971191406,701.8296217918396
1702297743547,1303.2571411132812,706.7761945724487
1702297743556,1300.6541442871094,713.428008556366
1702297743567,1296.4735412597656,706.0275149345398
1702297743577,1319.3852996826172,697.0728850364685
1702297743589,1690.3273010253906,582.0993947982788
1702297743600,1834.4073486328125,532.7836775779724
1702297743611,1894.046859741211,511.99891805648804
1702297743623,2096.3690185546875,459.80255126953125
1702297743634,2114.500198364258,458.3534288406372
1702297743665,2113.0723571777344,460.5174779891968
1702297743666,2122.4222564697266,465.25601863861084
1702297743667,2129.3930053710938,460.4649066925049
1702297743683,2131.6098022460938,461.1221981048584
1702297743690,2131.346664428711,452.70403146743774
1702297743701,2126.161880493164,464.62241649627686
1702297743711,2127.061309814453,459.4618248939514
1702297743723,2123.130645751953,471.99559450149536
1702297743733,2118.4613037109375,470.6329894065857
1702297743744,2117.727279663086,473.60004901885986
1702297743755,2125.576629638672,469.5459222793579
1702297743767,2126.768798828125,469.32443618774414
1702297743801,2124.7643280029297,469.5946741104126
1702297743802,2116.770782470703,473.7982106208801
1702297743816,2123.4254455566406,465.0302839279175
1702297743823,2119.2791748046875,465.8024597167969
1702297743835,2121.089401245117,467.538685798645
1702297743844,2115.123748779297,471.10130310058594
1702297743856,2124.4537353515625,478.72995615005493
1702297743867,2197.6451110839844,521.0831952095032
1702297743877,2204.840087890625,521.2076711654663
1702297743888,2432.4668884277344,708.3955836296082
1702297743898,nan,nan
1702297743909,nan,nan
1702297743930,nan,nan
1702297743951,nan,nan
1702297743954,nan,nan
1702297743966,nan,nan
1702297743975,nan,nan
1702297743986,nan,nan
1702297743997,nan,nan
1702297744008,nan,nan
1702297744019,nan,nan
1702297744031,nan,nan
1702297744042,nan,nan
1702297744084,nan,nan
1702297744101,nan,nan
1702297744114,nan,nan
1702297744123,nan,nan
1702297744134,nan,nan
1702297744147,nan,nan
1702297744156,nan,nan
1702297744168,nan,nan
1702297744180,nan,nan
1702297744190,nan,nan
1702297744201,nan,nan
1702297744235,nan,nan
1702297744236,nan,nan
1702297744250,nan,nan
1702297744256,nan,nan
1702297744268,nan,nan
1702297744280,nan,nan
1702297744288,nan,nan
1702297744300,nan,nan
1702297744313,nan,nan
1702297744322,nan,nan
1702297744333,nan,nan
1702297744346,nan,nan
1702297744363,nan,nan
1702297744382,nan,nan
1702297744383,nan,nan
1702297744389,nan,nan
1702297744400,nan,nan
1702297744414,nan,nan
1702297744422,nan,nan
1702297744434,nan,nan
1702297744446,nan,nan
1702297744456,nan,nan
1702297744467,nan,nan
1702297744480,nan,nan
1702297744519,nan,nan
1702297744520,nan,nan
1702297744523,nan,nan
1702297744534,nan,nan
1702297744547,nan,nan
1702297744556,nan,nan
1702297744567,nan,nan
1702297744580,nan,nan
1702297744590,nan,nan
1702297744601,nan,nan
1702297744613,nan,nan
1702297744650,nan,nan
1702297744651,nan,nan
1702297744656,nan,nan
1702297744667,nan,nan
1702297744680,nan,nan
1702297744689,nan,nan
1702297744700,nan,nan
1702297744712,nan,nan
1702297744722,nan,nan
1702297744734,nan,nan
1702297744746,nan,nan
1702297744755,nan,nan
1702297744767,nan,nan
1702297744802,nan,nan
1702297744818,nan,nan
1702297744822,nan,nan
1702297744834,nan,nan
1702297744846,nan,nan
1702297744855,nan,nan
1702297744867,nan,nan
1702297744879,nan,nan
1702297744888,nan,nan
1702297744900,nan,nan
1702297744934,nan,nan
1702297744951,nan,nan
1702297744955,nan,nan
1702297744969,nan,nan
1702297744980,nan,nan
1702297744989,nan,nan
1702297745000,nan,nan
1702297745013,nan,nan
1702297745022,nan,nan
1702297745034,nan,nan
1702297745047,nan,nan
1702297745087,nan,nan
1702297745088,nan,nan
1702297745089,nan,nan
1702297745104,nan,nan
1702297745113,nan,nan
1702297745122,nan,nan
1702297745133,nan,nan
1702297745145,nan,nan
1702297745155,nan,nan
1702297745166,nan,nan
1702297745178,nan,nan
1702297745188,nan,nan
1702297745200,nan,nan
1702297745237,nan,nan
1702297745238,nan,nan
1702297745254,nan,nan
1702297745255,nan,nan
1702297745268,nan,nan
1702297745278,nan,nan
1702297745288,nan,nan
1702297745300,nan,nan
1702297745312,nan,nan
1702297745322,nan,nan
1702297745333,nan,nan
1702297745368,nan,nan
1702297745383,nan,nan
1702297745389,nan,nan
1702297745402,nan,nan
1702297745412,nan,nan
1702297745423,nan,nan
1702297745434,nan,nan
1702297745445,nan,nan
1702297745456,nan,nan
1702297745466,nan,nan
1702297745483,nan,nan
1702297745519,nan,nan
1702297745524,nan,nan
1702297745535,nan,nan
1702297745548,1265.0800323486328,456.9738721847534
1702297745558,1265.0800323486328,456.9738721847534
1702297745569,1265.0800323486328,456.9738721847534
1702297745581,1196.3768005371094,538.6744737625122
1702297745592,1196.3768005371094,538.6744737625122
1702297745603,1196.3768005371094,538.6744737625122
1702297745614,1138.6173248291016,410.3050231933594
1702297745625,1138.6173248291016,410.3050231933594
1702297745636,1138.6173248291016,410.3050231933594
1702297745672,1221.1299133300781,533.9673042297363
1702297745681,nan,nan
1702297745693,1263.8846588134766,469.6576738357544
1702297745704,1263.8846588134766,469.6576738357544
1702297745715,1237.7064514160156,495.44646978378296
1702297745726,1259.7247314453125,480.75358629226685
1702297745736,1259.7247314453125,480.75358629226685
1702297745749,1259.3992614746094,471.77661895751953
1702297745760,1265.3187561035156,460.31227827072144
1702297745770,1269.5018005371094,459.69820261001587
1702297745782,1265.9003829956055,471.56017541885376
1702297745823,1248.448600769043,459.39517736434937
1702297745827,1245.9661483764648,455.2998733520508
1702297745840,1246.146011352539,447.348153591156
1702297745849,1246.191177368164,451.033251285553
1702297745860,1263.574333190918,437.931067943573
1702297745871,1264.0692520141602,436.5845775604248
1702297745882,1266.5046691894531,434.79509353637695
1702297745893,1270.114517211914,429.72187757492065
1702297745904,1267.2864532470703,435.7961368560791
1702297745916,1264.6945571899414,438.36127281188965
1702297745927,1261.1231231689453,443.33014011383057
1702297745969,1262.2736740112305,443.4747648239136
1702297745970,1274.762954711914,442.6252555847168
1702297745971,1615.003433227539,470.8467721939087
1702297745985,1757.6268005371094,470.8197569847107
1702297745994,1990.374984741211,559.5322966575623
1702297746005,2011.8619537353516,567.9125475883484
1702297746016,2024.554214477539,570.2694582939148
1702297746027,2067.9532623291016,533.8311553001404
1702297746038,2072.6016998291016,524.8647451400757
1702297746049,2068.5950469970703,523.5745811462402
1702297746060,2085.5565643310547,517.2654891014099
1702297746071,2086.0617065429688,522.0601415634155
1702297746082,2091.6736602783203,523.8927984237671
1702297746118,2097.112274169922,509.06078338623047
1702297746134,2090.7603454589844,512.8147172927856
1702297746138,2092.2840881347656,512.172167301178
1702297746151,2098.2213592529297,511.38022899627686
1702297746160,2101.7940521240234,495.9434509277344
1702297746172,2100.5745697021484,490.69979667663574
1702297746182,2097.920913696289,488.82988929748535
1702297746193,2090.764617919922,512.0553517341614
1702297746204,2083.1409454345703,529.5403504371643
1702297746216,2085.2130126953125,528.7766289710999
1702297746226,2095.017852783203,513.799409866333
1702297746261,2056.0982513427734,512.3689770698547
1702297746262,1951.7212677001953,537.5060820579529
1702297746278,1445.8430480957031,638.2387375831604
1702297746282,1387.1493530273438,663.7528538703918
1702297746295,1310.0542449951172,687.4868845939636
1702297746305,1310.8831024169922,684.8369479179382
1702297746315,1304.8282623291016,686.4541912078857
1702297746326,1301.0099029541016,690.1805090904236
1702297746337,1304.9459838867188,692.3451590538025
1702297746349,1309.073257446289,682.7225303649902
1702297746360,1320.7779693603516,688.1685519218445
1702297746371,1318.1625366210938,691.5711379051208
1702297746404,1323.4183502197266,699.2582845687866
1702297746405,1322.8282928466797,701.0599994659424
1702297746422,1327.0564270019531,703.0866765975952
1702297746426,1399.1057586669922,727.2907590866089
1702297746437,1492.2604370117188,723.3785319328308
1702297746447,1492.2604370117188,723.3785319328308
1702297746458,2306.4939880371094,848.8638782501221
1702297746469,nan,nan
1702297746480,nan,nan
1702297746491,nan,nan
1702297746502,nan,nan
1702297746513,nan,nan
1702297746534,nan,nan
1702297746554,nan,nan
1702297746555,nan,nan
1702297746556,nan,nan
1702297746572,nan,nan
1702297746579,nan,nan
1702297746590,nan,nan
1702297746600,nan,nan
1702297746617,nan,nan
1702297746637,nan,nan
1702297746649,nan,nan
1702297746659,nan,nan
1702297746670,nan,nan
1702297746702,nan,nan
1702297746703,nan,nan
1702297746718,nan,nan
1702297746725,nan,nan
1702297746737,nan,nan
1702297746749,nan,nan
1702297746758,nan,nan
1702297746770,nan,nan
1702297746783,nan,nan
1702297746791,nan,nan
1702297746803,nan,nan
1702297746816,nan,nan
1702297746851,nan,nan
1702297746858,nan,nan
1702297746869,nan,nan
1702297746883,nan,nan
1702297746891,nan,nan
1702297746903,nan,nan
1702297746916,nan,nan
1702297746924,nan,nan
1702297746937,nan,nan
1702297746950,nan,nan
1702297746986,nan,nan
1702297746991,nan,nan
1702297747003,nan,nan
1702297747018,nan,nan
1702297747024,nan,nan
1702297747036,nan,nan
1702297747050,nan,nan
1702297747058,nan,nan
1702297747070,nan,nan
1702297747083,nan,nan
1702297747120,nan,nan
1702297747125,nan,nan
1702297747136,nan,nan
1702297747151,nan,nan
1702297747158,nan,nan
1702297747170,nan,nan
1702297747182,nan,nan
1702297747191,nan,nan
1702297747203,nan,nan
1702297747214,nan,nan
1702297747224,nan,nan
1702297747236,nan,nan
1702297747267,nan,nan
1702297747268,nan,nan
1702297747269,nan,nan
1702297747284,nan,nan
1702297747291,nan,nan
1702297747302,nan,nan
1702297747315,nan,nan
1702297747324,nan,nan
1702297747336,nan,nan
1702297747348,nan,nan
1702297747357,nan,nan
1702297747369,nan,nan
1702297747401,nan,nan
1702297747402,nan,nan
1702297747417,nan,nan
1702297747424,nan,nan
1702297747436,nan,nan
1702297747449,nan,nan
1702297747457,nan,nan
1702297747469,nan,nan
1702297747482,nan,nan
1702297747491,nan,nan
1702297747503,nan,nan
1702297747538,nan,nan
1702297747539,nan,nan
1702297747556,nan,nan
1702297747558,nan,nan
1702297747571,nan,nan
1702297747582,nan,nan
1702297747591,nan,nan
1702297747602,nan,nan
1702297747615,nan,nan
1702297747624,nan,nan
1702297747636,nan,nan
1702297747648,nan,nan
1702297747657,nan,nan
1702297747689,nan,nan
1702297747691,nan,nan
1702297747705,nan,nan
1702297747715,nan,nan
1702297747724,nan,nan
1702297747735,nan,nan
1702297747749,nan,nan
1702297747757,nan,nan
1702297747769,nan,nan
1702297747781,nan,nan
1702297747818,nan,nan
1702297747819,nan,nan
1702297747824,nan,nan
1702297747836,nan,nan
1702297747849,nan,nan
1702297747857,nan,nan
1702297747869,nan,nan
1702297747882,nan,nan
1702297747891,nan,nan
1702297747902,nan,nan
1702297747915,nan,nan
1702297747924,nan,nan
1702297747936,nan,nan
1702297747968,nan,nan
1702297747969,nan,nan
1702297747984,nan,nan
1702297747990,nan,nan
1702297748002,nan,nan
1702297748015,nan,nan
1702297748024,nan,nan
1702297748036,nan,nan
1702297748048,nan,nan
1702297748057,nan,nan
1702297748069,nan,nan
1702297748105,nan,nan
1702297748106,nan,nan
1702297748121,nan,nan
1702297748124,nan,nan
1702297748136,nan,nan
1702297748148,nan,nan
1702297748157,nan,nan
1702297748169,nan,nan
1702297748182,nan,nan
1702297748191,nan,nan
1702297748202,nan,nan
1702297748215,nan,nan
1702297748224,nan,nan
1702297748256,nan,nan
1702297748258,nan,nan
1702297748274,nan,nan
1702297748280,nan,nan
1702297748292,nan,nan
1702297748302,nan,nan
1702297748315,nan,nan
1702297748324,nan,nan
1702297748336,nan,nan
1702297748348,nan,nan
1702297748386,nan,nan
1702297748390,nan,nan
1702297748402,nan,nan
1702297748415,nan,nan
1702297748424,nan,nan
1702297748435,nan,nan
1702297748447,nan,nan
1702297748457,nan,nan
1702297748469,nan,nan
1702297748481,nan,nan
1702297748491,nan,nan
1702297748503,nan,nan
1702297748537,nan,nan
1702297748553,nan,nan
1702297748557,nan,nan
1702297748570,nan,nan
1702297748581,nan,nan
1702297748590,nan,nan
1702297748602,nan,nan
1702297748614,nan,nan
1702297748624,nan,nan
1702297748635,nan,nan
1702297748673,nan,nan
1702297748680,nan,nan
1702297748690,nan,nan
1702297748703,nan,nan
1702297748714,nan,nan
1702297748723,nan,nan
1702297748735,nan,nan
1702297748747,nan,nan
1702297748757,nan,nan
1702297748768,nan,nan
1702297748780,nan,nan
1702297748790,nan,nan
1702297748821,nan,nan
1702297748822,nan,nan
1702297748823,nan,nan
1702297748837,nan,nan
1702297748847,nan,nan
1702297748857,nan,nan
1702297748868,nan,nan
1702297748881,nan,nan
1702297748890,nan,nan
1702297748902,nan,nan
1702297748914,nan,nan
1702297748924,nan,nan
1702297748957,nan,nan
1702297748958,nan,nan
1702297748974,nan,nan
1702297748981,nan,nan
1702297748991,nan,nan
1702297749002,nan,nan
1702297749014,nan,nan
1702297749024,nan,nan
1702297749035,nan,nan
1702297749047,nan,nan
1702297749063,nan,nan
1702297749087,nan,nan
1702297749088,nan,nan
1702297749089,nan,nan
1702297749103,nan,nan
1702297749113,nan,nan
1702297749123,nan,nan
1702297749135,nan,nan
1702297749147,nan,nan
1702297749156,nan,nan
1702297749169,nan,nan
1702297749180,nan,nan
1702297749190,nan,nan
1702297749202,nan,nan
1702297749238,nan,nan
1702297749253,nan,nan
1702297749256,nan,nan
1702297749270,nan,nan
1702297749280,nan,nan
1702297749290,nan,nan
1702297749302,nan,nan
1702297749314,nan,nan
1702297749323,nan,nan
1702297749335,nan,nan
1702297749372,nan,nan
1702297749373,nan,nan
1702297749389,nan,nan
1702297749390,nan,nan
1702297749403,nan,nan
1702297749414,nan,nan
1702297749424,nan,nan
1702297749436,nan,nan
1702297749446,nan,nan
1702297749456,nan,nan
1702297749468,nan,nan
1702297749480,nan,nan
1702297749489,nan,nan
1702297749521,nan,nan
1702297749523,nan,nan
1702297749539,nan,nan
1702297749547,nan,nan
1702297749556,nan,nan
1702297749568,nan,nan
1702297749580,nan,nan
1702297749589,nan,nan
1702297749602,nan,nan
1702297749613,nan,nan
1702297749623,nan,nan
1702297749635,nan,nan
1702297749654,nan,nan
1702297749674,nan,nan
1702297749675,nan,nan
1702297749679,nan,nan
1702297749691,nan,nan
1702297749701,nan,nan
1702297749713,nan,nan
1702297749723,nan,nan
1702297749735,nan,nan
1702297749746,nan,nan
1702297749756,nan,nan
1702297749768,nan,nan
1702297749806,nan,nan
1702297749821,nan,nan
1702297749823,nan,nan
1702297749836,nan,nan
1702297749847,nan,nan
1702297749856,nan,nan
1702297749868,nan,nan
1702297749880,nan,nan
1702297749890,nan,nan
1702297749901,nan,nan
1702297749914,nan,nan
1702297749923,nan,nan
1702297749955,nan,nan
1702297749957,nan,nan
1702297749971,nan,nan
1702297749981,nan,nan
1702297749990,nan,nan
1702297750001,nan,nan
1702297750014,nan,nan
1702297750023,nan,nan
1702297750034,nan,nan
1702297750046,nan,nan
1702297750056,nan,nan
1702297750089,nan,nan
1702297750090,nan,nan
1702297750106,nan,nan
1702297750113,nan,nan
1702297750124,nan,nan
1702297750134,nan,nan
1702297750147,nan,nan
1702297750157,nan,nan
1702297750168,nan,nan
1702297750189,nan,nan
1702297750221,nan,nan
1702297750222,nan,nan
1702297750223,nan,nan
1702297750236,nan,nan
1702297750246,nan,nan
1702297750257,nan,nan
1702297750268,nan,nan
1702297750278,nan,nan
1702297750297,nan,nan
1702297750318,nan,nan
1702297750354,nan,nan
1702297750355,nan,nan
1702297750359,nan,nan
1702297750370,nan,nan
1702297750383,1463.7272644042969,683.2555389404297
1702297750392,1463.7272644042969,683.2555389404297
1702297750404,1463.7272644042969,683.2555389404297
1702297750415,1537.0967102050781,664.950213432312
1702297750426,1547.2019958496094,554.0391111373901
1702297750436,1547.2019958496094,554.0391111373901
1702297750448,1537.5248718261719,547.5088548660278
1702297750489,1564.6583557128906,528.4419107437134
1702297750494,1311.5520477294922,697.1558833122253
1702297750505,1317.253189086914,699.2553877830505
1702297750516,1332.3619842529297,688.0577230453491
1702297750527,1323.426513671875,706.770293712616
1702297750539,1323.9051818847656,708.9074778556824
1702297750550,1311.9129943847656,714.250910282135
1702297750561,1296.4337158203125,694.7269177436829
1702297750572,1293.8817596435547,691.1920881271362
1702297750583,1296.3856506347656,688.327488899231
1702297750594,1304.719009399414,684.958119392395
1702297750606,1305.4595184326172,679.9047303199768
1702297750650,1304.1921997070312,680.4534673690796
1702297750651,1312.1488189697266,695.7930421829224
1702297750671,1309.568862915039,681.0088992118835
1702297750672,1307.0311737060547,684.4189524650574
1702297750684,1303.8815307617188,685.830888748169
1702297750694,1297.0076370239258,689.6067523956299
1702297750705,1297.4478912353516,685.8127570152283
1702297750717,1293.49365234375,684.7846984863281
1702297750728,1308.4061431884766,684.1417193412781
1702297750739,1309.2432403564453,691.2769961357117
1702297750750,1306.115951538086,695.2349495887756
1702297750761,1298.774642944336,699.8234581947327
1702297750801,1295.5925750732422,698.7788987159729
1702297750803,1303.4673309326172,696.9094848632812
1702297750806,1297.048110961914,691.7123293876648
1702297750823,1292.2557830810547,692.7679181098938
1702297750828,1293.4785079956055,688.3508348464966
1702297750838,1295.3894805908203,681.9852232933044
1702297750849,1294.6837615966797,679.1809415817261
1702297750860,1293.4844970703125,679.0864634513855
1702297750871,1298.4489059448242,678.7135934829712
1702297750883,1298.8127136230469,677.0701503753662
1702297750894,1292.097053527832,671.7173838615417
1702297750905,1291.80419921875,672.6160311698914
1702297750935,1293.7615966796875,676.8524837493896
1702297750939,1373.0805969238281,682.8135323524475
1702297750950,1423.3570861816406,698.1870317459106
1702297750962,1547.8429412841797,743.911657333374
1702297750972,1545.5694580078125,747.9418802261353
1702297750983,1543.8944244384766,748.6365938186646
1702297750994,1561.033935546875,750.6813812255859
1702297751006,1562.4752044677734,747.0167112350464
1702297751017,1562.227783203125,738.810567855835
1702297751028,1559.0479278564453,741.7205715179443
1702297751039,1558.9456939697266,742.7002859115601
1702297751071,1558.6217498779297,746.8482255935669
1702297751072,1549.0032958984375,745.1683902740479
1702297751087,1554.5556640625,741.349310874939
1702297751093,1560.2327728271484,749.1790866851807
1702297751105,1563.0640411376953,752.817234992981
1702297751116,1559.930648803711,760.6657218933105
1702297751127,1676.1962127685547,778.4780359268188
1702297751138,1730.4976654052734,786.9098281860352
1702297751149,1816.3298797607422,790.8316040039062
1702297751161,1955.738525390625,812.041654586792
1702297751172,1962.4250793457031,809.0159940719604
1702297751210,1956.824722290039,808.0248641967773
1702297751211,1951.8099975585938,814.6556282043457
1702297751216,1958.4981536865234,812.2984600067139
1702297751237,1965.9353637695312,816.4991855621338
1702297751238,1964.866943359375,813.3703565597534
1702297751251,1963.4211730957031,817.0148134231567
1702297751261,1959.1857147216797,811.4813947677612
1702297751272,1965.3722381591797,819.297308921814
1702297751283,1961.556167602539,817.8050994873047
1702297751294,1970.8314514160156,820.0858354568481
1702297751305,1970.903549194336,814.9432897567749
1702297751316,1953.6140441894531,812.1351671218872
1702297751327,1917.1978759765625,809.4463920593262
1702297751338,1914.1316223144531,819.5205545425415
1702297751378,1925.2354431152344,819.2353820800781
1702297751382,1931.2406158447266,811.374020576477
1702297751398,1929.4895935058594,823.429970741272
1702297751405,1928.4219360351562,818.1988477706909
1702297751416,1921.4163970947266,822.2569227218628
1702297751427,1920.3034210205078,814.6805191040039
1702297751438,1924.1045379638672,816.5686655044556
1702297751449,1922.6306915283203,819.0538930892944
1702297751460,1922.6930236816406,818.1763172149658
1702297751471,1920.4817962646484,830.2683591842651
1702297751483,1932.1895599365234,822.2493696212769
1702297751494,1931.683120727539,828.688473701477
1702297751526,1921.6693878173828,817.5441312789917
1702297751527,1871.8938446044922,811.4478349685669
1702297751543,1874.7274017333984,810.5641222000122
1702297751550,1882.4385833740234,813.0071210861206
1702297751560,1863.562240600586,834.7457599639893
1702297751571,1864.4539642333984,844.1605710983276
1702297751582,1867.4156188964844,844.8879861831665
1702297751593,1870.7402038574219,843.3787822723389
1702297751604,1864.5687103271484,838.0322599411011
1702297751615,1862.9518127441406,837.1673440933228
1702297751627,1866.8940734863281,827.7425336837769
1702297751639,1869.9688720703125,824.4629430770874
1702297751673,1872.5410461425781,821.472430229187
1702297751681,1870.7624053955078,824.569501876831
1702297751692,1847.6661682128906,835.0338935852051
1702297751705,2032.1249389648438,1116.5392398834229
1702297751714,2032.1249389648438,1116.5392398834229
1702297751725,2032.1249389648438,1116.5392398834229
1702297751736,nan,nan
1702297751747,nan,nan
1702297751758,nan,nan
1702297751768,nan,nan
1702297751813,nan,nan
1702297751815,nan,nan
1702297751829,nan,nan
1702297751843,nan,nan
1702297751860,nan,nan
1702297751872,nan,nan
1702297751885,nan,nan
1702297751894,nan,nan
1702297751904,nan,nan
1702297751917,nan,nan
1702297751956,nan,nan
1702297751957,nan,nan
1702297751960,nan,nan
1702297751972,nan,nan
1702297751986,nan,nan
1702297751994,nan,nan
1702297752005,nan,nan
1702297752017,nan,nan
1702297752027,nan,nan
1702297752038,nan,nan
1702297752051,nan,nan
1702297752060,nan,nan
1702297752072,nan,nan
1702297752113,nan,nan
1702297752114,nan,nan
1702297752116,nan,nan
1702297752129,nan,nan
1702297752138,nan,nan
1702297752150,nan,nan
1702297752159,nan,nan
1702297752171,nan,nan
1702297752183,nan,nan
1702297752193,nan,nan
1702297752204,nan,nan
1702297752217,nan,nan
1702297752226,nan,nan
1702297752259,nan,nan
1702297752261,nan,nan
1702297752276,nan,nan
1702297752283,nan,nan
1702297752293,nan,nan
1702297752304,nan,nan
1702297752317,nan,nan
1702297752326,nan,nan
1702297752338,nan,nan
1702297752350,nan,nan
1702297752360,nan,nan
1702297752372,nan,nan
1702297752409,nan,nan
1702297752424,nan,nan
1702297752427,nan,nan
1702297752439,nan,nan
1702297752451,nan,nan
1702297752460,nan,nan
1702297752471,nan,nan
1702297752483,nan,nan
1702297752493,nan,nan
1702297752504,nan,nan
1702297752543,nan,nan
1702297752550,nan,nan
1702297752561,nan,nan
1702297752571,nan,nan
1702297752583,nan,nan
1702297752593,nan,nan
1702297752604,nan,nan
1702297752617,nan,nan
1702297752626,nan,nan
1702297752638,nan,nan
1702297752675,nan,nan
1702297752676,nan,nan
1702297752690,nan,nan
1702297752693,nan,nan
1702297752706,nan,nan
1702297752717,nan,nan
1702297752726,nan,nan
1702297752738,nan,nan
1702297752750,nan,nan
1702297752759,nan,nan
1702297752772,nan,nan
1702297752792,nan,nan
1702297752830,nan,nan
1702297752831,nan,nan
1702297752844,nan,nan
1702297752850,1566.173095703125,1002.478837966919
1702297752862,1566.173095703125,1002.478837966919
1702297752872,1566.173095703125,1002.478837966919
1702297752883,1570.3399658203125,972.4229907989502
1702297752894,1570.3399658203125,972.4229907989502
1702297752905,1570.3399658203125,972.4229907989502
1702297752917,1565.7987976074219,1039.4633674621582
1702297752960,1565.7987976074219,1039.4633674621582
1702297752961,1543.2096862792969,755.6759548187256
1702297752975,1543.2096862792969,755.6759548187256
1702297752984,1522.2549438476562,763.7302207946777
1702297752995,1450.9007263183594,759.4378280639648
1702297753016,1450.9007263183594,759.4378280639648
1702297753017,1464.4183349609375,764.2464923858643
1702297753028,1453.6924743652344,738.0304527282715
1702297753039,1453.2606506347656,738.6377048492432
1702297753051,1441.981201171875,729.2080020904541
1702297753062,1440.6881713867188,739.9830150604248
1702297753073,1440.218505859375,736.210241317749
1702297753113,1448.0812072753906,741.2698745727539
1702297753114,1454.1813659667969,745.2308750152588
1702297753117,1478.3839416503906,772.7184963226318
1702297753129,1460.7186889648438,766.8354892730713
1702297753142,1437.9901123046875,744.0987682342529
1702297753151,1423.6233520507812,749.2148780822754
1702297753162,1402.8108215332031,755.3316879272461
1702297753173,1399.6150207519531,757.1983337402344
1702297753184,1395.3594970703125,747.4719142913818
1702297753195,1397.567138671875,732.405195236206
1702297753207,1397.9173278808594,727.7268218994141
1702297753248,1394.1259765625,734.1822338104248
1702297753249,1388.8278198242188,738.1845188140869
1702297753250,1402.1110534667969,750.0810813903809
1702297753267,1402.3976135253906,756.0452842712402
1702297753272,1393.4783935546875,748.0995941162109
1702297753284,1386.1474609375,748.2996654510498
1702297753295,1384.0567016601562,743.3276653289795
1702297753306,1393.1587219238281,744.6422481536865
1702297753317,1396.8269348144531,735.7487297058105
1702297753328,1455.4306030273438,761.5520095825195
1702297753339,1489.5645141601562,780.0588226318359
1702297753350,1513.7222290039062,783.4832954406738
1702297753361,1819.3368530273438,964.9079132080078
1702297753393,nan,nan
1702297753394,nan,nan
1702297753408,nan,nan
1702297753416,nan,nan
1702297753428,nan,nan
1702297753438,nan,nan
1702297753449,nan,nan
1702297753460,nan,nan
1702297753471,nan,nan
1702297753491,nan,nan
1702297753526,nan,nan
1702297753531,nan,nan
1702297753542,nan,nan
1702297753555,nan,nan
1702297753564,nan,nan
1702297753576,nan,nan
1702297753588,nan,nan
1702297753598,nan,nan
1702297753609,nan,nan
1702297753621,nan,nan
1702297753631,nan,nan
1702297753643,nan,nan
1702297753674,nan,nan
1702297753675,nan,nan
1702297753676,nan,nan
1702297753690,nan,nan
1702297753697,nan,nan
1702297753709,nan,nan
1702297753722,nan,nan
1702297753730,nan,nan
1702297753742,nan,nan
1702297753754,nan,nan
1702297753763,nan,nan
1702297753775,nan,nan
1702297753817,nan,nan
1702297753818,nan,nan
1702297753821,nan,nan
1702297753832,nan,nan
1702297753842,nan,nan
1702297753855,nan,nan
1702297753863,nan,nan
1702297753875,nan,nan
1702297753888,nan,nan
1702297753897,nan,nan
1702297753909,nan,nan
1702297753940,nan,nan
1702297753941,nan,nan
1702297753942,nan,nan
1702297753957,nan,nan
1702297753964,nan,nan
1702297753975,nan,nan
1702297753988,nan,nan
1702297753997,nan,nan
1702297754008,nan,nan
1702297754021,nan,nan
1702297754031,nan,nan
1702297754042,nan,nan
1702297754054,nan,nan
1702297754091,nan,nan
1702297754092,nan,nan
1702297754097,nan,nan
1702297754108,nan,nan
1702297754120,nan,nan
1702297754130,nan,nan
1702297754141,nan,nan
1702297754154,nan,nan
1702297754163,nan,nan
1702297754175,nan,nan
1702297754187,nan,nan
1702297754227,nan,nan
1702297754228,nan,nan
1702297754230,nan,nan
1702297754244,nan,nan
1702297754254,nan,nan
1702297754263,nan,nan
1702297754275,nan,nan
1702297754287,nan,nan
1702297754297,nan,nan
1702297754309,nan,nan
1702297754321,nan,nan
1702297754330,nan,nan
1702297754342,nan,nan
1702297754374,nan,nan
1702297754376,nan,nan
1702297754392,nan,nan
1702297754397,nan,nan
1702297754410,nan,nan
1702297754421,nan,nan
1702297754430,nan,nan
1702297754442,nan,nan
1702297754455,nan,nan
1702297754463,nan,nan
1702297754474,nan,nan
1702297754512,nan,nan
1702297754513,nan,nan
1702297754528,nan,nan
1702297754530,nan,nan
1702297754541,nan,nan
1702297754554,nan,nan
1702297754563,nan,nan
1702297754574,nan,nan
1702297754587,nan,nan
1702297754597,nan,nan
1702297754608,nan,nan
1702297754621,nan,nan
1702297754660,nan,nan
1702297754661,nan,nan
1702297754663,nan,nan
1702297754675,nan,nan
1702297754689,nan,nan
1702297754697,nan,nan
1702297754708,nan,nan
1702297754721,nan,nan
1702297754730,nan,nan
1702297754742,nan,nan
1702297754754,nan,nan
1702297754764,nan,nan
1702297754775,nan,nan
1702297754818,nan,nan
1702297754821,nan,nan
1702297754833,nan,nan
1702297754841,nan,nan
1702297754853,nan,nan
1702297754863,nan,nan
1702297754874,nan,nan
1702297754886,nan,nan
1702297754896,nan,nan
1702297754908,nan,nan
1702297754920,nan,nan
1702297754958,nan,nan
1702297754963,nan,nan
1702297754975,nan,nan
1702297754987,nan,nan
1702297754996,nan,nan
1702297755008,nan,nan
1702297755020,nan,nan
1702297755029,nan,nan
1702297755041,nan,nan
1702297755054,nan,nan
1702297755063,nan,nan
1702297755074,nan,nan
1702297755110,nan,nan
1702297755112,nan,nan
1702297755126,nan,nan
1702297755130,nan,nan
1702297755142,nan,nan
1702297755154,nan,nan
1702297755163,nan,nan
1702297755174,nan,nan
1702297755187,nan,nan
1702297755197,nan,nan
1702297755207,nan,nan
1702297755220,nan,nan
1702297755229,nan,nan
1702297755263,nan,nan
1702297755264,nan,nan
1702297755279,nan,nan
1702297755286,nan,nan
1702297755296,nan,nan
1702297755307,nan,nan
1702297755320,nan,nan
1702297755330,nan,nan
1702297755341,nan,nan
1702297755353,nan,nan
1702297755363,nan,nan
1702297755393,nan,nan
1702297755394,nan,nan
1702297755396,nan,nan
1702297755410,nan,nan
1702297755420,nan,nan
1702297755430,nan,nan
1702297755441,nan,nan
1702297755454,nan,nan
1702297755463,nan,nan
1702297755474,nan,nan
1702297755487,nan,nan
1702297755496,nan,nan
1702297755508,nan,nan
1702297755546,nan,nan
1702297755547,nan,nan
1702297755554,nan,nan
1702297755564,nan,nan
1702297755575,nan,nan
1702297755587,nan,nan
1702297755596,nan,nan
1702297755608,nan,nan
1702297755621,nan,nan
1702297755629,nan,nan
1702297755641,nan,nan
1702297755654,nan,nan
1702297755662,nan,nan
1702297755696,nan,nan
1702297755697,nan,nan
1702297755714,nan,nan
1702297755720,nan,nan
1702297755729,nan,nan
1702297755741,nan,nan
1702297755754,nan,nan
1702297755763,nan,nan
1702297755774,nan,nan
1702297755786,nan,nan
1702297755796,nan,nan
1702297755829,nan,nan
1702297755830,nan,nan
1702297755845,nan,nan
1702297755853,nan,nan
1702297755862,nan,nan
1702297755874,nan,nan
1702297755886,nan,nan
1702297755896,nan,nan
1702297755907,nan,nan
1702297755919,nan,nan
1702297755929,nan,nan
1702297755941,nan,nan
1702297755978,nan,nan
1702297755984,nan,nan
1702297755996,nan,nan
1702297756007,nan,nan
1702297756018,nan,nan
1702297756029,nan,nan
1702297756040,nan,nan
1702297756052,1646.8194580078125,914.8324012756348
1702297756063,1646.3705444335938,826.981258392334
1702297756074,1646.3705444335938,826.981258392334
1702297756111,1635.8132934570312,821.8290138244629
1702297756112,1569.4471740722656,860.6146144866943
1702297756119,1541.3557434082031,908.9674186706543
1702297756130,1541.3557434082031,908.9674186706543
1702297756141,1581.2957763671875,869.7645950317383
1702297756152,1603.8459777832031,862.8997707366943
1702297756163,1640.6846618652344,825.8227157592773
1702297756174,1640.6631469726562,825.3794002532959
1702297756185,1640.1007080078125,822.9194927215576
1702297756196,1637.7279663085938,817.8382301330566
1702297756207,1635.2595520019531,817.2189617156982
1702297756218,1619.6482849121094,801.297197341919
1702297756229,1530.9657287597656,701.4557218551636
1702297756262,1528.2723999023438,699.0684270858765
1702297756263,1520.66650390625,698.5388088226318
1702297756278,1513.2008361816406,702.0333623886108
1702297756285,1516.0725402832031,702.6840877532959
1702297756296,1515.1486206054688,692.0755434036255
1702297756307,1515.8412170410156,685.7627391815186
1702297756318,1513.6383056640625,684.4298315048218
1702297756329,1510.5421447753906,678.536524772644
1702297756341,1506.6964721679688,685.3486490249634
1702297756352,1512.0106506347656,692.5229358673096
1702297756393,1497.9989624023438,702.554440498352
1702297756394,1493.95263671875,696.4624786376953
1702297756396,1508.9385986328125,679.6027994155884
1702297756408,1512.4459838867188,680.7633590698242
1702297756419,1506.5988159179688,686.7787599563599
1702297756430,1502.1064758300781,695.5245208740234
1702297756441,1528.0471801757812,692.928056716919
1702297756452,1599.0499877929688,705.1362705230713
1702297756463,1883.6390686035156,755.8012676239014
1702297756474,1913.8592529296875,769.8808479309082
1702297756486,1927.0965576171875,766.1819744110107
1702297756497,1930.4360961914062,772.5883769989014
1702297756532,1936.361083984375,776.5932369232178
1702297756533,1945.6661987304688,769.8995590209961
1702297756547,1947.7717590332031,771.5441608428955
1702297756551,1944.5756530761719,779.7354125976562
1702297756562,1968.2560729980469,798.3683967590332
1702297756574,1970.538330078125,797.7086162567139
1702297756585,1961.199951171875,807.5489330291748
1702297756596,1942.9347229003906,795.1586723327637
1702297756607,1939.1584777832031,801.5664482116699
1702297756618,1944.6290588378906,791.6394424438477
1702297756629,1934.4091796875,812.9165267944336
1702297756641,1943.6143493652344,806.9544696807861
1702297756677,1940.8319091796875,806.877908706665
1702297756678,1954.5719909667969,789.7451591491699
1702297756685,1959.3016052246094,788.3672332763672
1702297756696,1940.95947265625,789.3542861938477
1702297756709,1936.7671203613281,792.9844093322754
1702297756718,1938.5063171386719,795.2529144287109
1702297756729,1935.6103515625,810.992546081543
1702297756740,1894.5977783203125,794.9399757385254
1702297756752,1814.3171691894531,795.4506683349609
1702297756763,1517.3741149902344,735.3492736816406
1702297756774,1501.4198303222656,733.7269878387451
1702297756785,1506.5840148925781,732.7310943603516
1702297756817,1518.7655639648438,727.6209926605225
1702297756818,1520.28564453125,736.657247543335
1702297756832,1513.0062866210938,739.2613506317139
1702297756841,1509.5466613769531,735.5262565612793
1702297756852,1513.0221557617188,732.4985790252686
1702297756863,1516.8731689453125,731.3759136199951
1702297756874,1517.7656555175781,723.7174129486084
1702297756885,1513.5340881347656,722.0571899414062
1702297756896,1505.7080078125,736.8267631530762
1702297756908,1506.8597412109375,735.6157779693604
1702297756918,1515.4251098632812,743.254280090332
1702297756962,1745.4539489746094,875.1535606384277
1702297756963,1793.3027648925781,913.8552188873291
1702297756977,1870.5487060546875,957.5059604644775
1702297756984,1867.21435546875,975.6485080718994
1702297756996,1862.0506286621094,999.2971801757812
1702297757007,1870.1651000976562,988.5767555236816
1702297757018,1869.7358703613281,980.3840446472168
1702297757029,1882.8160095214844,990.1402473449707
1702297757040,1879.4320678710938,1005.4185390472412
1702297757051,1881.0708618164062,1009.7034645080566
1702297757063,1900.4045104980469,1002.9663562774658
1702297757093,1905.4777526855469,992.6995468139648
1702297757094,1900.2578735351562,998.5536289215088
1702297757096,1879.1152954101562,997.1084117889404
1702297757108,1881.9247436523438,992.8432273864746
1702297757118,1879.9310302734375,994.3149662017822
1702297757129,1889.9946594238281,995.4587459564209
1702297757140,1887.869873046875,998.1642150878906
1702297757151,1892.73681640625,987.476921081543
1702297757163,1907.3881530761719,985.319995880127
1702297757173,1908.5688781738281,986.1477470397949
1702297757185,1912.8640747070312,989.4315433502197
1702297757196,1905.9466552734375,1001.0165405273438
1702297757229,1902.5099182128906,1001.700267791748
1702297757230,1899.8905944824219,1001.7764854431152
1702297757249,1904.2701721191406,987.9078769683838
1702297757252,1902.36572265625,987.553653717041
1702297757263,1893.4742736816406,1007.3856925964355
1702297757274,1893.7263488769531,1011.6858100891113
1702297757285,1886.33056640625,1016.7729091644287
1702297757295,1893.243408203125,1004.2715835571289
1702297757306,1889.1950988769531,1000.8034229278564
1702297757318,1891.8670654296875,994.6581172943115
1702297757329,1886.7897033691406,990.5082893371582
1702297757340,1887.0657348632812,990.0116729736328
1702297757378,1893.634033203125,1002.5384044647217
1702297757379,1884.6536254882812,996.8163299560547
1702297757384,1910.4473876953125,986.581449508667
1702297757396,2193.755645751953,1083.1221771240234
1702297757408,2193.755645751953,1083.1221771240234
1702297757418,2322.098846435547,1179.9050331115723
1702297757428,nan,nan
1702297757439,nan,nan
1702297757450,nan,nan
1702297757461,nan,nan
1702297757472,nan,nan
1702297757514,nan,nan
1702297757515,nan,nan
1702297757517,nan,nan
1702297757530,nan,nan
1702297757539,nan,nan
1702297757550,nan,nan
1702297757560,nan,nan
1702297757577,nan,nan
1702297757596,nan,nan
1702297757608,nan,nan
1702297757620,nan,nan
1702297757630,nan,nan
1702297757665,nan,nan
1702297757680,nan,nan
1702297757687,nan,nan
1702297757697,nan,nan
1702297757707,nan,nan
1702297757720,nan,nan
1702297757729,nan,nan
1702297757741,nan,nan
1702297757754,nan,nan
1702297757763,nan,nan
1702297757796,nan,nan
1702297757797,nan,nan
1702297757812,nan,nan
1702297757820,nan,nan
1702297757831,nan,nan
1702297757841,nan,nan
1702297757854,nan,nan
1702297757863,nan,nan
1702297757874,nan,nan
1702297757887,nan,nan
1702297757896,nan,nan
1702297757908,nan,nan
1702297757946,nan,nan
1702297757954,nan,nan
1702297757963,nan,nan
1702297757977,nan,nan
1702297757987,nan,nan
1702297757996,nan,nan
1702297758008,nan,nan
1702297758020,nan,nan
1702297758030,nan,nan
1702297758041,nan,nan
1702297758077,nan,nan
1702297758078,nan,nan
1702297758086,nan,nan
1702297758097,nan,nan
1702297758107,nan,nan
1702297758119,nan,nan
1702297758129,nan,nan
1702297758140,nan,nan
1702297758153,nan,nan
1702297758162,nan,nan
1702297758174,nan,nan
1702297758187,nan,nan
1702297758196,nan,nan
1702297758229,nan,nan
1702297758230,nan,nan
1702297758244,nan,nan
1702297758253,nan,nan
1702297758263,nan,nan
1702297758273,nan,nan
1702297758286,nan,nan
1702297758296,nan,nan
1702297758307,nan,nan
1702297758328,nan,nan
1702297758341,nan,nan
1702297758378,nan,nan
1702297758379,nan,nan
1702297758393,nan,nan
1702297758397,nan,nan
1702297758408,nan,nan
1702297758419,nan,nan
1702297758430,nan,nan
1702297758441,nan,nan
1702297758452,nan,nan
1702297758462,nan,nan
1702297758479,nan,nan
1702297758514,nan,nan
1702297758516,nan,nan
1702297758531,nan,nan
1702297758544,nan,nan
1702297758554,1886.5242004394531,1038.8241004943848
1702297758565,1886.5242004394531,1038.8241004943848
1702297758576,1886.5242004394531,1038.8241004943848
1702297758588,1868.6822509765625,1035.2025604248047
1702297758599,1952.8144836425781,999.8037528991699
1702297758609,1952.8144836425781,999.8037528991699
1702297758622,1964.16748046875,997.6239967346191
1702297758632,1946.9097900390625,993.2218265533447
1702297758664,1935.8509826660156,988.3687019348145
1702297758666,1648.42529296875,751.9304752349854
1702297758682,1634.0533447265625,739.7927284240723
1702297758688,1632.7120971679688,743.3940124511719
1702297758700,1634.0478515625,751.7563247680664
1702297758710,1637.1597290039062,758.8830184936523
1702297758722,1640.1846313476562,743.7948417663574
1702297758733,1644.5404052734375,739.1627311706543
1702297758744,1652.1722412109375,739.9104022979736
1702297758755,1649.7494506835938,749.9099349975586
1702297758799,1627.4641418457031,751.3162708282471
1702297758814,1626.58203125,757.0537090301514
1702297758821,1622.8794860839844,756.7835998535156
1702297758832,1631.7529296875,749.9169731140137
1702297758843,1632.5932312011719,747.4912261962891
1702297758854,1635.4103088378906,751.8992328643799
1702297758865,1629.8114013671875,756.5724563598633
1702297758876,1628.4986877441406,753.3443641662598
1702297758888,1600.7156372070312,748.8431453704834
1702297758899,1529.957275390625,737.3017501831055
1702297758910,1510.7719421386719,731.0331916809082
1702297758946,1522.5473022460938,726.3905239105225
1702297758947,1524.2509460449219,732.8150367736816
1702297758961,1520.5232238769531,749.6438598632812
1702297758965,1516.8069458007812,751.369743347168
1702297758977,1523.0906677246094,750.1233100891113
1702297758988,1519.1331481933594,759.7675895690918
1702297758999,1510.3608703613281,758.5678482055664
1702297759010,1503.1964111328125,749.699821472168
1702297759021,1507.747802734375,737.4876594543457
1702297759032,1507.0198059082031,737.1178150177002
1702297759043,1513.4194946289062,745.1321697235107
1702297759055,1505.1248168945312,755.8035850524902
1702297759096,1514.2787170410156,757.8201770782471
1702297759097,1512.6983642578125,755.8856391906738
1702297759099,1518.0320739746094,747.8711128234863
1702297759113,1514.47021484375,746.2460803985596
1702297759122,1503.9797973632812,749.8114013671875
1702297759132,1497.4403381347656,746.6196155548096
1702297759143,1511.3937377929688,761.885461807251
1702297759154,1528.0018615722656,746.0962200164795
1702297759165,1657.5576782226562,877.2335815429688
1702297759175,nan,nan
1702297759187,nan,nan
1702297759198,nan,nan
1702297759209,nan,nan
1702297759246,nan,nan
1702297759247,nan,nan
1702297759254,nan,nan
1702297759264,nan,nan
1702297759277,nan,nan
1702297759286,nan,nan
1702297759297,nan,nan
1702297759307,nan,nan
1702297759326,nan,nan
1702297759344,nan,nan
1702297759383,nan,nan
1702297759384,nan,nan
1702297759390,nan,nan
1702297759400,nan,nan
1702297759412,nan,nan
1702297759423,nan,nan
1702297759433,nan,nan
1702297759444,nan,nan
1702297759457,nan,nan
1702297759466,nan,nan
1702297759478,nan,nan
1702297759490,nan,nan
1702297759511,nan,nan
1702297759533,nan,nan
1702297759534,nan,nan
1702297759552,nan,nan
1702297759557,nan,nan
1702297759568,nan,nan
1702297759579,nan,nan
1702297759590,nan,nan
1702297759600,nan,nan
1702297759613,nan,nan
1702297759624,nan,nan
1702297759633,nan,nan
1702297759646,nan,nan
1702297759682,nan,nan
1702297759683,nan,nan
1702297759690,nan,nan
1702297759699,nan,nan
1702297759713,nan,nan
1702297759723,nan,nan
1702297759732,nan,nan
1702297759744,nan,nan
1702297759756,nan,nan
1702297759765,nan,nan
1702297759778,nan,nan
1702297759790,nan,nan
1702297759799,nan,nan
1702297759830,nan,nan
1702297759831,nan,nan
1702297759832,nan,nan
1702297759849,nan,nan
1702297759856,nan,nan
1702297759868,nan,nan
1702297759877,nan,nan
1702297759890,nan,nan
1702297759899,nan,nan
1702297759911,nan,nan
1702297759924,nan,nan
1702297759933,nan,nan
1702297759944,nan,nan
1702297759983,nan,nan
1702297759984,nan,nan
1702297759991,nan,nan
1702297760001,nan,nan
1702297760011,nan,nan
1702297760024,nan,nan
1702297760032,nan,nan
1702297760044,nan,nan
1702297760056,nan,nan
1702297760066,nan,nan
1702297760078,nan,nan
1702297760115,nan,nan
1702297760116,nan,nan
1702297760130,nan,nan
1702297760132,nan,nan
1702297760147,nan,nan
1702297760156,nan,nan
1702297760166,nan,nan
1702297760177,nan,nan
1702297760190,nan,nan
1702297760199,nan,nan
1702297760211,nan,nan
1702297760223,nan,nan
1702297760232,nan,nan
1702297760266,nan,nan
1702297760267,nan,nan
1702297760283,nan,nan
1702297760290,nan,nan
1702297760300,nan,nan
1702297760311,nan,nan
1702297760323,nan,nan
1702297760333,nan,nan
1702297760345,nan,nan
1702297760357,nan,nan
1702297760366,nan,nan
1702297760399,nan,nan
1702297760400,nan,nan
1702297760415,nan,nan
1702297760423,nan,nan
1702297760434,nan,nan
1702297760444,nan,nan
1702297760457,nan,nan
1702297760466,nan,nan
1702297760478,nan,nan
1702297760490,nan,nan
1702297760500,nan,nan
1702297760511,nan,nan
1702297760549,nan,nan
1702297760556,nan,nan
1702297760565,nan,nan
1702297760578,nan,nan
1702297760589,nan,nan
1702297760599,nan,nan
1702297760610,nan,nan
1702297760623,nan,nan
1702297760632,nan,nan
1702297760644,nan,nan
1702297760683,nan,nan
1702297760684,nan,nan
1702297760689,nan,nan
1702297760699,nan,nan
1702297760713,nan,nan
1702297760723,nan,nan
1702297760732,nan,nan
1702297760744,nan,nan
1702297760756,nan,nan
1702297760766,nan,nan
1702297760777,nan,nan
1702297760790,nan,nan
1702297760799,nan,nan
1702297760835,nan,nan
1702297760836,nan,nan
1702297760852,nan,nan
1702297760856,nan,nan
1702297760866,nan,nan
1702297760877,nan,nan
1702297760890,nan,nan
1702297760899,nan,nan
1702297760910,nan,nan
1702297760922,nan,nan
1702297760932,nan,nan
1702297760943,nan,nan
1702297760982,nan,nan
1702297760983,nan,nan
1702297760989,nan,nan
1702297760998,nan,nan
1702297761011,nan,nan
1702297761022,nan,nan
1702297761032,nan,nan
1702297761043,nan,nan
1702297761055,nan,nan
1702297761065,nan,nan
1702297761077,nan,nan
1702297761118,nan,nan
1702297761119,nan,nan
1702297761123,nan,nan
1702297761134,nan,nan
1702297761144,nan,nan
1702297761156,nan,nan
1702297761165,nan,nan
1702297761177,nan,nan
1702297761190,nan,nan
1702297761199,nan,nan
1702297761210,nan,nan
1702297761223,nan,nan
1702297761232,nan,nan
1702297761266,nan,nan
1702297761267,nan,nan
1702297761282,nan,nan
1702297761289,nan,nan
1702297761300,nan,nan
1702297761310,nan,nan
1702297761322,nan,nan
1702297761332,nan,nan
1702297761344,nan,nan
1702297761356,nan,nan
1702297761396,nan,nan
1702297761397,nan,nan
1702297761399,nan,nan
1702297761411,nan,nan
1702297761431,nan,nan
1702297761444,nan,nan
1702297761455,nan,nan
1702297761466,nan,nan
1702297761477,nan,nan
1702297761488,nan,nan
1702297761499,nan,nan
1702297761510,nan,nan
1702297761546,1725.8665466308594,948.0946254730225
1702297761547,1725.8665466308594,948.0946254730225
1702297761561,1699.5393371582031,983.071403503418
1702297761566,1699.5393371582031,983.071403503418
1702297761578,1699.5393371582031,983.071403503418
1702297761589,1554.0205383300781,874.2103672027588
1702297761599,1554.0205383300781,874.2103672027588
1702297761611,1554.0205383300781,874.2103672027588
1702297761622,1599.8884582519531,864.2383003234863
1702297761633,1599.8884582519531,864.2383003234863
1702297761644,1599.8884582519531,864.2383003234863
1702297761681,1556.5080261230469,823.8139343261719
1702297761682,1610.87646484375,783.7163257598877
1702297761696,1614.3453979492188,788.2900714874268
1702297761700,1627.6914978027344,779.190731048584
1702297761713,1622.3728942871094,780.2961444854736
1702297761722,1619.3994140625,785.9741020202637
1702297761734,1592.4905395507812,810.4331874847412
1702297761744,1600.3492736816406,809.9842071533203
1702297761756,1601.2284851074219,802.0741367340088
1702297761766,1628.822021484375,770.256872177124
1702297761778,1641.9900512695312,776.1756706237793
1702297761788,1648.9620971679688,775.8609294891357
1702297761799,1700.0221252441406,781.885814666748
1702297761833,1700.9561157226562,781.3641357421875
1702297761834,1712.1920776367188,789.3608951568604
1702297761849,1715.4483032226562,791.3572311401367
1702297761855,1708.9059448242188,778.3303642272949
1702297761867,1698.6854553222656,783.4797763824463
1702297761877,1714.3547058105469,796.534538269043
1702297761889,1705.3134155273438,804.7728252410889
1702297761900,1690.0323486328125,810.1216220855713
1702297761911,1678.7699890136719,809.2441749572754
1702297761922,1683.0500793457031,804.6583271026611
1702297761933,1683.0424499511719,791.7470741271973
1702297761944,1679.5062255859375,770.7626724243164
1702297761984,1670.0796508789062,777.1481323242188
1702297761985,1671.1080932617188,796.7625045776367
1702297761989,1680.3683471679688,791.8649196624756
1702297762000,1659.5660400390625,783.719072341919
1702297762011,1663.4329223632812,776.1811637878418
1702297762022,1665.92529296875,764.9717617034912
1702297762032,1683.9521789550781,770.4171180725098
1702297762044,1683.0221557617188,778.5232257843018
1702297762055,1679.16015625,791.8226051330566
1702297762066,1682.1875,799.5467662811279
1702297762077,1706.314697265625,811.2007713317871
1702297762117,1793.895263671875,846.7949295043945
1702297762118,2219.5864868164062,1175.4081916809082
1702297762121,2235.6016540527344,1205.5726146697998
1702297762133,nan,nan
1702297762143,nan,nan
1702297762154,nan,nan
1702297762165,nan,nan
1702297762176,nan,nan
1702297762188,nan,nan
1702297762199,nan,nan
1702297762209,nan,nan
1702297762220,nan,nan
1702297762231,nan,nan
1702297762267,nan,nan
1702297762282,nan,nan
1702297762292,nan,nan
1702297762301,nan,nan
1702297762312,nan,nan
1702297762325,nan,nan
1702297762334,nan,nan
1702297762346,nan,nan
1702297762359,nan,nan
1702297762368,nan,nan
1702297762379,nan,nan
1702297762417,nan,nan
1702297762424,nan,nan
1702297762433,nan,nan
1702297762447,nan,nan
1702297762458,nan,nan
1702297762467,nan,nan
1702297762479,nan,nan
1702297762491,nan,nan
1702297762501,nan,nan
1702297762513,nan,nan
1702297762552,nan,nan
1702297762558,nan,nan
1702297762568,nan,nan
1702297762581,nan,nan
1702297762591,nan,nan
1702297762601,nan,nan
1702297762612,nan,nan
1702297762624,nan,nan
1702297762634,nan,nan
1702297762646,nan,nan
1702297762658,nan,nan
1702297762667,nan,nan
1702297762699,nan,nan
1702297762700,nan,nan
1702297762717,nan,nan
1702297762725,nan,nan
1702297762735,nan,nan
1702297762746,nan,nan
1702297762758,nan,nan
1702297762767,nan,nan
1702297762779,nan,nan
1702297762791,nan,nan
1702297762799,nan,nan
1702297762832,nan,nan
1702297762833,nan,nan
1702297762847,nan,nan
1702297762857,nan,nan
1702297762866,nan,nan
1702297762878,nan,nan
1702297762891,nan,nan
1702297762900,nan,nan
1702297762911,nan,nan
1702297762924,nan,nan
1702297762933,nan,nan
1702297762945,nan,nan
1702297762984,nan,nan
1702297762991,nan,nan
1702297763000,nan,nan
1702297763014,nan,nan
1702297763024,nan,nan
1702297763034,nan,nan
1702297763045,nan,nan
1702297763064,nan,nan
1702297763079,nan,nan
1702297763090,nan,nan
1702297763133,nan,nan
1702297763134,nan,nan
1702297763135,1717.330322265625,846.8840217590332
1702297763149,1717.330322265625,846.8840217590332
1702297763158,1705.1937866210938,839.7560405731201
1702297763170,1705.1937866210938,839.7560405731201
1702297763180,1705.1937866210938,839.7560405731201
1702297763191,1704.3217468261719,778.3079624176025
1702297763202,1704.3217468261719,778.3079624176025
1702297763213,1704.3217468261719,778.3079624176025
1702297763225,1666.5779113769531,837.967414855957
1702297763267,1692.662353515625,757.5844860076904
1702297763269,1734.7540283203125,732.9922771453857
1702297763283,1746.5583801269531,735.027666091919
1702297763292,1745.9727478027344,741.9732570648193
1702297763303,1551.6621398925781,710.6098651885986
1702297763314,1528.4248352050781,710.893063545227
1702297763325,1504.1172790527344,692.9285717010498
1702297763336,1549.9534606933594,706.2199258804321
1702297763347,1552.3786926269531,701.1708927154541
1702297763358,1549.9021911621094,708.6947250366211
1702297763369,1542.3876953125,747.4135494232178
1702297763400,1529.0461730957031,745.0859069824219
1702297763401,1479.659423828125,770.6867122650146
1702297763402,1528.7295532226562,714.2008066177368
1702297763417,1530.5838012695312,717.1853542327881
1702297763424,1530.3523254394531,723.8501071929932
1702297763436,1524.2939758300781,733.8340187072754
1702297763447,1518.2441711425781,735.122594833374
1702297763458,1524.2913818359375,733.1296062469482
1702297763469,1524.2219543457031,711.5516424179077
1702297763480,1529.2347717285156,714.8184871673584
1702297763491,1514.9195861816406,710.6044149398804
1702297763503,1474.3211364746094,706.3924884796143
1702297763537,1474.0516662597656,743.943886756897
1702297763553,1458.3515167236328,732.1361589431763
1702297763559,1453.910140991211,735.0924682617188
1702297763571,1458.7799072265625,724.5635747909546
1702297763582,1460.048828125,720.4197764396667
1702297763593,1463.3821868896484,715.4433560371399
1702297763604,1468.5426330566406,726.3343262672424
1702297763616,1472.0944213867188,736.5317845344543
1702297763626,1471.0145568847656,742.5109004974365
1702297763637,1468.678207397461,735.2719402313232
1702297763649,1466.3933563232422,728.3162426948547
1702297763683,1464.8429107666016,723.3926725387573
1702297763684,1461.3729858398438,718.2081127166748
1702297763699,1465.231704711914,716.9425392150879
1702297763704,1467.8712463378906,717.1491551399231
1702297763717,1473.1466674804688,718.2396554946899
1702297763726,1477.1286010742188,723.0829739570618
1702297763738,1479.7774505615234,712.0808100700378
1702297763749,1476.4775085449219,711.7041635513306
1702297763759,1472.313003540039,707.0629334449768
1702297763770,1471.4336395263672,722.5183796882629
1702297763782,1472.7000427246094,726.5720343589783
1702297763819,1501.1431884765625,723.841438293457
1702297763826,1521.3642883300781,731.247661113739
1702297763837,1531.2004089355469,738.9164185523987
1702297763849,1532.780532836914,735.8347535133362
1702297763859,1528.6185455322266,737.235209941864
1702297763870,1521.241455078125,738.100962638855
1702297763881,1522.932357788086,748.4255361557007
1702297763892,1524.4489288330078,754.9110317230225
1702297763904,1524.6237182617188,752.5729608535767
1702297763915,1525.8875274658203,737.2934031486511
1702297763926,1522.7725219726562,735.2579498291016
1702297763967,1521.2838745117188,735.5329513549805
1702297763968,1533.0310821533203,733.5618495941162
1702297763970,1538.9068603515625,730.2032732963562
1702297763984,1533.4635162353516,724.5310020446777
1702297763993,1524.1056060791016,732.2188353538513
1702297764004,1526.7020416259766,738.4342217445374
1702297764015,1530.7723236083984,744.9508309364319
1702297764026,1539.1576385498047,739.3282341957092
1702297764037,1537.8763580322266,744.2170000076294
1702297764048,1538.6457061767578,751.1746072769165
1702297764059,1540.4430389404297,750.7684993743896
1702297764070,1538.4844207763672,748.8886141777039
1702297764082,1539.9201965332031,747.7766561508179
1702297764120,1542.3352813720703,743.8820672035217
1702297764121,1539.6180725097656,796.7103624343872
1702297764124,nan,nan
1702297764137,nan,nan
1702297764146,nan,nan
1702297764157,nan,nan
1702297764168,nan,nan
1702297764180,nan,nan
1702297764190,nan,nan
1702297764201,nan,nan
1702297764211,nan,nan
1702297764223,nan,nan
1702297764234,nan,nan
1702297764269,nan,nan
1702297764270,nan,nan
1702297764286,nan,nan
1702297764289,nan,nan
1702297764300,nan,nan
1702297764317,nan,nan
1702297764336,nan,nan
1702297764348,nan,nan
1702297764360,nan,nan
1702297764400,nan,nan
1702297764401,nan,nan
1702297764403,nan,nan
1702297764417,nan,nan
1702297764427,nan,nan
1702297764437,nan,nan
1702297764448,nan,nan
1702297764460,nan,nan
1702297764469,nan,nan
1702297764481,nan,nan
1702297764493,nan,nan
1702297764503,nan,nan
1702297764515,nan,nan
1702297764553,nan,nan
1702297764554,nan,nan
1702297764560,nan,nan
1702297764569,nan,nan
1702297764582,nan,nan
1702297764593,nan,nan
1702297764602,nan,nan
1702297764614,nan,nan
1702297764626,nan,nan
1702297764636,nan,nan
1702297764648,nan,nan
1702297764686,nan,nan
1702297764694,nan,nan
1702297764703,nan,nan
1702297764717,nan,nan
1702297764727,nan,nan
1702297764736,nan,nan
1702297764747,nan,nan
1702297764759,nan,nan
1702297764769,nan,nan
1702297764781,nan,nan
1702297764792,nan,nan
1702297764802,nan,nan
1702297764834,nan,nan
1702297764836,nan,nan
1702297764853,nan,nan
1702297764860,nan,nan
1702297764869,nan,nan
1702297764881,nan,nan
1702297764893,nan,nan
1702297764902,nan,nan
1702297764914,nan,nan
1702297764927,nan,nan
1702297764936,nan,nan
1702297764947,nan,nan
1702297764966,nan,nan
1702297764986,nan,nan
1702297764987,nan,nan
1702297764994,nan,nan
1702297765003,nan,nan
1702297765017,nan,nan
1702297765027,nan,nan
1702297765036,nan,nan
1702297765048,nan,nan
1702297765067,nan,nan
1702297765081,nan,nan
1702297765118,nan,nan
1702297765119,nan,nan
1702297765126,nan,nan
1702297765137,nan,nan
1702297765150,nan,nan
1702297765160,1707.5834655761719,729.257869720459
1702297765171,1707.5834655761719,729.257869720459
1702297765182,1707.5834655761719,729.257869720459
1702297765193,1771.3848876953125,622.1071815490723
1702297765203,1771.3848876953125,622.1071815490723
1702297765215,1771.3848876953125,622.1071815490723
1702297765226,nan,nan
1702297765266,nan,nan
1702297765267,2059.956512451172,865.7599067687988
1702297765271,2060.0735473632812,816.7914390563965
1702297765281,2065.8084106445312,823.3234119415283
1702297765295,2073.5610961914062,806.2044811248779
1702297765304,2090.464324951172,826.4031028747559
1702297765315,2083.268585205078,840.6237030029297
1702297765327,2072.2169494628906,837.5769710540771
1702297765338,2081.6357421875,832.8377437591553
1702297765349,2083.5891723632812,832.9948997497559
1702297765360,2089.0835571289062,837.5745677947998
1702297765400,2093.093719482422,851.226110458374
1702297765401,2094.318389892578,850.2526187896729
1702297765405,2099.944305419922,854.8050785064697
1702297765416,2100.5520629882812,847.1386814117432
1702297765429,2091.3455200195312,856.9974517822266
1702297765438,2142.0733642578125,902.7453804016113
1702297765449,2153.7986755371094,918.702335357666
1702297765460,2159.1226196289062,931.6015720367432
1702297765471,2141.2997436523438,962.7436923980713
1702297765482,2135.806121826172,957.7024269104004
1702297765493,2143.5838317871094,965.4297637939453
1702297765516,2146.9534301757812,949.7230052947998
1702297765537,2147.0004272460938,950.2958393096924
1702297765538,2158.866729736328,970.6677532196045
1702297765553,2157.1163940429688,966.9318008422852
1702297765560,2158.7164306640625,964.733247756958
1702297765572,2142.259979248047,948.0575466156006
1702297765583,2139.4668579101562,951.101016998291
1702297765593,2141.4060974121094,960.4482364654541
1702297765604,2153.9755249023438,968.5618114471436
1702297765616,2154.1256713867188,969.5891189575195
1702297765627,2145.0958251953125,960.9799575805664
1702297765669,2137.1185302734375,973.9010810852051
1702297765671,2145.1181030273438,977.9192447662354
1702297765685,2141.2254333496094,980.9945583343506
1702297765693,2135.9512329101562,980.2663707733154
1702297765704,2130.2894592285156,970.7986450195312
1702297765715,2138.8943481445312,957.317476272583
1702297765726,2143.95263671875,958.6203861236572
1702297765737,2134.608612060547,967.4723625183105
1702297765749,2135.354461669922,972.5510501861572
1702297765760,2119.698486328125,969.8995685577393
1702297765771,2079.956512451172,964.8316097259521
1702297765782,2073.380889892578,964.2377471923828
1702297765818,2074.274139404297,962.7151966094971
1702297765833,2076.4955139160156,939.0705585479736
1702297765838,2061.973114013672,947.3885822296143
1702297765849,2063.184051513672,947.1928024291992
1702297765860,2061.7774963378906,953.82399559021
1702297765871,2079.2922973632812,952.6233100891113
1702297765882,2077.0635986328125,958.5037422180176
1702297765893,2075.997772216797,960.0463771820068
1702297765904,2068.8287353515625,968.6030960083008
1702297765915,2066.6932678222656,963.0507946014404
1702297765953,2068.893280029297,969.8121070861816
1702297765960,2062.742156982422,963.3071708679199
1702297765971,2067.274169921875,961.7405891418457
1702297765982,2044.8692321777344,950.2569580078125
1702297765992,1977.2865295410156,920.1303005218506
1702297766003,1639.8747253417969,772.4296760559082
1702297766015,1607.1040344238281,748.9894866943359
1702297766026,1582.9762268066406,739.7508430480957
1702297766037,1539.7042846679688,747.762622833252
1702297766048,1539.5948791503906,749.3331527709961
1702297766059,1530.9080505371094,761.7454719543457
1702297766070,1535.0071716308594,772.41379737854
1702297766101,1531.5463256835938,781.3234519958496
1702297766104,1533.9738464355469,772.9458618164062
1702297766118,1534.7505187988281,772.4803161621094
1702297766126,1539.5787048339844,779.3155288696289
1702297766137,1537.4171447753906,778.7567710876465
1702297766148,1536.5205383300781,769.5394134521484
1702297766159,1535.7708740234375,760.995397567749
1702297766171,1531.9868469238281,753.7438201904297
1702297766182,1533.9091491699219,765.2449607849121
1702297766193,1539.522705078125,762.1789169311523
1702297766204,1531.097412109375,765.4422855377197
1702297766215,1528.4501647949219,756.793041229248
1702297766234,1519.5913696289062,762.2673225402832
1702297766255,1523.2774353027344,776.7877292633057
1702297766256,1528.0177307128906,780.1125526428223
1702297766260,1526.2872314453125,778.3349990844727
1702297766274,1527.3599243164062,767.2322845458984
1702297766282,1524.8683166503906,769.7599124908447
1702297766293,1524.0444946289062,763.3527374267578
1702297766304,1511.5940856933594,766.5549087524414
1702297766315,1517.7348327636719,768.9876937866211
1702297766326,1520.3567504882812,780.4421424865723
1702297766337,1521.0081481933594,785.2856540679932
1702297766349,1513.5482788085938,781.4084243774414
1702297766359,1514.0141296386719,776.4863777160645
1702297766370,1519.3049621582031,776.8733882904053
1702297766403,1522.763671875,812.6773166656494
1702297766420,1547.85888671875,783.720874786377
1702297766425,1564.3360900878906,758.3537864685059
1702297766436,nan,nan
1702297766447,nan,nan
1702297766458,nan,nan
1702297766469,nan,nan
1702297766481,nan,nan
1702297766491,nan,nan
1702297766502,nan,nan
1702297766514,nan,nan
1702297766553,nan,nan
1702297766558,nan,nan
1702297766570,nan,nan
1702297766579,nan,nan
1702297766597,nan,nan
1702297766617,nan,nan
1702297766629,nan,nan
1702297766639,nan,nan
1702297766650,nan,nan
1702297766663,nan,nan
1702297766672,nan,nan
1702297766704,nan,nan
1702297766705,nan,nan
1702297766723,nan,nan
1702297766730,nan,nan
1702297766739,nan,nan
1702297766750,nan,nan
1702297766763,nan,nan
1702297766772,nan,nan
1702297766783,nan,nan
1702297766796,nan,nan
1702297766836,nan,nan
1702297766838,nan,nan
1702297766852,nan,nan
1702297766862,nan,nan
1702297766872,nan,nan
1702297766884,nan,nan
1702297766895,nan,nan
1702297766904,nan,nan
1702297766917,nan,nan
1702297766928,nan,nan
1702297766938,nan,nan
1702297766950,nan,nan
1702297766986,nan,nan
1702297767001,nan,nan
1702297767004,nan,nan
1702297767016,nan,nan
1702297767028,nan,nan
1702297767038,nan,nan
1702297767050,nan,nan
1702297767062,nan,nan
1702297767072,nan,nan
1702297767083,nan,nan
1702297767122,nan,nan
1702297767129,nan,nan
1702297767139,nan,nan
1702297767152,nan,nan
1702297767162,nan,nan
1702297767171,nan,nan
1702297767183,nan,nan
1702297767195,nan,nan
1702297767205,nan,nan
1702297767216,nan,nan
1702297767252,nan,nan
1702297767253,nan,nan
1702297767268,nan,nan
1702297767271,nan,nan
1702297767285,nan,nan
1702297767295,nan,nan
1702297767305,nan,nan
1702297767316,nan,nan
1702297767329,nan,nan
1702297767338,nan,nan
1702297767350,nan,nan
1702297767387,nan,nan
1702297767401,nan,nan
1702297767404,nan,nan
1702297767416,nan,nan
1702297767428,nan,nan
1702297767437,nan,nan
1702297767450,nan,nan
1702297767462,nan,nan
1702297767471,nan,nan
1702297767483,nan,nan
1702297767520,nan,nan
1702297767521,nan,nan
1702297767536,nan,nan
1702297767537,nan,nan
1702297767549,nan,nan
1702297767561,nan,nan
1702297767571,nan,nan
1702297767583,nan,nan
1702297767595,nan,nan
1702297767604,nan,nan
1702297767616,nan,nan
1702297767628,nan,nan
1702297767638,nan,nan
1702297767671,nan,nan
1702297767672,nan,nan
1702297767688,nan,nan
1702297767695,nan,nan
1702297767706,nan,nan
1702297767716,nan,nan
1702297767729,nan,nan
1702297767738,nan,nan
1702297767750,nan,nan
1702297767762,nan,nan
1702297767772,nan,nan
1702297767807,nan,nan
1702297767816,nan,nan
1702297767835,nan,nan
1702297767849,nan,nan
1702297767861,1689.67041015625,982.7262783050537
1702297767872,1689.67041015625,982.7262783050537
1702297767883,1689.67041015625,982.7262783050537
1702297767894,1794.6516418457031,929.2997646331787
1702297767905,1794.6516418457031,929.2997646331787
1702297767916,1794.6516418457031,929.2997646331787
1702297767953,nan,nan
1702297767954,nan,nan
1702297767961,nan,nan
1702297767972,1825.8676147460938,880.9074783325195
1702297767985,1825.8676147460938,880.9074783325195
1702297767994,1796.7207336425781,864.9664878845215
1702297768006,1702.5450134277344,718.7723207473755
1702297768016,1702.5450134277344,718.7723207473755
1702297768028,1701.15478515625,716.2364530563354
1702297768039,1706.5711975097656,705.0228881835938
1702297768050,1707.7198791503906,713.8138389587402
1702297768087,1708.82568359375,714.0491008758545
1702297768088,1694.1325378417969,705.8990907669067
1702297768101,1689.9806213378906,695.2365589141846
1702297768106,1542.8036499023438,703.1062889099121
1702297768118,1516.3247680664062,706.0322999954224
1702297768129,1482.5389099121094,716.8612575531006
1702297768140,1470.6379699707031,729.8761081695557
1702297768151,1476.0514831542969,721.0088539123535
1702297768161,1468.4172058105469,720.7804584503174
1702297768172,1459.2521667480469,727.1995639801025
1702297768184,1465.0819396972656,731.1016845703125
1702297768219,1472.9229736328125,726.2771415710449
1702297768220,1466.8716430664062,721.7585849761963
1702297768235,1462.2824096679688,729.2958068847656
1702297768239,1460.7829284667969,716.4353227615356
1702297768250,1462.7375793457031,717.9971837997437
1702297768261,1458.4292602539062,717.2771501541138
1702297768272,1445.1187133789062,735.4321002960205
1702297768284,1438.4242248535156,730.0967788696289
1702297768294,1435.4872131347656,731.2270832061768
1702297768306,1438.6976623535156,737.1888828277588
1702297768317,1446.3688659667969,739.8723793029785
1702297768328,1451.2939453125,738.2633972167969
1702297768339,1460.841064453125,718.3762121200562
1702297768371,1455.5044555664062,721.7910289764404
1702297768372,1451.4445495605469,731.9139003753662
1702297768386,1513.4208679199219,753.8142013549805
1702297768394,1538.7059020996094,735.3872966766357
1702297768405,nan,nan
1702297768416,nan,nan
1702297768427,nan,nan
1702297768438,nan,nan
1702297768449,nan,nan
1702297768460,nan,nan
1702297768471,nan,nan
1702297768505,nan,nan
1702297768506,nan,nan
1702297768509,nan,nan
1702297768529,nan,nan
1702297768539,nan,nan
1702297768552,nan,nan
1702297768563,nan,nan
1702297768573,nan,nan
1702297768585,nan,nan
1702297768597,nan,nan
1702297768606,nan,nan
1702297768618,nan,nan
1702297768656,nan,nan
1702297768657,nan,nan
1702297768664,nan,nan
1702297768674,nan,nan
1702297768686,nan,nan
1702297768697,nan,nan
1702297768706,nan,nan
1702297768718,nan,nan
1702297768730,nan,nan
1702297768739,nan,nan
1702297768751,nan,nan
1702297768791,nan,nan
1702297768792,nan,nan
1702297768797,nan,nan
1702297768807,nan,nan
1702297768818,nan,nan
1702297768831,nan,nan
1702297768839,nan,nan
1702297768851,nan,nan
1702297768864,nan,nan
1702297768873,nan,nan
1702297768885,nan,nan
1702297768897,nan,nan
1702297768907,nan,nan
1702297768938,nan,nan
1702297768939,nan,nan
1702297768953,nan,nan
1702297768963,nan,nan
1702297768972,nan,nan
1702297768984,nan,nan
1702297768996,nan,nan
1702297769006,nan,nan
1702297769017,nan,nan
1702297769029,nan,nan
1702297769070,nan,nan
1702297769071,nan,nan
1702297769073,nan,nan
1702297769085,nan,nan
1702297769098,nan,nan
1702297769106,nan,nan
1702297769118,nan,nan
1702297769130,nan,nan
1702297769140,nan,nan
1702297769151,nan,nan
1702297769163,nan,nan
1702297769173,nan,nan
1702297769185,nan,nan
1702297769222,nan,nan
1702297769230,nan,nan
1702297769239,nan,nan
1702297769253,nan,nan
1702297769263,nan,nan
1702297769273,nan,nan
1702297769285,nan,nan
1702297769296,nan,nan
1702297769305,nan,nan
1702297769318,nan,nan
1702297769360,nan,nan
1702297769363,nan,nan
1702297769377,nan,nan
1702297769384,nan,nan
1702297769396,nan,nan
1702297769405,nan,nan
1702297769417,nan,nan
1702297769430,nan,nan
1702297769438,nan,nan
1702297769450,nan,nan
1702297769463,nan,nan
1702297769472,nan,nan
1702297769506,nan,nan
1702297769522,nan,nan
1702297769530,nan,nan
1702297769540,nan,nan
1702297769550,nan,nan
1702297769563,nan,nan
1702297769573,nan,nan
1702297769583,nan,nan
1702297769596,nan,nan
1702297769606,nan,nan
1702297769617,nan,nan
1702297769637,nan,nan
1702297769658,nan,nan
1702297769659,nan,nan
1702297769663,nan,nan
1702297769674,nan,nan
1702297769684,nan,nan
1702297769697,nan,nan
1702297769706,nan,nan
1702297769718,nan,nan
1702297769730,nan,nan
1702297769739,nan,nan
1702297769751,nan,nan
