timestamp,x,y
1702290099492,1400.6852722167969,794.3799304962158
1702290099503,1400.6852722167969,794.3799304962158
1702290099515,1300.7925415039062,830.6927490234375
1702290099526,1304.6537780761719,808.8984489440918
1702290099562,1316.8702697753906,808.6164093017578
1702290099578,1308.4452819824219,807.1145439147949
1702290099582,1312.6008605957031,808.8302135467529
1702290099593,1302.6292419433594,811.2897777557373
1702290099604,1302.2557067871094,814.7751903533936
1702290099615,1295.5723571777344,807.680082321167
1702290099626,1294.0579223632812,801.3590812683105
1702290099637,1280.1568603515625,791.5430545806885
1702290099648,1282.4127197265625,800.7217025756836
1702290099659,1288.4942626953125,813.2131576538086
1702290099694,1297.9501342773438,819.5720958709717
1702290099709,1299.9021911621094,820.1172924041748
1702290099714,1309.697265625,819.2587280273438
1702290099726,1325.5487060546875,824.6020317077637
1702290099736,1324.1276550292969,828.332576751709
1702290099748,1295.9506225585938,832.9694080352783
1702290099758,1209.6626281738281,835.9214687347412
1702290099770,1212.298355102539,836.3863277435303
1702290099781,1208.0794525146484,836.9536685943604
1702290099792,1207.4620056152344,834.056282043457
1702290099827,1205.186538696289,831.3835144042969
1702290099828,1209.7216796875,829.837532043457
1702290099837,1211.4643859863281,826.4293670654297
1702290099848,1215.5854797363281,827.918872833252
1702290099859,1214.388198852539,831.1600971221924
1702290099870,1217.1484375,829.0128707885742
1702290099881,1214.8410034179688,821.127519607544
1702290099892,1219.5252227783203,819.3747711181641
1702290099903,1216.4105224609375,819.5017147064209
1702290099915,1219.6662139892578,825.1732349395752
1702290099926,1217.4182891845703,826.3972663879395
1702290099965,1221.5950775146484,829.0469455718994
1702290099970,1229.610595703125,820.0160121917725
1702290099981,1234.6688842773438,812.9584980010986
1702290099994,1220.4356384277344,810.7202053070068
1702290100004,1221.0906982421875,814.5667934417725
1702290100015,1223.6920166015625,824.359302520752
1702290100026,1293.5954284667969,839.5891857147217
1702290100037,1320.2455139160156,841.155595779419
1702290100047,1343.2931518554688,843.504524230957
1702290100058,1338.9906311035156,837.4593830108643
1702290100095,1335.667724609375,842.8320407867432
1702290100096,1330.0845336914062,857.4075508117676
1702290100103,1318.8117980957031,851.9440841674805
1702290100114,1314.3838500976562,841.2483787536621
1702290100125,1320.6887817382812,846.8746662139893
1702290100136,1331.3197326660156,857.7472686767578
1702290100147,1339.5341491699219,862.2442817687988
1702290100158,1337.6416015625,859.3224334716797
1702290100170,1331.6923522949219,852.5311660766602
1702290100181,1331.1761474609375,855.6419277191162
1702290100192,1331.9261169433594,856.1616325378418
1702290100230,1335.8076477050781,850.6799697875977
1702290100231,1326.4167785644531,835.5736827850342
1702290100237,1307.542724609375,825.1328945159912
1702290100248,1258.67431640625,752.9592418670654
1702290100260,1064.3820190429688,525.2256631851196
1702290100271,881.3643264770508,339.64086413383484
1702290100282,810.4557418823242,293.36368203163147
1702290100293,746.132698059082,252.9194676876068
1702290100305,504.5020866394043,172.5733333826065
1702290100316,460.4285430908203,161.7152363061905
1702290100327,478.4153938293457,169.73022401332855
1702290100339,484.93003845214844,175.488942861557
1702290100350,493.52426528930664,176.800274848938
1702290100380,496.8398094177246,184.89220440387726
1702290100384,482.10519790649414,172.78924584388733
1702290100397,478.80640029907227,165.29200494289398
1702290100405,485.3902816772461,168.26055586338043
1702290100416,470.1194763183594,157.8102833032608
1702290100427,472.9010009765625,152.6090294122696
1702290100438,468.7127113342285,148.23045194149017
1702290100449,454.20568466186523,152.49673068523407
1702290100461,355.13784408569336,151.72542929649353
1702290100471,299.9204635620117,137.97066450119019
1702290100513,278.8954162597656,138.96733582019806
1702290100516,265.01622200012207,124.59323823451996
1702290100527,266.9489574432373,130.98837554454803
1702290100540,266.8376636505127,126.41885161399841
1702290100549,274.0593433380127,120.62409460544586
1702290100560,263.92470359802246,110.93861639499664
1702290100571,271.3650131225586,114.41891670227051
1702290100583,276.6298294067383,117.40760564804077
1702290100593,279.3676567077637,114.45272862911224
1702290100604,288.2438087463379,115.71525514125824
1702290100616,364.5865058898926,103.62511217594147
1702290100627,567.2894668579102,70.44458270072937
1702290100664,662.0838165283203,66.10045552253723
1702290100671,718.0209732055664,74.49694991111755
1702290100682,720.7712173461914,73.3340272307396
1702290100694,716.6008377075195,65.22080898284912
1702290100704,716.0816192626953,61.44179105758667
1702290100716,715.1055526733398,56.14406883716583
1702290100727,720.8280944824219,61.33179634809494
1702290100738,727.8487014770508,64.06702995300293
1702290100749,727.2526550292969,69.46371495723724
1702290100760,729.4660186767578,76.67227238416672
1702290100796,727.0893478393555,79.68646377325058
1702290100797,726.032829284668,71.75146758556366
1702290100812,737.166633605957,70.22306710481644
1702290100816,787.1308517456055,79.644935131073
1702290100827,916.7842102050781,72.03039050102234
1702290100838,963.4471130371094,71.51517301797867
1702290100849,983.7539291381836,54.58515822887421
1702290100860,985.2610015869141,55.306795835494995
1702290100871,986.2994003295898,55.56091368198395
1702290100882,983.5108184814453,57.285091280937195
1702290100893,984.7643661499023,56.60699665546417
1702290100905,988.0320739746094,55.579941272735596
1702290100916,989.2352676391602,64.34790551662445
1702290100945,990.2842712402344,67.66775339841843
1702290100949,985.8568954467773,66.1745274066925
1702290100962,1003.1138229370117,67.14989393949509
1702290100971,1050.014419555664,72.01459228992462
1702290100982,1116.2936782836914,87.49903321266174
1702290100993,1225.2417755126953,93.25465679168701
1702290101004,1239.1704940795898,96.53088927268982
1702290101015,1238.9696884155273,86.86535328626633
1702290101026,1236.227798461914,77.88253605365753
1702290101038,1235.9966659545898,78.65310788154602
1702290101049,1244.9819564819336,76.72339260578156
1702290101081,1251.2940216064453,92.07291841506958
1702290101082,1249.7036743164062,87.02832698822021
1702290101096,1244.5740509033203,88.98966014385223
1702290101105,1252.6162338256836,94.46070671081543
1702290101116,1252.1560668945312,89.2196273803711
1702290101127,1268.3090209960938,84.92258906364441
1702290101138,1284.8287200927734,86.88259452581406
1702290101148,1309.6163940429688,98.22843790054321
1702290101159,1338.9404296875,105.53306937217712
1702290101170,1339.6441650390625,105.06999135017395
1702290101181,1343.9156341552734,95.84600865840912
1702290101215,1342.1611785888672,97.5875186920166
1702290101230,1342.455825805664,109.668048620224
1702290101237,1343.6734771728516,110.52351772785187
1702290101248,1346.4571380615234,104.84399914741516
1702290101259,1342.8604888916016,111.6522878408432
1702290101271,1339.7196960449219,111.52441620826721
1702290101281,1337.5792694091797,116.0796868801117
1702290101293,1332.841567993164,113.95752310752869
1702290101304,1337.0186614990234,120.24031341075897
1702290101315,1387.9285430908203,106.8702632188797
1702290101348,1520.7112121582031,93.50294083356857
1702290101349,1593.1145477294922,89.76797014474869
1702290101364,1588.3364868164062,91.50287121534348
1702290101371,1593.985824584961,100.83427369594574
1702290101383,1601.894302368164,91.56941950321198
1702290101393,1604.0209197998047,88.10869663953781
1702290101404,1600.3843688964844,84.27394241094589
1702290101415,1602.247314453125,81.19727432727814
1702290101426,1608.47412109375,85.713891685009
1702290101438,1609.843978881836,82.27806240320206
1702290101448,1607.2466278076172,83.54253619909286
1702290101488,1612.539291381836,82.66987949609756
1702290101493,1351.0150146484375,116.0108882188797
1702290101503,1282.1014022827148,122.8652572631836
1702290101517,1027.5829315185547,143.30581426620483
1702290101525,725.2040100097656,177.00354874134064
1702290101537,612.2318077087402,178.7177163362503
1702290101548,323.7358856201172,235.98621010780334
1702290101559,309.71096992492676,228.03951144218445
1702290101571,298.44640731811523,222.68427729606628
1702290101582,289.85466957092285,214.0808880329132
1702290101592,283.53230476379395,214.92495775222778
1702290101611,283.16661834716797,218.66914987564087
1702290101631,286.1780643463135,219.60835218429565
1702290101632,285.0365447998047,218.99324655532837
1702290101637,288.2480812072754,215.29915809631348
1702290101648,291.8907928466797,213.80293607711792
1702290101660,292.056941986084,208.0454456806183
1702290101670,295.1126766204834,208.49857807159424
1702290101681,297.8568649291992,210.5804979801178
1702290101692,302.47364044189453,215.0173008441925
1702290101704,300.14864921569824,220.941002368927
1702290101714,278.9813232421875,225.02557754516602
1702290101726,227.42246627807617,237.03556537628174
1702290101765,204.72991943359375,238.1156587600708
1702290101766,219.33473587036133,237.26682543754578
1702290101770,221.73641204833984,237.72456049919128
1702290101782,212.25231170654297,230.98485589027405
1702290101794,205.39363861083984,222.6093578338623
1702290101804,201.4259433746338,212.01078593730927
1702290101815,194.37602043151855,210.5590671300888
1702290101826,197.0642375946045,216.1976659297943
1702290101837,202.012357711792,221.70055031776428
1702290101848,200.9351921081543,222.09781765937805
1702290101860,329.6536064147949,193.4287691116333
1702290101871,494.7908592224121,174.7205275297165
1702290101882,693.105583190918,161.42228543758392
1702290101915,1114.1361999511719,120.06193578243256
1702290101931,1365.6024932861328,102.54487127065659
1702290101938,1368.5455322265625,105.80760955810547
1702290101950,1372.7413940429688,105.08946418762207
1702290101959,1373.1517791748047,105.64157545566559
1702290101970,1376.653823852539,115.41418254375458
1702290101981,1376.4779663085938,116.05823457241058
1702290101992,1377.803726196289,111.81829512119293
1702290102003,1380.2404022216797,116.6366958618164
1702290102014,1384.3843078613281,116.94214582443237
1702290102047,1388.2247161865234,126.083242893219
1702290102048,1383.3586883544922,131.9063937664032
1702290102062,1377.4942779541016,126.29899978637695
1702290102070,1367.9983520507812,120.0340461730957
1702290102081,1372.1150207519531,114.32241082191467
1702290102092,1375.1958465576172,117.32622742652893
1702290102103,1395.1959991455078,108.4455406665802
1702290102114,1459.1981506347656,106.30869448184967
1702290102126,1561.3436889648438,95.04945427179337
1702290102137,1598.2144165039062,106.15512728691101
1702290102148,1597.4009704589844,99.77688789367676
1702290102159,1607.493667602539,104.58463490009308
1702290102197,1608.3306121826172,100.25369077920914
1702290102198,1604.961929321289,109.23145473003387
1702290102204,1601.9332122802734,110.56747376918793
1702290102215,1596.2431335449219,108.35783779621124
1702290102227,1593.2504272460938,109.75010812282562
1702290102237,1561.7633819580078,108.93376171588898
1702290102248,1467.5959777832031,137.26096272468567
1702290102258,1338.1105041503906,180.96857249736786
1702290102270,1238.6762619018555,213.26301276683807
1702290102281,537.4416732788086,235.10326981544495
1702290102292,416.1871528625488,224.72461223602295
1702290102331,397.0854187011719,226.92650198936462
1702290102332,326.09729766845703,218.03462505340576
1702290102336,273.49766731262207,211.1335802078247
1702290102347,275.70075035095215,217.78610229492188
1702290102359,277.0330238342285,223.7582767009735
1702290102369,271.38362884521484,219.38307881355286
1702290102380,259.14289474487305,214.5577847957611
1702290102392,257.47069358825684,213.7771224975586
1702290102403,264.0638732910156,220.15838742256165
1702290102414,271.9692039489746,220.1233685016632
1702290102425,270.7428455352783,220.99006533622742
1702290102437,267.82100677490234,218.5961616039276
1702290102448,256.85885429382324,214.32156801223755
1702290102483,253.18132400512695,213.94468545913696
1702290102484,254.7887134552002,214.8532247543335
1702290102499,281.26370429992676,215.94817757606506
1702290102503,281.23056411743164,211.40475153923035
1702290102515,286.5641498565674,220.837984085083
1702290102525,273.88373374938965,216.90355896949768
1702290102537,272.7285861968994,218.68937373161316
1702290102548,269.3947696685791,214.97718572616577
1702290102559,268.2608222961426,217.50850439071655
1702290102570,286.68471336364746,218.90072107315063
1702290102581,351.5825843811035,225.34106969833374
1702290102615,488.759822845459,208.95806193351746
1702290102629,585.2529907226562,210.0504183769226
1702290102637,581.7057228088379,207.5093686580658
1702290102649,582.1930313110352,212.0270025730133
1702290102659,583.7130737304688,202.44102358818054
1702290102670,586.4770126342773,201.6560161113739
1702290102681,588.3719444274902,197.28348970413208
1702290102692,588.388786315918,194.8089051246643
1702290102703,587.7897644042969,192.7794599533081
1702290102715,581.2378311157227,193.48185002803802
1702290102725,575.2067756652832,186.9595170021057
1702290102745,573.4671020507812,183.57975125312805
1702290102765,583.0134201049805,189.79246616363525
1702290102766,582.7251815795898,189.07590329647064
1702290102770,580.1452827453613,189.91637349128723
1702290102781,577.6180648803711,179.48376595973969
1702290102794,580.5517768859863,184.577699303627
1702290102804,585.0052642822266,191.25357270240784
1702290102815,584.6305274963379,200.55137515068054
1702290102826,585.1338768005371,207.34659075737
1702290102836,584.3053436279297,204.24220204353333
1702290102847,583.4481048583984,202.05586910247803
1702290102858,580.1516723632812,200.56323051452637
1702290102899,578.391056060791,199.08731818199158
1702290102900,575.3795051574707,194.84808146953583
1702290102903,578.9984893798828,196.00420475006104
1702290102914,578.9842224121094,198.9702343940735
1702290102927,572.4869155883789,196.23098015785217
1702290102936,531.390438079834,192.79253840446472
1702290102947,489.0514373779297,188.06058526039124
1702290102958,412.56710052490234,199.45013523101807
1702290102969,411.82653427124023,198.78372430801392
1702290102981,421.75817489624023,204.0172290802002
1702290102992,401.7554473876953,201.64919257164001
1702290103003,404.4545555114746,197.47932314872742
1702290103014,395.1507377624512,191.54824018478394
1702290103049,399.5216369628906,181.71342194080353
1702290103064,402.3594093322754,193.0473643541336
1702290103070,398.0030059814453,190.54986834526062
1702290103083,442.2483825683594,188.18906843662262
1702290103092,687.2378540039062,172.58142828941345
1702290103103,852.4870681762695,170.06390154361725
1702290103114,977.4507904052734,171.9183647632599
1702290103125,1059.399757385254,183.89739990234375
1702290103137,1057.678451538086,187.25067615509033
1702290103148,1061.186752319336,193.83979082107544
1702290103165,1071.303939819336,193.2792842388153
1702290103185,1076.2419509887695,190.21916270256042
1702290103192,1081.235122680664,184.84294831752777
1702290103203,1080.101089477539,190.7004690170288
1702290103216,1081.2203979492188,185.07267951965332
1702290103224,1080.2067184448242,185.81040501594543
1702290103236,1074.1400146484375,177.02206134796143
1702290103247,1075.6135559082031,176.54917180538177
1702290103258,1078.9457702636719,176.15462958812714
1702290103269,1099.020004272461,186.722913980484
1702290103280,1149.5955276489258,190.1883602142334
1702290103314,1235.3278350830078,196.04302167892456
1702290103315,1258.3599853515625,186.19876742362976
1702290103330,1262.817611694336,188.18373084068298
1702290103336,1262.5509643554688,187.7835237979889
1702290103348,1264.0655136108398,197.41912364959717
1702290103358,1263.3860778808594,188.5418540239334
1702290103369,1271.2294006347656,195.66534519195557
1702290103380,1264.501609802246,177.94232189655304
1702290103391,1267.2713088989258,181.25813841819763
1702290103403,1278.4465408325195,236.57406449317932
1702290103414,1301.7560577392578,362.52509593963623
1702290103451,1319.2235565185547,690.1216721534729
1702290103458,1322.0809173583984,796.8458890914917
1702290103469,1318.3985900878906,804.5119428634644
1702290103480,1318.5611724853516,799.5781803131104
1702290103492,1320.7805633544922,802.4025678634644
1702290103503,1323.4777069091797,804.8358249664307
1702290103514,1321.5167999267578,814.2853116989136
1702290103525,1316.4550018310547,823.9287328720093
1702290103536,1320.6763458251953,819.2828035354614
1702290103547,1323.7120819091797,818.2457971572876
1702290103558,1334.0298461914062,812.3033952713013
1702290103570,1333.065185546875,818.1849002838135
1702290103600,1336.2283325195312,816.942629814148
1702290103602,1337.481689453125,808.1382894515991
1702290103617,1339.195556640625,810.4310846328735
1702290103624,1324.6105194091797,813.4108257293701
1702290103635,1326.1289978027344,815.8040428161621
1702290103646,1319.1370391845703,815.280647277832
1702290103657,1313.0921173095703,824.8620986938477
1702290103668,1309.6906280517578,822.8046083450317
1702290103679,1312.9899597167969,822.5964260101318
1702290103691,1314.5320129394531,829.1874074935913
1702290103702,1316.5780639648438,820.3058624267578
1702290103713,1318.2563781738281,778.0640530586243
1702290103749,1515.5422973632812,396.05135679244995
1702290103750,1506.168441772461,346.9770920276642
1702290103764,1525.3639602661133,256.44691586494446
1702290103768,1522.3599243164062,252.62116312980652
1702290103779,1521.5253448486328,250.6144094467163
1702290103791,1473.088150024414,306.82573199272156
1702290103802,1467.3637771606445,303.6823761463165
1702290103813,1464.075698852539,307.35456705093384
1702290103824,1397.647590637207,317.6624035835266
1702290103835,1402.518653869629,326.40687704086304
1702290103846,1404.065818786621,324.59510922431946
1702290103882,1374.1925811767578,320.62324047088623
1702290103883,1372.5243759155273,313.5107731819153
1702290103891,1450.2039337158203,292.8845751285553
1702290103902,1448.1500625610352,292.7111756801605
1702290103913,1449.1184616088867,295.38920044898987
1702290103924,1480.2075958251953,272.96411991119385
1702290103935,1452.600440979004,264.0640139579773
1702290103946,1419.8115921020508,259.31780219078064
1702290103958,1126.2445449829102,232.1096134185791
1702290103968,1124.9004745483398,237.0003318786621
1702290103979,1125.270118713379,237.98203110694885
1702290103991,1340.6465148925781,235.46606540679932
1702290104002,1340.9956359863281,232.8468132019043
1702290104033,1341.8408966064453,235.64707159996033
1702290104034,1360.2464294433594,201.92241311073303
1702290104035,1361.2463760375977,203.5221791267395
1702290104048,1361.0137557983398,202.7678668498993
1702290104058,1320.8318328857422,275.3539574146271
1702290104069,1290.4035186767578,291.0511028766632
1702290104079,1276.479606628418,288.9109683036804
1702290104089,641.0939788818359,320.7288336753845
1702290104100,nan,nan
1702290104111,nan,nan
1702290104122,nan,nan
1702290104133,nan,nan
1702290104167,nan,nan
1702290104168,nan,nan
1702290104182,nan,nan
1702290104187,nan,nan
1702290104205,nan,nan
1702290104225,nan,nan
1702290104237,nan,nan
1702290104248,nan,nan
1702290104257,nan,nan
1702290104270,nan,nan
1702290104281,nan,nan
1702290104315,nan,nan
1702290104316,nan,nan
1702290104331,nan,nan
1702290104335,nan,nan
1702290104348,nan,nan
1702290104357,nan,nan
1702290104368,nan,nan
1702290104380,nan,nan
1702290104390,nan,nan
1702290104402,nan,nan
1702290104413,nan,nan
1702290104453,nan,nan
1702290104454,nan,nan
1702290104457,nan,nan
1702290104469,nan,nan
1702290104482,nan,nan
1702290104491,nan,nan
1702290104502,nan,nan
1702290104514,nan,nan
1702290104523,nan,nan
1702290104534,nan,nan
1702290104546,nan,nan
1702290104583,nan,nan
1702290104584,nan,nan
1702290104590,nan,nan
1702290104602,nan,nan
1702290104614,nan,nan
1702290104624,nan,nan
1702290104635,nan,nan
1702290104647,nan,nan
1702290104657,nan,nan
1702290104669,nan,nan
1702290104680,nan,nan
1702290104717,nan,nan
1702290104724,nan,nan
1702290104735,nan,nan
1702290104747,nan,nan
1702290104756,nan,nan
1702290104768,nan,nan
1702290104779,nan,nan
1702290104789,nan,nan
1702290104801,nan,nan
1702290104813,nan,nan
1702290104849,nan,nan
1702290104850,nan,nan
1702290104856,nan,nan
1702290104868,nan,nan
1702290104879,nan,nan
1702290104890,nan,nan
1702290104901,nan,nan
1702290104913,nan,nan
1702290104923,nan,nan
1702290104935,nan,nan
1702290104946,nan,nan
1702290104984,nan,nan
1702290104990,nan,nan
1702290105002,nan,nan
1702290105014,nan,nan
1702290105023,nan,nan
1702290105035,nan,nan
1702290105046,nan,nan
1702290105057,nan,nan
1702290105068,nan,nan
1702290105080,nan,nan
1702290105091,nan,nan
1702290105128,nan,nan
1702290105134,nan,nan
1702290105146,nan,nan
1702290105157,nan,nan
1702290105167,nan,nan
1702290105180,nan,nan
1702290105190,nan,nan
1702290105201,nan,nan
1702290105213,nan,nan
1702290105224,nan,nan
1702290105235,nan,nan
1702290105273,nan,nan
1702290105274,nan,nan
1702290105280,nan,nan
1702290105290,nan,nan
1702290105302,nan,nan
1702290105313,nan,nan
1702290105323,nan,nan
1702290105334,nan,nan
1702290105345,nan,nan
1702290105356,nan,nan
1702290105367,nan,nan
1702290105379,nan,nan
1702290105417,nan,nan
1702290105418,nan,nan
1702290105424,nan,nan
1702290105435,nan,nan
1702290105448,nan,nan
1702290105457,nan,nan
1702290105469,nan,nan
1702290105480,nan,nan
1702290105490,nan,nan
1702290105503,nan,nan
1702290105513,nan,nan
1702290105549,nan,nan
1702290105550,nan,nan
1702290105557,nan,nan
1702290105570,nan,nan
1702290105588,nan,nan
1702290105601,nan,nan
1702290105612,nan,nan
1702290105623,nan,nan
1702290105635,nan,nan
1702290105647,1584.0628051757812,778.9503192901611
1702290105666,1601.4437866210938,755.5206871032715
1702290105684,1601.4437866210938,755.5206871032715
1702290105685,1593.4855651855469,748.3682441711426
1702290105691,1552.8372192382812,751.1211776733398
1702290105701,1552.8372192382812,751.1211776733398
1702290105714,1183.9640045166016,781.0553169250488
1702290105723,1183.9640045166016,781.0553169250488
1702290105735,1195.0897216796875,777.4521446228027
1702290105746,1201.7528533935547,766.5261554718018
1702290105757,1187.1260833740234,775.5409526824951
1702290105769,1188.508071899414,776.6265392303467
1702290105780,1184.8052215576172,778.3770561218262
1702290105817,1179.7311401367188,778.6855316162109
1702290105818,1175.12451171875,778.4845161437988
1702290105825,1172.4336242675781,765.5845928192139
1702290105837,1178.5482788085938,818.2232236862183
1702290105850,1151.7317581176758,772.8915739059448
1702290105859,1195.456886291504,810.9925889968872
1702290105871,1209.657974243164,818.954586982727
1702290105882,1225.803108215332,834.4458246231079
1702290105893,1219.9768447875977,839.1579723358154
1702290105904,1217.1379089355469,840.7191896438599
1702290105915,1217.1466827392578,842.7485275268555
1702290105952,1215.8563232421875,841.3873386383057
1702290105959,1222.1229934692383,842.0402097702026
1702290105971,1223.1048202514648,843.8908052444458
1702290105982,1223.614387512207,839.7523069381714
1702290105993,1125.859489440918,846.6645097732544
1702290106003,1095.3838348388672,845.2132844924927
1702290106015,957.1414947509766,857.61474609375
1702290106026,422.1169090270996,878.7917518615723
1702290106037,419.3743324279785,882.6609563827515
1702290106048,394.2368507385254,883.0610990524292
1702290106085,392.8072929382324,886.958155632019
1702290106086,391.23701095581055,880.6002044677734
1702290106101,387.13809967041016,869.9481868743896
1702290106104,383.8645935058594,876.5635871887207
1702290106116,386.1100769042969,880.3852844238281
1702290106126,384.52186584472656,875.3239345550537
1702290106137,383.1101417541504,876.4303350448608
1702290106148,384.47811126708984,875.98388671875
1702290106159,386.1927604675293,883.284215927124
1702290106170,383.92887115478516,886.0224294662476
1702290106181,381.46997451782227,886.0163354873657
1702290106216,376.678409576416,888.5381269454956
1702290106217,382.76439666748047,884.9919033050537
1702290106230,415.6007957458496,861.436357498169
1702290106237,424.29922103881836,856.1871242523193
1702290106248,433.81479263305664,848.4817600250244
1702290106259,434.56350326538086,851.1277484893799
1702290106270,437.1831703186035,842.0288372039795
1702290106281,440.14347076416016,839.0564346313477
1702290106292,440.92342376708984,845.8401918411255
1702290106304,444.55127716064453,852.897834777832
1702290106315,441.83982849121094,854.0959882736206
1702290106333,443.0586814880371,845.9037065505981
1702290106353,435.5274963378906,843.2773303985596
1702290106354,438.37453842163086,844.9798679351807
1702290106359,430.8702087402344,846.3747882843018
1702290106370,434.56274032592773,839.9403619766235
1702290106382,453.8417434692383,843.3443212509155
1702290106392,640.7113075256348,841.8384647369385
1702290106404,792.5686645507812,846.595630645752
1702290106415,972.1456146240234,844.9202585220337
1702290106426,1169.6387100219727,847.3255348205566
1702290106437,1190.9078979492188,844.9139928817749
1702290106448,1191.4411163330078,841.7748641967773
1702290106485,1206.756591796875,848.0633783340454
1702290106493,1201.4831161499023,845.0868988037109
1702290106504,1203.2253646850586,849.2613172531128
1702290106514,1211.673355102539,846.8302917480469
1702290106525,1210.0999069213867,848.5581493377686
1702290106536,1207.8184509277344,849.093132019043
1702290106547,1208.954086303711,848.8622903823853
1702290106558,1210.0643157958984,847.7621984481812
1702290106570,1208.7722778320312,850.3463888168335
1702290106581,1206.550064086914,851.2743043899536
1702290106619,1197.7943801879883,847.9056215286255
1702290106625,1203.5834884643555,853.1282901763916
1702290106637,1198.3881378173828,853.8718843460083
1702290106648,1198.5397720336914,853.1343412399292
1702290106659,1197.3214721679688,851.0280132293701
1702290106670,1195.999984741211,854.9770402908325
1702290106681,1198.4281539916992,857.6945686340332
1702290106692,1197.0737075805664,867.0735454559326
1702290106703,1198.1547927856445,866.0002756118774
1702290106714,1194.0694046020508,868.5761833190918
1702290106752,1193.2107543945312,867.5719213485718
1702290106753,1194.151840209961,866.3853120803833
1702290106759,1195.5452728271484,866.2445068359375
1702290106770,1198.0103302001953,869.8022317886353
1702290106783,1194.4029235839844,870.6174945831299
1702290106792,1195.5537414550781,867.7171897888184
1702290106803,1193.9402770996094,872.175407409668
1702290106814,1193.1538009643555,877.7138900756836
1702290106825,1198.4436798095703,879.8688840866089
1702290106837,1200.8870315551758,877.3592805862427
1702290106847,1207.7886581420898,878.0857515335083
1702290106859,1203.0553436279297,875.775876045227
1702290106870,1198.0141830444336,881.1696481704712
1702290106901,1195.6512451171875,879.0706157684326
1702290106902,nan,nan
1702290106916,nan,nan
1702290106924,nan,nan
1702290106935,nan,nan
1702290106946,nan,nan
1702290106957,nan,nan
1702290106969,nan,nan
1702290106978,nan,nan
1702290106989,nan,nan
1702290107000,nan,nan
1702290107034,nan,nan
1702290107035,nan,nan
1702290107049,nan,nan
1702290107056,nan,nan
1702290107068,nan,nan
1702290107078,nan,nan
1702290107089,nan,nan
1702290107100,nan,nan
1702290107111,nan,nan
1702290107122,nan,nan
1702290107134,nan,nan
1702290107144,nan,nan
1702290107165,nan,nan
1702290107186,nan,nan
1702290107189,nan,nan
1702290107201,nan,nan
1702290107212,nan,nan
1702290107222,nan,nan
1702290107234,nan,nan
1702290107245,nan,nan
1702290107256,nan,nan
1702290107267,nan,nan
1702290107278,nan,nan
1702290107289,nan,nan
1702290107319,nan,nan
1702290107320,nan,nan
1702290107322,nan,nan
1702290107335,nan,nan
1702290107345,nan,nan
1702290107356,nan,nan
1702290107367,nan,nan
1702290107377,nan,nan
1702290107389,nan,nan
1702290107400,nan,nan
1702290107411,nan,nan
1702290107453,nan,nan
1702290107456,nan,nan
1702290107468,nan,nan
1702290107477,nan,nan
1702290107489,nan,nan
1702290107500,nan,nan
1702290107511,nan,nan
1702290107522,nan,nan
1702290107533,nan,nan
1702290107544,nan,nan
1702290107555,nan,nan
1702290107567,nan,nan
1702290107602,nan,nan
1702290107603,nan,nan
1702290107616,nan,nan
1702290107622,nan,nan
1702290107633,nan,nan
1702290107644,nan,nan
1702290107655,nan,nan
1702290107666,nan,nan
1702290107678,nan,nan
1702290107689,nan,nan
1702290107700,nan,nan
1702290107736,nan,nan
1702290107737,nan,nan
1702290107744,nan,nan
1702290107756,nan,nan
1702290107768,nan,nan
1702290107778,nan,nan
1702290107789,nan,nan
1702290107800,nan,nan
1702290107811,nan,nan
1702290107821,nan,nan
1702290107834,nan,nan
1702290107844,nan,nan
1702290107855,nan,nan
1702290107885,nan,nan
1702290107886,nan,nan
1702290107889,nan,nan
1702290107902,nan,nan
1702290107911,nan,nan
1702290107923,nan,nan
1702290107933,nan,nan
1702290107944,nan,nan
1702290107955,nan,nan
1702290107967,nan,nan
1702290107977,nan,nan
1702290108019,nan,nan
1702290108023,nan,nan
1702290108033,nan,nan
1702290108046,nan,nan
1702290108056,nan,nan
1702290108067,nan,nan
1702290108077,nan,nan
1702290108088,nan,nan
1702290108099,nan,nan
1702290108110,nan,nan
1702290108122,nan,nan
1702290108133,nan,nan
1702290108168,nan,nan
1702290108183,nan,nan
1702290108189,nan,nan
1702290108200,nan,nan
1702290108211,nan,nan
1702290108222,nan,nan
1702290108232,nan,nan
1702290108243,nan,nan
1702290108255,nan,nan
1702290108266,nan,nan
1702290108302,nan,nan
1702290108303,nan,nan
1702290108317,nan,nan
1702290108321,nan,nan
1702290108333,nan,nan
1702290108343,nan,nan
1702290108355,nan,nan
1702290108366,nan,nan
1702290108377,nan,nan
1702290108388,nan,nan
1702290108400,nan,nan
1702290108436,nan,nan
1702290108437,nan,nan
1702290108444,nan,nan
1702290108455,nan,nan
1702290108466,nan,nan
1702290108476,nan,nan
1702290108488,nan,nan
1702290108499,nan,nan
1702290108510,nan,nan
1702290108521,nan,nan
1702290108532,nan,nan
1702290108569,nan,nan
1702290108570,nan,nan
1702290108584,nan,nan
1702290108588,nan,nan
1702290108601,nan,nan
1702290108610,nan,nan
1702290108622,nan,nan
1702290108632,nan,nan
1702290108644,nan,nan
1702290108655,nan,nan
1702290108666,nan,nan
1702290108677,nan,nan
1702290108689,nan,nan
1702290108720,nan,nan
1702290108721,nan,nan
1702290108722,nan,nan
1702290108735,nan,nan
1702290108744,nan,nan
1702290108756,nan,nan
1702290108767,nan,nan
1702290108777,nan,nan
1702290108789,nan,nan
1702290108800,nan,nan
1702290108811,nan,nan
1702290108821,nan,nan
1702290108853,nan,nan
1702290108854,nan,nan
1702290108869,nan,nan
1702290108876,nan,nan
1702290108887,nan,nan
1702290108898,nan,nan
1702290108909,nan,nan
1702290108920,nan,nan
1702290108932,nan,nan
1702290108943,nan,nan
1702290108954,nan,nan
1702290108987,nan,nan
1702290108988,nan,nan
1702290109002,nan,nan
1702290109015,nan,nan
1702290109024,nan,nan
1702290109036,nan,nan
1702290109047,nan,nan
1702290109058,nan,nan
1702290109069,nan,nan
1702290109081,nan,nan
1702290109091,nan,nan
1702290109102,nan,nan
1702290109139,nan,nan
1702290109155,nan,nan
1702290109158,nan,nan
1702290109170,nan,nan
1702290109181,nan,nan
1702290109191,nan,nan
1702290109202,nan,nan
1702290109214,nan,nan
1702290109224,nan,nan
1702290109236,nan,nan
1702290109272,nan,nan
1702290109287,nan,nan
1702290109291,nan,nan
1702290109304,nan,nan
1702290109314,nan,nan
1702290109324,nan,nan
1702290109336,nan,nan
1702290109347,nan,nan
1702290109358,nan,nan
1702290109369,nan,nan
1702290109381,nan,nan
1702290109401,nan,nan
1702290109421,nan,nan
1702290109422,nan,nan
1702290109425,nan,nan
1702290109437,nan,nan
1702290109449,nan,nan
1702290109457,nan,nan
1702290109468,nan,nan
1702290109480,nan,nan
1702290109490,nan,nan
1702290109502,nan,nan
1702290109513,nan,nan
1702290109524,nan,nan
1702290109555,nan,nan
1702290109557,nan,nan
1702290109572,nan,nan
1702290109580,nan,nan
1702290109591,nan,nan
1702290109602,nan,nan
1702290109613,nan,nan
1702290109624,nan,nan
1702290109636,nan,nan
1702290109647,nan,nan
1702290109667,nan,nan
1702290109686,nan,nan
1702290109687,nan,nan
1702290109691,nan,nan
1702290109702,nan,nan
1702290109714,nan,nan
1702290109724,nan,nan
1702290109736,nan,nan
1702290109747,nan,nan
1702290109757,nan,nan
1702290109769,nan,nan
1702290109781,nan,nan
1702290109791,nan,nan
1702290109821,nan,nan
1702290109822,nan,nan
1702290109824,nan,nan
1702290109837,nan,nan
1702290109850,nan,nan
1702290109856,nan,nan
1702290109868,nan,nan
1702290109880,nan,nan
1702290109890,nan,nan
1702290109902,nan,nan
1702290109913,nan,nan
1702290109953,nan,nan
1702290109954,nan,nan
1702290109957,nan,nan
1702290109968,nan,nan
1702290109981,nan,nan
1702290109991,nan,nan
1702290110002,nan,nan
1702290110014,nan,nan
1702290110024,nan,nan
1702290110035,nan,nan
1702290110047,nan,nan
1702290110057,nan,nan
1702290110069,nan,nan
1702290110103,nan,nan
1702290110104,nan,nan
1702290110118,nan,nan
1702290110124,nan,nan
1702290110135,nan,nan
1702290110147,nan,nan
1702290110157,nan,nan
1702290110169,nan,nan
1702290110180,nan,nan
1702290110191,nan,nan
1702290110202,nan,nan
1702290110236,nan,nan
1702290110237,nan,nan
1702290110251,nan,nan
1702290110258,nan,nan
1702290110268,nan,nan
1702290110279,nan,nan
1702290110290,nan,nan
1702290110302,nan,nan
1702290110313,nan,nan
1702290110323,nan,nan
1702290110335,nan,nan
1702290110346,nan,nan
1702290110357,nan,nan
1702290110387,nan,nan
1702290110390,nan,nan
1702290110404,nan,nan
1702290110413,nan,nan
1702290110423,nan,nan
1702290110435,nan,nan
1702290110447,nan,nan
1702290110456,nan,nan
1702290110469,nan,nan
1702290110480,nan,nan
1702290110490,nan,nan
1702290110522,nan,nan
1702290110523,nan,nan
1702290110537,nan,nan
1702290110547,nan,nan
1702290110557,nan,nan
1702290110568,nan,nan
1702290110580,nan,nan
1702290110590,nan,nan
1702290110602,nan,nan
1702290110613,nan,nan
1702290110623,nan,nan
1702290110654,nan,nan
1702290110656,nan,nan
1702290110668,nan,nan
1702290110681,nan,nan
1702290110690,nan,nan
1702290110701,nan,nan
1702290110713,nan,nan
1702290110723,nan,nan
1702290110734,nan,nan
1702290110746,nan,nan
1702290110757,nan,nan
1702290110787,nan,nan
1702290110788,nan,nan
1702290110790,nan,nan
1702290110803,nan,nan
1702290110813,nan,nan
1702290110823,nan,nan
1702290110835,nan,nan
1702290110846,nan,nan
1702290110857,nan,nan
1702290110868,nan,nan
1702290110879,nan,nan
1702290110890,nan,nan
1702290110901,nan,nan
1702290110940,nan,nan
1702290110941,nan,nan
1702290110946,nan,nan
1702290110957,nan,nan
1702290110970,nan,nan
1702290110980,nan,nan
1702290110990,nan,nan
1702290111002,nan,nan
1702290111013,nan,nan
1702290111023,nan,nan
1702290111035,nan,nan
1702290111071,nan,nan
1702290111072,nan,nan
1702290111086,nan,nan
1702290111089,nan,nan
1702290111101,nan,nan
1702290111112,nan,nan
1702290111122,nan,nan
1702290111134,nan,nan
1702290111145,nan,nan
1702290111156,nan,nan
1702290111167,nan,nan
1702290111179,nan,nan
1702290111189,nan,nan
1702290111220,nan,nan
1702290111221,nan,nan
1702290111222,nan,nan
1702290111235,nan,nan
1702290111246,nan,nan
1702290111256,nan,nan
1702290111267,nan,nan
1702290111279,nan,nan
1702290111290,nan,nan
1702290111301,nan,nan
1702290111313,nan,nan
1702290111323,nan,nan
1702290111356,nan,nan
1702290111371,nan,nan
1702290111379,nan,nan
1702290111390,nan,nan
1702290111401,nan,nan
1702290111412,nan,nan
1702290111423,nan,nan
1702290111434,nan,nan
1702290111446,nan,nan
1702290111456,nan,nan
1702290111489,nan,nan
1702290111490,nan,nan
1702290111507,nan,nan
1702290111513,nan,nan
1702290111523,nan,nan
1702290111534,nan,nan
1702290111546,nan,nan
1702290111555,nan,nan
1702290111567,nan,nan
1702290111578,nan,nan
1702290111589,nan,nan
1702290111621,nan,nan
1702290111622,nan,nan
1702290111635,nan,nan
1702290111656,nan,nan
1702290111667,nan,nan
1702290111678,nan,nan
1702290111688,nan,nan
1702290111701,nan,nan
1702290111713,nan,nan
1702290111723,nan,nan
1702290111734,nan,nan
1702290111771,nan,nan
1702290111772,nan,nan
1702290111778,nan,nan
1702290111789,nan,nan
1702290111802,nan,nan
1702290111812,nan,nan
1702290111822,nan,nan
1702290111833,nan,nan
1702290111845,nan,nan
1702290111855,nan,nan
1702290111867,nan,nan
1702290111906,nan,nan
1702290111913,nan,nan
1702290111923,nan,nan
1702290111934,nan,nan
1702290111945,nan,nan
1702290111956,nan,nan
1702290111967,nan,nan
1702290111979,nan,nan
1702290111990,nan,nan
1702290112001,nan,nan
1702290112038,nan,nan
1702290112039,nan,nan
1702290112053,nan,nan
1702290112057,nan,nan
1702290112070,nan,nan
1702290112088,nan,nan
1702290112102,nan,nan
1702290112113,nan,nan
1702290112123,nan,nan
1702290112135,nan,nan
1702290112172,1349.2646789550781,794.5267868041992
1702290112173,1349.2646789550781,794.5267868041992
1702290112186,1337.8428649902344,763.7963962554932
1702290112191,1347.999267578125,767.4090957641602
1702290112202,1351.8583679199219,772.9654312133789
1702290112213,1346.0397338867188,778.6019325256348
1702290112224,1335.1338195800781,781.8264198303223
1702290112235,1313.9454650878906,781.9988536834717
1702290112246,1285.7307434082031,784.7359943389893
1702290112258,1206.777114868164,809.5078468322754
1702290112269,1206.9346618652344,814.6081638336182
1702290112306,1204.4221496582031,818.9701652526855
1702290112307,1192.320327758789,809.3639087677002
1702290112313,1189.3956756591797,808.2010746002197
1702290112324,1202.5431060791016,818.5077953338623
1702290112337,1199.4528198242188,822.4515438079834
1702290112347,1199.3502807617188,824.9509334564209
1702290112358,1202.7002716064453,827.8336429595947
1702290112369,1202.8102111816406,828.4609794616699
1702290112380,1203.7816619873047,825.4316711425781
1702290112391,1181.2184143066406,824.275016784668
1702290112402,1130.401840209961,830.3871059417725
1702290112414,1023.5176849365234,837.2181987762451
1702290112424,857.0413970947266,844.5223903656006
1702290112457,747.7286529541016,840.315055847168
1702290112458,473.38794708251953,816.6075038909912
1702290112474,472.5617218017578,824.8599529266357
1702290112480,466.82838439941406,824.3129539489746
1702290112491,458.3302307128906,819.4606876373291
1702290112503,463.6316680908203,820.8140659332275
1702290112513,469.05616760253906,826.5274715423584
1702290112524,474.1222381591797,836.2375831604004
1702290112535,471.0098648071289,833.9347457885742
1702290112546,465.03501892089844,833.3208847045898
1702290112557,467.7302551269531,822.5836372375488
1702290112589,464.96654510498047,822.5992584228516
1702290112591,468.4830856323242,832.2508335113525
1702290112603,472.4306869506836,833.7553596496582
1702290112613,474.3315124511719,832.2542667388916
1702290112624,474.09271240234375,836.8482685089111
1702290112635,478.45691680908203,839.139347076416
1702290112646,474.7844696044922,837.8678512573242
1702290112658,465.4276657104492,827.8853988647461
1702290112669,464.26353454589844,825.6411838531494
1702290112680,465.30670166015625,828.9896106719971
1702290112691,469.7945022583008,836.7791748046875
1702290112702,465.00499725341797,834.483118057251
1702290112738,463.73863220214844,825.1970958709717
1702290112739,534.0987396240234,813.9416027069092
1702290112746,685.7939910888672,818.0159854888916
1702290112757,1010.5868530273438,826.8999767303467
1702290112769,1098.8916778564453,834.06907081604
1702290112779,1135.9229278564453,839.7324371337891
1702290112790,1146.6077423095703,839.7483158111572
1702290112802,1153.7022399902344,839.2102432250977
1702290112813,1160.4640197753906,838.6620426177979
1702290112824,1170.789566040039,836.7842388153076
1702290112835,1170.0504302978516,833.8136386871338
1702290112874,1169.9746704101562,836.6276836395264
1702290112875,1164.8530578613281,834.5271492004395
1702290112880,1154.1083526611328,827.821455001831
1702290112890,1157.3139953613281,839.3997573852539
1702290112904,1164.541244506836,843.7981510162354
1702290112913,1170.8213806152344,837.3679733276367
1702290112924,1162.1290588378906,828.9786243438721
1702290112937,1159.2253875732422,831.0555553436279
1702290112948,1179.8109817504883,869.3288326263428
1702290112959,1230.2668380737305,853.1546401977539
1702290112970,1240.7827758789062,855.0854873657227
1702290112981,1248.0990982055664,850.1493644714355
1702290112993,1234.785385131836,850.681643486023
1702290113031,1237.7152633666992,847.6258563995361
1702290113037,1242.4751281738281,829.3518590927124
1702290113048,1245.9286880493164,827.3412322998047
1702290113059,1243.1056213378906,831.8238258361816
1702290113071,1243.3833312988281,834.3301677703857
1702290113082,1241.7094039916992,836.0448932647705
1702290113093,1241.334342956543,833.6191463470459
1702290113103,1240.833511352539,824.7174739837646
1702290113114,1244.6493530273438,827.1078586578369
1702290113125,1248.843765258789,823.1861686706543
1702290113136,1245.1713943481445,829.4143867492676
1702290113148,1237.4819946289062,829.6514081954956
1702290113178,1230.542221069336,835.5235147476196
1702290113179,1233.8410568237305,829.2446565628052
1702290113181,1235.462989807129,823.8423442840576
1702290113197,1236.797103881836,820.1836395263672
1702290113203,1233.7009048461914,827.4613952636719
1702290113215,1233.0899047851562,827.0191097259521
1702290113225,1239.423828125,825.5599021911621
1702290113237,1240.4929733276367,821.3842391967773
1702290113247,1242.4518203735352,819.4159698486328
1702290113259,1243.270034790039,820.3336715698242
1702290113270,1242.538185119629,819.1648292541504
1702290113306,1242.841682434082,818.9660453796387
1702290113321,1238.6506271362305,823.3942222595215
1702290113325,1235.4328918457031,827.0990180969238
1702290113337,1235.8063888549805,825.3130960464478
1702290113348,1234.5244216918945,820.5609512329102
1702290113359,1235.2184677124023,814.9779653549194
1702290113370,1213.4357833862305,819.638614654541
1702290113381,1164.7747039794922,820.0802564620972
1702290113392,843.5482406616211,819.5061779022217
1702290113402,724.0135955810547,813.5262250900269
1702290113414,620.0129508972168,813.3069705963135
1702290113426,277.1597385406494,821.3054037094116
1702290113458,270.8915901184082,823.6754035949707
1702290113459,253.63036155700684,837.1029710769653
1702290113474,260.11874198913574,836.2492990493774
1702290113481,262.9075241088867,808.0467081069946
1702290113493,264.5776557922363,801.5889358520508
1702290113504,255.14355659484863,806.8286418914795
1702290113513,252.84881591796875,833.9195108413696
1702290113525,250.73119163513184,838.7787294387817
1702290113536,257.82371520996094,836.3267612457275
1702290113547,261.76727294921875,836.4911270141602
1702290113558,265.61705589294434,840.5424213409424
1702290113589,258.23803901672363,845.9227180480957
1702290113592,261.61964416503906,842.368426322937
1702290113606,263.59097480773926,834.3512392044067
1702290113614,263.51945877075195,832.60338306427
1702290113626,262.1277141571045,829.9935293197632
1702290113637,265.25113105773926,830.8379316329956
1702290113648,269.3798351287842,817.8772830963135
1702290113659,272.5150489807129,816.7860746383667
1702290113670,270.3948974609375,819.4280290603638
1702290113681,252.82483100891113,851.0359954833984
1702290113691,251.6097068786621,853.8659191131592
1702290113703,248.15217971801758,855.2754735946655
1702290113722,261.6121292114258,828.7020349502563
1702290113742,258.9033889770508,821.3925218582153
1702290113743,260.60940742492676,816.5915393829346
1702290113747,262.55051612854004,825.6286525726318
1702290113759,266.9957733154297,830.5491542816162
1702290113770,288.2888984680176,835.6884384155273
1702290113780,300.7222557067871,838.2709550857544
1702290113791,352.2666358947754,837.8517580032349
1702290113803,352.98580169677734,835.4998254776001
1702290113814,356.7072105407715,832.7684783935547
1702290113825,357.5615882873535,833.9653444290161
1702290113836,352.5654983520508,832.5090980529785
1702290113847,346.73511505126953,834.2121505737305
1702290113858,351.2164497375488,829.332160949707
1702290113897,356.43640518188477,824.6645164489746
1702290113903,356.1588478088379,825.6305837631226
1702290113914,360.77152252197266,832.9699230194092
1702290113925,370.16183853149414,831.4683151245117
1702290113937,367.8519821166992,830.756950378418
1702290113947,362.70435333251953,825.3313779830933
1702290113958,361.94629669189453,826.9694995880127
1702290113970,359.93200302124023,822.2644329071045
1702290113980,357.68470764160156,825.1201915740967
1702290113992,347.47365951538086,823.1544971466064
1702290114003,324.3144416809082,840.3427791595459
1702290114043,317.19971656799316,842.3691987991333
1702290114044,289.1197395324707,847.990550994873
1702290114047,291.29079818725586,842.4217700958252
1702290114058,292.73388862609863,843.0073499679565
1702290114069,294.43163871765137,840.3008508682251
1702290114080,303.3655834197998,836.4013051986694
1702290114091,300.9074306488037,837.3986577987671
1702290114102,303.56563568115234,835.3535270690918
1702290114113,298.9053535461426,835.1522970199585
1702290114125,303.5319709777832,832.9666185379028
1702290114136,312.8598403930664,837.0267105102539
1702290114147,396.43165588378906,831.9941139221191
1702290114158,690.9162902832031,809.8932266235352
1702290114193,886.51123046875,796.9749355316162
1702290114209,1160.8375549316406,777.8117322921753
1702290114213,1166.3179397583008,779.5854234695435
1702290114225,1178.087387084961,777.0068979263306
1702290114236,1179.2659378051758,776.1171340942383
1702290114247,1185.4254531860352,772.8514909744263
1702290114258,1188.3354949951172,780.7195901870728
1702290114270,1188.813247680664,780.524754524231
1702290114280,1181.1143493652344,785.9048795700073
1702290114291,1179.9868774414062,788.0130100250244
1702290114325,1176.9988632202148,788.6426210403442
1702290114339,1190.553092956543,787.4685859680176
1702290114346,1188.716163635254,784.0251874923706
1702290114358,1183.2939529418945,791.7950534820557
1702290114369,1181.7284774780273,793.4991359710693
1702290114380,1190.3022384643555,772.0058870315552
1702290114392,1204.1923141479492,771.1346197128296
1702290114403,1211.3423156738281,776.0464525222778
1702290114413,1211.6973876953125,800.2794170379639
1702290114425,1219.5075225830078,797.8084373474121
1702290114436,1218.6988067626953,785.7766056060791
1702290114477,1222.0067977905273,788.58314037323
1702290114478,1227.419776916504,790.2495431900024
1702290114480,1223.2997131347656,803.7578344345093
1702290114492,1215.8694076538086,801.1021041870117
1702290114503,1214.8096466064453,804.2140674591064
1702290114513,1250.3306198120117,838.5855674743652
1702290114522,1291.882438659668,904.7987937927246
1702290114534,1592.9249572753906,1139.7576427459717
1702290114545,nan,nan
1702290114556,nan,nan
1702290114567,nan,nan
1702290114578,nan,nan
1702290114589,nan,nan
1702290114624,nan,nan
1702290114625,nan,nan
1702290114639,nan,nan
1702290114644,nan,nan
1702290114655,nan,nan
1702290114666,nan,nan
1702290114677,nan,nan
1702290114688,nan,nan
1702290114700,nan,nan
1702290114711,nan,nan
1702290114722,nan,nan
1702290114759,nan,nan
1702290114766,nan,nan
1702290114778,nan,nan
1702290114789,nan,nan
1702290114800,nan,nan
1702290114811,nan,nan
1702290114822,nan,nan
1702290114833,nan,nan
1702290114844,nan,nan
1702290114855,nan,nan
1702290114867,nan,nan
1702290114878,nan,nan
1702290114908,nan,nan
1702290114909,nan,nan
1702290114910,nan,nan
1702290114925,nan,nan
1702290114932,nan,nan
1702290114944,nan,nan
1702290114955,nan,nan
1702290114966,nan,nan
1702290114977,nan,nan
1702290114988,nan,nan
1702290115000,nan,nan
1702290115041,nan,nan
1702290115042,nan,nan
1702290115044,nan,nan
1702290115056,nan,nan
1702290115067,nan,nan
1702290115077,nan,nan
1702290115088,nan,nan
1702290115100,nan,nan
1702290115111,nan,nan
1702290115122,nan,nan
1702290115133,nan,nan
1702290115144,nan,nan
1702290115155,nan,nan
1702290115192,nan,nan
1702290115193,nan,nan
1702290115200,nan,nan
1702290115211,nan,nan
1702290115223,nan,nan
1702290115234,nan,nan
1702290115244,nan,nan
1702290115255,nan,nan
1702290115267,nan,nan
1702290115278,nan,nan
1702290115289,nan,nan
1702290115307,nan,nan
1702290115327,nan,nan
1702290115333,nan,nan
1702290115344,nan,nan
1702290115356,nan,nan
1702290115367,nan,nan
1702290115378,nan,nan
1702290115389,nan,nan
1702290115400,nan,nan
1702290115410,nan,nan
1702290115421,nan,nan
1702290115462,nan,nan
1702290115463,nan,nan
1702290115466,nan,nan
1702290115478,nan,nan
1702290115488,nan,nan
1702290115499,nan,nan
1702290115510,nan,nan
1702290115521,nan,nan
1702290115532,nan,nan
1702290115543,nan,nan
1702290115555,nan,nan
1702290115566,nan,nan
1702290115577,nan,nan
1702290115610,nan,nan
1702290115611,nan,nan
1702290115626,nan,nan
1702290115633,nan,nan
1702290115645,nan,nan
1702290115655,nan,nan
1702290115666,nan,nan
1702290115677,nan,nan
1702290115688,nan,nan
1702290115700,nan,nan
1702290115709,nan,nan
1702290115743,nan,nan
1702290115758,nan,nan
1702290115765,nan,nan
1702290115776,nan,nan
1702290115788,nan,nan
1702290115799,nan,nan
1702290115810,nan,nan
1702290115821,nan,nan
1702290115832,nan,nan
1702290115843,nan,nan
1702290115855,nan,nan
1702290115892,nan,nan
1702290115893,nan,nan
1702290115899,nan,nan
1702290115910,nan,nan
1702290115922,nan,nan
1702290115933,nan,nan
1702290115943,nan,nan
1702290115955,nan,nan
1702290115965,nan,nan
1702290115976,nan,nan
1702290115987,nan,nan
1702290115999,nan,nan
1702290116030,nan,nan
1702290116032,nan,nan
1702290116046,nan,nan
1702290116053,nan,nan
1702290116071,nan,nan
1702290116091,nan,nan
1702290116102,nan,nan
1702290116114,nan,nan
1702290116124,nan,nan
1702290116160,nan,nan
1702290116168,nan,nan
1702290116179,nan,nan
1702290116190,nan,nan
1702290116201,nan,nan
1702290116213,nan,nan
1702290116224,nan,nan
1702290116235,nan,nan
1702290116247,nan,nan
1702290116256,nan,nan
1702290116268,nan,nan
1702290116309,nan,nan
1702290116313,nan,nan
1702290116324,nan,nan
1702290116335,nan,nan
1702290116346,nan,nan
1702290116357,nan,nan
1702290116368,nan,nan
1702290116380,nan,nan
1702290116391,nan,nan
1702290116402,nan,nan
1702290116413,nan,nan
1702290116446,nan,nan
1702290116447,nan,nan
1702290116462,nan,nan
1702290116468,nan,nan
1702290116480,nan,nan
1702290116490,nan,nan
1702290116502,nan,nan
1702290116513,nan,nan
1702290116523,nan,nan
1702290116534,nan,nan
1702290116577,nan,nan
1702290116578,nan,nan
1702290116579,nan,nan
1702290116592,nan,nan
1702290116601,nan,nan
1702290116613,nan,nan
1702290116623,nan,nan
1702290116634,nan,nan
1702290116646,nan,nan
1702290116656,nan,nan
1702290116668,nan,nan
1702290116679,nan,nan
1702290116689,nan,nan
1702290116727,nan,nan
1702290116728,nan,nan
1702290116734,nan,nan
1702290116746,nan,nan
1702290116758,nan,nan
1702290116768,nan,nan
1702290116779,nan,nan
1702290116790,nan,nan
1702290116801,nan,nan
1702290116813,nan,nan
1702290116823,nan,nan
1702290116859,nan,nan
1702290116860,nan,nan
1702290116868,nan,nan
1702290116880,nan,nan
1702290116890,nan,nan
1702290116902,nan,nan
1702290116912,nan,nan
1702290116922,nan,nan
1702290116934,nan,nan
1702290116945,nan,nan
1702290116956,nan,nan
1702290116968,nan,nan
1702290116979,nan,nan
1702290117010,nan,nan
1702290117012,nan,nan
1702290117025,nan,nan
1702290117034,nan,nan
1702290117045,nan,nan
1702290117056,nan,nan
1702290117067,nan,nan
1702290117079,nan,nan
1702290117089,nan,nan
1702290117101,nan,nan
1702290117112,nan,nan
1702290117144,nan,nan
1702290117146,nan,nan
1702290117159,nan,nan
1702290117168,nan,nan
1702290117179,nan,nan
1702290117189,nan,nan
1702290117201,nan,nan
1702290117213,nan,nan
1702290117223,nan,nan
1702290117234,nan,nan
1702290117246,nan,nan
1702290117278,nan,nan
1702290117279,nan,nan
1702290117294,nan,nan
1702290117301,nan,nan
1702290117313,nan,nan
1702290117323,nan,nan
1702290117334,nan,nan
1702290117346,nan,nan
1702290117355,nan,nan
1702290117367,nan,nan
1702290117379,nan,nan
1702290117410,nan,nan
1702290117412,nan,nan
1702290117425,nan,nan
1702290117434,nan,nan
1702290117445,nan,nan
1702290117456,nan,nan
1702290117467,nan,nan
1702290117479,nan,nan
1702290117489,nan,nan
1702290117500,nan,nan
1702290117512,nan,nan
1702290117542,nan,nan
1702290117545,nan,nan
1702290117556,nan,nan
1702290117569,nan,nan
1702290117578,nan,nan
1702290117589,nan,nan
1702290117601,nan,nan
1702290117612,nan,nan
1702290117622,nan,nan
1702290117634,nan,nan
1702290117645,nan,nan
1702290117678,nan,nan
1702290117679,nan,nan
1702290117693,nan,nan
1702290117700,nan,nan
1702290117712,nan,nan
1702290117723,nan,nan
1702290117734,nan,nan
1702290117746,nan,nan
1702290117756,nan,nan
1702290117767,nan,nan
1702290117779,nan,nan
1702290117789,nan,nan
1702290117828,nan,nan
1702290117829,nan,nan
1702290117834,nan,nan
1702290117846,nan,nan
1702290117857,nan,nan
1702290117867,nan,nan
1702290117878,nan,nan
1702290117888,nan,nan
1702290117900,nan,nan
1702290117912,nan,nan
1702290117921,nan,nan
1702290117959,nan,nan
1702290117960,nan,nan
1702290117967,nan,nan
1702290117978,nan,nan
1702290117989,nan,nan
1702290118000,nan,nan
1702290118012,nan,nan
1702290118022,nan,nan
1702290118033,nan,nan
1702290118045,nan,nan
1702290118055,nan,nan
1702290118067,nan,nan
1702290118079,nan,nan
1702290118110,nan,nan
1702290118111,nan,nan
1702290118112,nan,nan
1702290118125,nan,nan
1702290118134,nan,nan
1702290118145,nan,nan
1702290118155,nan,nan
1702290118167,nan,nan
1702290118179,nan,nan
1702290118189,nan,nan
1702290118201,nan,nan
1702290118212,nan,nan
1702290118245,nan,nan
1702290118246,nan,nan
1702290118259,nan,nan
1702290118267,nan,nan
1702290118278,nan,nan
1702290118288,nan,nan
1702290118300,nan,nan
1702290118311,nan,nan
1702290118322,nan,nan
1702290118333,nan,nan
1702290118345,nan,nan
1702290118355,nan,nan
1702290118371,nan,nan
1702290118395,nan,nan
1702290118400,nan,nan
1702290118412,nan,nan
1702290118421,nan,nan
1702290118433,nan,nan
1702290118445,nan,nan
1702290118455,nan,nan
1702290118467,nan,nan
1702290118478,nan,nan
1702290118488,nan,nan
1702290118513,nan,nan
1702290118532,nan,nan
1702290118533,nan,nan
1702290118549,nan,nan
1702290118555,nan,nan
1702290118567,nan,nan
1702290118578,nan,nan
1702290118588,nan,nan
1702290118599,nan,nan
1702290118611,nan,nan
1702290118622,nan,nan
1702290118633,nan,nan
1702290118644,nan,nan
1702290118678,nan,nan
1702290118679,nan,nan
1702290118693,nan,nan
1702290118700,nan,nan
1702290118712,nan,nan
1702290118722,nan,nan
1702290118733,nan,nan
1702290118746,nan,nan
1702290118756,nan,nan
1702290118767,nan,nan
1702290118779,nan,nan
1702290118810,nan,nan
1702290118811,nan,nan
1702290118812,nan,nan
1702290118825,nan,nan
1702290118835,nan,nan
1702290118854,nan,nan
1702290118867,nan,nan
1702290118879,nan,nan
1702290118890,nan,nan
1702290118901,nan,nan
1702290118913,1272.4142456054688,809.2288970947266
1702290118945,1272.4142456054688,809.2288970947266
1702290118946,1272.4142456054688,809.2288970947266
1702290118961,1336.328125,823.7557411193848
1702290118969,1347.8567504882812,823.8590812683105
1702290118980,1336.0426330566406,822.5529956817627
1702290118991,1312.4534606933594,830.9832859039307
1702290119002,1291.6319274902344,837.0725440979004
1702290119012,1267.1524810791016,839.5758819580078
1702290119023,1242.2599029541016,845.7823848724365
1702290119035,1237.2796630859375,841.1405754089355
1702290119046,1234.8131561279297,838.9997863769531
1702290119079,1223.8805389404297,836.9094657897949
1702290119080,1223.5875701904297,830.9904098510742
1702290119095,1219.6977233886719,824.9971961975098
1702290119102,1223.180923461914,826.538200378418
1702290119113,1222.1802520751953,822.5516223907471
1702290119124,1225.8329772949219,819.1797637939453
1702290119135,1217.8500366210938,822.3645114898682
1702290119146,1147.7190399169922,831.0736656188965
1702290119157,873.5224914550781,839.6436882019043
1702290119168,788.7448883056641,842.8032875061035
1702290119179,621.7155838012695,826.5242099761963
1702290119190,378.809814453125,806.2105751037598
1702290119228,378.44417572021484,803.4769535064697
1702290119235,361.1435317993164,810.0325298309326
1702290119246,359.93160247802734,814.5295429229736
1702290119257,355.85521697998047,821.7149448394775
1702290119268,361.64852142333984,820.6087589263916
1702290119279,363.2774353027344,816.9855880737305
1702290119291,363.2661819458008,820.825309753418
1702290119302,360.4812240600586,818.2503890991211
1702290119313,358.73287200927734,818.0261993408203
1702290119324,353.99547576904297,810.0342464447021
1702290119365,358.9229965209961,813.1486988067627
1702290119366,359.4695281982422,819.794397354126
1702290119369,360.7139205932617,824.5869255065918
1702290119386,360.8677291870117,823.7520503997803
1702290119391,367.15686798095703,813.2097244262695
1702290119402,368.01517486572266,810.20676612854
1702290119412,366.7081069946289,798.5817718505859
1702290119423,358.97308349609375,795.8613681793213
1702290119434,356.8882369995117,796.9832611083984
1702290119445,358.7202835083008,801.7060947418213
1702290119457,359.21478271484375,800.9797096252441
1702290119468,360.09891510009766,804.6887111663818
1702290119479,359.3302917480469,804.2022228240967
1702290119514,359.53895568847656,809.880952835083
1702290119515,359.9810791015625,811.3028240203857
1702290119530,363.24928283691406,816.7057800292969
1702290119534,361.7010498046875,816.7041492462158
1702290119547,358.9508056640625,816.8540954589844
1702290119557,352.74436950683594,812.1197605133057
1702290119568,346.8248748779297,809.4048500061035
1702290119579,348.0232620239258,807.0347213745117
1702290119590,386.0802459716797,802.8575992584229
1702290119601,494.08935546875,804.7608089447021
1702290119613,703.1986236572266,810.1871967315674
1702290119646,1164.1364288330078,826.4846420288086
1702290119647,1362.0268249511719,885.4427289962769
1702290119660,1374.1136932373047,879.7286796569824
1702290119670,1380.8670806884766,885.4171085357666
1702290119681,1383.7931823730469,885.1823616027832
1702290119692,1394.7608184814453,884.302167892456
1702290119703,1395.1305389404297,878.9186096191406
1702290119714,1393.3619689941406,875.9673643112183
1702290119726,1391.4115905761719,873.7951183319092
1702290119737,1388.3781433105469,875.2739381790161
1702290119748,1383.7267303466797,874.6762561798096
1702290119779,1377.5514221191406,869.9899435043335
1702290119780,1378.4736633300781,863.9397811889648
1702290119794,1391.30615234375,866.0541772842407
1702290119802,1391.9165802001953,870.7257270812988
1702290119814,1388.7821197509766,872.3008489608765
1702290119825,1389.7034454345703,875.2683591842651
1702290119836,1417.9403686523438,876.3954877853394
1702290119847,1533.7351989746094,873.1358098983765
1702290119858,1710.9014892578125,860.3110313415527
1702290119869,1766.487045288086,857.0922517776489
1702290119880,1778.0732727050781,857.3268270492554
1702290119892,1801.7866516113281,860.9173393249512
1702290119929,1808.3203125,857.6578330993652
1702290119930,1800.3632354736328,853.4587383270264
1702290119937,1796.0706329345703,853.0334901809692
1702290119947,1801.4497375488281,857.8979015350342
1702290119959,1798.2684326171875,863.0093765258789
1702290119970,1799.0687561035156,859.1273403167725
1702290119980,1799.0426635742188,857.0814800262451
1702290119991,1801.2516021728516,854.5377588272095
1702290120002,1819.156494140625,858.7533760070801
1702290120013,1854.4528198242188,859.986891746521
1702290120025,1912.7059936523438,861.479058265686
1702290120036,1916.797103881836,857.6307964324951
1702290120067,1909.661636352539,859.9944019317627
1702290120068,1904.9085998535156,860.8089780807495
1702290120069,1906.0110473632812,860.9312868118286
1702290120083,1908.2829284667969,861.689043045044
1702290120091,1914.1060638427734,861.3423299789429
1702290120103,1915.0353240966797,867.3266172409058
1702290120114,1916.7896270751953,860.8588027954102
1702290120125,1911.2316131591797,861.198992729187
1702290120136,1910.2265167236328,855.6686210632324
1702290120147,1907.5285339355469,860.927209854126
1702290120158,1912.767562866211,855.4054641723633
1702290120197,1913.2160949707031,853.9557409286499
1702290120198,1922.6998138427734,849.7710227966309
1702290120203,1917.4100494384766,857.1395874023438
1702290120214,1911.5187072753906,858.456015586853
1702290120225,1909.9198913574219,863.4844923019409
1702290120236,1914.415512084961,863.9112424850464
1702290120247,1914.6882629394531,864.4185876846313
1702290120258,1915.1522827148438,865.462589263916
1702290120270,1914.0118408203125,868.2954740524292
1702290120280,1918.9591217041016,867.282543182373
1702290120292,1922.4739837646484,869.0533590316772
1702290120303,1923.2469940185547,867.6211452484131
1702290120314,1915.1438903808594,868.562536239624
1702290120348,1909.0363311767578,864.5157051086426
1702290120363,1896.4700317382812,830.6990575790405
1702290120369,1901.1865234375,831.318883895874
1702290120380,1905.8258056640625,852.3204946517944
1702290120391,1906.9600677490234,849.1728258132935
1702290120402,1905.9918975830078,848.1300258636475
1702290120413,1918.0055236816406,845.3924989700317
1702290120424,1888.714828491211,842.1629905700684
1702290120436,1851.2965393066406,838.5082769393921
1702290120446,1792.7700805664062,840.4573202133179
1702290120489,1496.3105773925781,855.8754730224609
1702290120491,1323.1333923339844,863.755202293396
1702290120506,1324.691162109375,873.8701772689819
1702290120513,1321.1641693115234,873.6316967010498
1702290120525,1305.0293731689453,873.0747842788696
1702290120536,1304.5526123046875,873.1634902954102
1702290120546,1302.9107666015625,870.6550455093384
1702290120558,1294.11376953125,858.7050104141235
1702290120569,1290.2440643310547,854.1821193695068
1702290120580,1294.585189819336,856.2172508239746
1702290120591,1284.2866134643555,859.4308376312256
1702290120602,1284.2726516723633,861.5598678588867
1702290120632,1280.110969543457,862.5257635116577
1702290120636,1290.4749298095703,866.8330907821655
1702290120648,1291.6988372802734,864.9255037307739
1702290120658,1291.3912200927734,863.4835052490234
1702290120669,1290.1905822753906,865.5169630050659
1702290120680,1289.9929809570312,865.2833318710327
1702290120691,1283.4217834472656,861.8577432632446
1702290120702,1285.9121704101562,858.8119983673096
1702290120713,1283.612060546875,861.5545034408569
1702290120725,1278.7617874145508,855.521936416626
1702290120735,1276.525001525879,852.9110527038574
1702290120746,1279.0472030639648,847.7267503738403
1702290120782,1279.4888305664062,853.6737012863159
1702290120783,1292.6262664794922,865.7733392715454
1702290120799,1298.834457397461,862.3423862457275
1702290120801,1289.4524002075195,848.5021448135376
1702290120813,1293.2905197143555,851.261944770813
1702290120824,1287.0771408081055,856.6783332824707
1702290120835,1287.546501159668,860.8003950119019
1702290120846,1285.9778213500977,860.6592035293579
1702290120857,1314.3924713134766,884.5540380477905
1702290120868,1319.9270629882812,882.2226619720459
1702290120879,1328.2730102539062,881.4452505111694
1702290120891,1395.3070831298828,887.0001268386841
1702290120901,1394.6037292480469,891.8677139282227
1702290120934,1393.2145690917969,894.9002408981323
1702290120935,1449.1412353515625,905.1979923248291
1702290120950,1448.973159790039,902.0256900787354
1702290120957,1467.6124572753906,924.5204544067383
1702290120968,1464.7789001464844,924.3271207809448
1702290120979,1465.361328125,925.8465814590454
1702290120990,1457.850112915039,921.8771266937256
1702290121001,1461.696548461914,926.7697763442993
1702290121012,1464.0890502929688,927.3511934280396
1702290121023,1360.4098510742188,848.8152122497559
1702290121064,1367.1812438964844,843.7169551849365
1702290121065,1372.5141906738281,839.1558265686035
1702290121067,nan,nan
1702290121079,nan,nan
1702290121089,nan,nan
1702290121099,nan,nan
1702290121110,nan,nan
1702290121121,nan,nan
1702290121132,nan,nan
1702290121142,nan,nan
1702290121159,nan,nan
1702290121198,nan,nan
1702290121199,nan,nan
1702290121200,nan,nan
1702290121214,nan,nan
1702290121223,nan,nan
1702290121234,nan,nan
1702290121245,nan,nan
1702290121255,nan,nan
1702290121267,nan,nan
1702290121278,nan,nan
1702290121289,nan,nan
1702290121300,nan,nan
1702290121332,nan,nan
1702290121333,nan,nan
1702290121334,nan,nan
1702290121348,nan,nan
1702290121356,nan,nan
1702290121368,nan,nan
1702290121378,nan,nan
1702290121389,nan,nan
1702290121400,nan,nan
1702290121412,nan,nan
1702290121422,nan,nan
1702290121434,nan,nan
1702290121446,nan,nan
1702290121481,nan,nan
1702290121482,nan,nan
1702290121497,nan,nan
1702290121500,nan,nan
1702290121513,nan,nan
1702290121522,nan,nan
1702290121533,nan,nan
1702290121546,nan,nan
1702290121555,nan,nan
1702290121567,nan,nan
1702290121578,nan,nan
1702290121615,nan,nan
1702290121622,nan,nan
1702290121634,nan,nan
1702290121645,nan,nan
1702290121656,nan,nan
1702290121667,nan,nan
1702290121678,nan,nan
1702290121689,nan,nan
1702290121700,nan,nan
1702290121712,nan,nan
1702290121749,nan,nan
1702290121750,nan,nan
1702290121755,nan,nan
1702290121767,nan,nan
1702290121780,nan,nan
1702290121789,nan,nan
1702290121799,nan,nan
1702290121812,nan,nan
1702290121821,nan,nan
1702290121833,nan,nan
1702290121844,nan,nan
1702290121882,nan,nan
1702290121883,nan,nan
1702290121888,nan,nan
1702290121900,nan,nan
1702290121911,nan,nan
1702290121922,nan,nan
1702290121933,nan,nan
1702290121945,nan,nan
1702290121955,nan,nan
1702290121967,nan,nan
1702290121978,nan,nan
1702290121988,nan,nan
1702290122000,nan,nan
1702290122032,nan,nan
1702290122033,nan,nan
1702290122047,nan,nan
1702290122055,nan,nan
1702290122067,nan,nan
1702290122078,nan,nan
1702290122089,nan,nan
1702290122100,nan,nan
1702290122112,nan,nan
1702290122122,nan,nan
1702290122134,nan,nan
1702290122165,nan,nan
1702290122166,nan,nan
1702290122167,nan,nan
1702290122180,nan,nan
1702290122188,nan,nan
1702290122199,nan,nan
1702290122211,nan,nan
1702290122221,nan,nan
1702290122233,nan,nan
1702290122244,nan,nan
1702290122255,nan,nan
1702290122266,nan,nan
1702290122297,nan,nan
1702290122298,nan,nan
1702290122300,nan,nan
1702290122313,nan,nan
1702290122322,nan,nan
1702290122333,nan,nan
1702290122345,nan,nan
1702290122356,nan,nan
1702290122367,nan,nan
1702290122379,nan,nan
1702290122389,nan,nan
1702290122401,nan,nan
1702290122432,nan,nan
1702290122433,nan,nan
1702290122434,nan,nan
1702290122448,nan,nan
1702290122456,nan,nan
1702290122475,nan,nan
1702290122490,nan,nan
1702290122501,nan,nan
1702290122512,1898.1549072265625,804.1835117340088
1702290122523,1898.1549072265625,804.1835117340088
1702290122535,1898.1549072265625,804.1835117340088
1702290122564,1887.2489929199219,806.7591190338135
1702290122565,1897.7392578125,799.2184638977051
1702290122568,1901.8333435058594,796.9954490661621
1702290122580,1903.5662841796875,796.5632915496826
1702290122590,1951.8244934082031,854.6411418914795
1702290122601,1982.4301147460938,886.6236305236816
1702290122613,2004.6875,924.8996543884277
1702290122623,2018.8063049316406,945.4142189025879
1702290122634,2020.2912902832031,944.4372081756592
1702290122646,2020.9844970703125,945.2889060974121
1702290122657,2026.0202026367188,954.6800708770752
1702290122698,2020.1011657714844,956.9911479949951
1702290122699,2015.7040405273438,955.5663585662842
1702290122701,2014.4638061523438,946.2283229827881
1702290122714,2014.0646362304688,954.9155044555664
1702290122724,2008.1948852539062,1018.6471080780029
1702290122734,2000.9712219238281,1048.0981922149658
1702290122745,2012.2731018066406,1068.6602210998535
1702290122756,nan,nan
1702290122767,nan,nan
1702290122778,nan,nan
1702290122789,nan,nan
1702290122800,nan,nan
1702290122833,nan,nan
1702290122834,nan,nan
1702290122853,nan,nan
1702290122871,nan,nan
1702290122883,nan,nan
1702290122893,nan,nan
1702290122904,nan,nan
1702290122916,nan,nan
1702290122925,nan,nan
1702290122964,nan,nan
1702290122970,nan,nan
1702290122981,nan,nan
1702290122992,nan,nan
1702290123003,nan,nan
1702290123015,nan,nan
1702290123025,nan,nan
1702290123037,nan,nan
1702290123048,nan,nan
1702290123058,nan,nan
1702290123070,nan,nan
1702290123082,nan,nan
1702290123116,nan,nan
1702290123131,nan,nan
1702290123137,nan,nan
1702290123149,nan,nan
1702290123159,nan,nan
1702290123170,nan,nan
1702290123182,nan,nan
1702290123192,nan,nan
1702290123204,nan,nan
1702290123215,nan,nan
1702290123248,nan,nan
1702290123249,nan,nan
1702290123264,nan,nan
1702290123271,nan,nan
1702290123282,nan,nan
1702290123292,nan,nan
1702290123303,nan,nan
1702290123315,nan,nan
1702290123325,nan,nan
1702290123336,nan,nan
1702290123348,nan,nan
1702290123358,nan,nan
1702290123398,nan,nan
1702290123403,nan,nan
1702290123415,nan,nan
1702290123427,nan,nan
1702290123436,nan,nan
1702290123449,nan,nan
1702290123459,nan,nan
1702290123470,nan,nan
1702290123482,nan,nan
1702290123493,nan,nan
1702290123532,nan,nan
1702290123537,nan,nan
1702290123549,nan,nan
1702290123561,nan,nan
1702290123571,nan,nan
1702290123582,nan,nan
1702290123593,nan,nan
1702290123605,nan,nan
1702290123616,nan,nan
1702290123626,nan,nan
1702290123638,nan,nan
1702290123649,nan,nan
1702290123684,nan,nan
1702290123685,nan,nan
1702290123689,nan,nan
1702290123703,nan,nan
1702290123715,1359.8764038085938,842.9013919830322
1702290123726,1359.8764038085938,842.9013919830322
1702290123737,1359.8764038085938,842.9013919830322
1702290123749,1342.4661254882812,813.4586334228516
1702290123760,1342.4661254882812,813.4586334228516
1702290123771,1342.4661254882812,813.4586334228516
1702290123783,1364.2254638671875,819.6291732788086
1702290123815,1364.2254638671875,819.6291732788086
1702290123830,1293.2231140136719,877.5717544555664
1702290123837,1302.6419067382812,880.5969429016113
1702290123849,1303.72802734375,877.1804523468018
1702290123859,1309.2367553710938,871.6339874267578
1702290123871,1304.6006774902344,858.1764221191406
1702290123882,1305.0404357910156,858.8665008544922
1702290123893,1312.0013427734375,863.2297897338867
1702290123905,1309.105224609375,866.6615581512451
1702290123916,1305.6982421875,868.8214015960693
1702290123927,1299.8686218261719,867.3352432250977
1702290123947,1304.3669128417969,867.2325038909912
1702290123966,1308.0889892578125,869.3829917907715
1702290123967,1306.2336730957031,864.4421482086182
1702290123971,1303.7226867675781,864.973611831665
1702290123982,1301.7057800292969,865.2217483520508
1702290123994,1303.0900573730469,871.3449096679688
1702290124004,1303.8203430175781,873.6740970611572
1702290124015,1305.7025146484375,868.9710903167725
1702290124026,1302.0793151855469,876.0348701477051
1702290124038,1302.149658203125,870.589599609375
1702290124049,1308.4356689453125,873.9117622375488
1702290124060,1314.2874145507812,869.6096706390381
1702290124099,1313.3137512207031,870.6059074401855
1702290124100,1314.1754150390625,874.5744609832764
1702290124104,1318.71826171875,874.5919704437256
1702290124116,1315.5099487304688,874.6074199676514
1702290124128,1311.7633056640625,872.426118850708
1702290124138,1306.8064880371094,867.8883361816406
1702290124149,1312.5700378417969,866.5183925628662
1702290124160,1318.0123901367188,867.1671867370605
1702290124171,1318.1083679199219,864.7353458404541
1702290124182,1314.1111755371094,864.8829746246338
1702290124193,1309.5315551757812,867.6707553863525
1702290124232,1314.6961975097656,872.2464752197266
1702290124233,1378.9596557617188,867.9150295257568
1702290124237,1399.5387268066406,864.4231796264648
1702290124248,1387.4696350097656,863.7331867218018
1702290124260,1389.1972351074219,862.1172523498535
1702290124271,1388.973388671875,860.255241394043
1702290124282,1390.9881591796875,847.6550388336182
1702290124292,1395.8924865722656,843.9422607421875
1702290124304,1393.6354064941406,844.3042087554932
1702290124315,1399.3612670898438,854.85520362854
1702290124326,1401.3168334960938,858.8027286529541
1702290124367,1402.8802490234375,864.3225002288818
1702290124371,1393.5942077636719,856.4764595031738
1702290124383,1393.4963989257812,867.288122177124
1702290124393,1398.1950378417969,866.4314460754395
1702290124404,1403.0644226074219,867.0357799530029
1702290124415,1407.01416015625,854.7977828979492
1702290124426,1414.0011596679688,845.0595188140869
1702290124437,nan,nan
1702290124448,nan,nan
1702290124459,nan,nan
1702290124470,nan,nan
1702290124481,nan,nan
1702290124517,nan,nan
1702290124531,nan,nan
1702290124536,nan,nan
1702290124550,nan,nan
1702290124559,nan,nan
1702290124568,nan,nan
1702290124586,nan,nan
1702290124604,nan,nan
1702290124616,nan,nan
1702290124649,nan,nan
1702290124665,nan,nan
1702290124671,nan,nan
1702290124683,nan,nan
1702290124693,nan,nan
1702290124704,nan,nan
1702290124716,nan,nan
1702290124726,nan,nan
1702290124737,nan,nan
1702290124749,nan,nan
1702290124783,nan,nan
1702290124784,nan,nan
1702290124799,nan,nan
1702290124805,nan,nan
1702290124817,nan,nan
1702290124826,nan,nan
1702290124838,nan,nan
1702290124849,nan,nan
1702290124860,nan,nan
1702290124871,nan,nan
1702290124883,nan,nan
1702290124918,nan,nan
1702290124919,nan,nan
1702290124933,nan,nan
1702290124937,nan,nan
1702290124949,nan,nan
1702290124959,nan,nan
1702290124970,nan,nan
1702290124982,nan,nan
1702290124992,nan,nan
1702290125004,nan,nan
1702290125015,nan,nan
1702290125026,nan,nan
1702290125037,nan,nan
1702290125069,nan,nan
1702290125070,nan,nan
1702290125084,nan,nan
1702290125092,nan,nan
1702290125104,nan,nan
1702290125116,nan,nan
1702290125126,nan,nan
1702290125137,nan,nan
1702290125149,nan,nan
1702290125159,nan,nan
1702290125200,nan,nan
1702290125201,nan,nan
1702290125204,nan,nan
1702290125216,nan,nan
1702290125227,nan,nan
1702290125237,nan,nan
1702290125250,nan,nan
1702290125260,nan,nan
1702290125271,nan,nan
1702290125283,nan,nan
1702290125293,nan,nan
1702290125304,nan,nan
1702290125316,nan,nan
1702290125349,nan,nan
1702290125350,nan,nan
1702290125365,nan,nan
1702290125371,nan,nan
1702290125382,nan,nan
1702290125392,nan,nan
1702290125404,nan,nan
1702290125415,nan,nan
1702290125425,nan,nan
1702290125437,nan,nan
1702290125449,nan,nan
1702290125485,nan,nan
1702290125486,nan,nan
1702290125492,nan,nan
1702290125504,nan,nan
1702290125517,nan,nan
1702290125525,nan,nan
1702290125537,nan,nan
1702290125549,nan,nan
1702290125558,nan,nan
1702290125570,nan,nan
1702290125583,nan,nan
1702290125617,nan,nan
1702290125632,nan,nan
1702290125638,nan,nan
1702290125650,nan,nan
1702290125659,nan,nan
1702290125670,nan,nan
1702290125682,nan,nan
1702290125692,nan,nan
1702290125704,nan,nan
1702290125716,nan,nan
1702290125750,nan,nan
1702290125765,nan,nan
1702290125771,nan,nan
1702290125783,nan,nan
1702290125793,nan,nan
1702290125804,nan,nan
1702290125816,nan,nan
1702290125826,nan,nan
1702290125838,nan,nan
1702290125850,nan,nan
1702290125884,nan,nan
1702290125885,nan,nan
1702290125900,nan,nan
1702290125904,nan,nan
1702290125916,nan,nan
1702290125926,nan,nan
1702290125944,nan,nan
1702290125959,nan,nan
1702290125971,nan,nan
1702290125982,nan,nan
1702290126017,nan,nan
1702290126031,784.5423126220703,968.0584144592285
1702290126038,784.5423126220703,968.0584144592285
1702290126049,790.4051971435547,960.5026531219482
1702290126060,738.0360412597656,974.0782356262207
1702290126072,726.1244964599609,967.2915172576904
1702290126083,723.6117553710938,969.1631412506104
1702290126094,727.2276306152344,963.8897037506104
1702290126105,731.1376953125,963.9029216766357
1702290126116,729.6762084960938,963.8937377929688
1702290126150,735.201416015625,972.2144222259521
1702290126151,737.5818634033203,973.4440326690674
1702290126167,735.7533264160156,987.7267742156982
1702290126172,732.2556304931641,992.6629829406738
1702290126184,733.2583618164062,988.9873695373535
1702290126194,735.6450653076172,982.4601173400879
1702290126205,738.5710906982422,976.0917377471924
1702290126217,736.8893432617188,974.0524005889893
1702290126228,740.0796508789062,970.1823806762695
1702290126238,735.4914855957031,973.4441184997559
1702290126249,742.3314666748047,982.8249835968018
1702290126260,737.2215270996094,985.5161190032959
1702290126271,747.9029846191406,986.3145160675049
1702290126301,743.8886260986328,979.9248504638672
1702290126304,737.4227905273438,982.0029830932617
1702290126318,737.835693359375,989.8157215118408
1702290126327,738.1884765625,991.7038249969482
1702290126338,745.7017517089844,997.4239253997803
1702290126349,738.5555267333984,991.0841274261475
1702290126360,737.4798583984375,983.5304260253906
1702290126371,735.003662109375,980.1426029205322
1702290126383,739.4585418701172,981.0954093933105
1702290126393,743.1809234619141,982.1036624908447
1702290126434,741.3160705566406,977.3822021484375
1702290126435,742.4726104736328,973.306360244751
1702290126438,738.154296875,979.7655487060547
1702290126450,740.7989501953125,988.8616275787354
1702290126460,773.067626953125,988.991060256958
1702290126472,802.3821258544922,984.4076156616211
1702290126483,832.288818359375,978.2010269165039
1702290126494,838.0282592773438,977.801399230957
1702290126504,847.7626037597656,985.6526756286621
1702290126516,839.3593597412109,981.5893650054932
1702290126526,858.2173156738281,971.2157821655273
1702290126538,845.1966857910156,979.2470455169678
1702290126549,847.1681976318359,986.8867492675781
1702290126586,839.0277099609375,989.0421295166016
1702290126601,843.8816070556641,999.2685127258301
1702290126604,843.8816070556641,999.2685127258301
1702290126615,826.4408874511719,997.6770401000977
1702290126626,840.3555297851562,994.2808055877686
1702290126637,851.2467193603516,990.5810737609863
1702290126649,846.1560821533203,989.0023040771484
1702290126660,836.4048004150391,992.4339008331299
1702290126670,819.9460601806641,996.8461990356445
1702290126682,845.2918243408203,1006.7180156707764
1702290126718,854.82177734375,1014.4844055175781
1702290126719,857.3592376708984,1012.2855091094971
1702290126734,852.7561187744141,1007.9602432250977
1702290126737,927.2233581542969,1003.8283538818359
1702290126751,1069.8217010498047,1013.5996627807617
1702290126760,1289.6961975097656,1008.5055255889893
1702290126771,1340.8662414550781,1008.4095668792725
1702290126782,1360.7867431640625,1000.546875
1702290126793,1362.8736877441406,1012.0120525360107
1702290126804,1366.412353515625,1017.8730010986328
1702290126815,1361.1476135253906,1018.106803894043
1702290126826,1358.2080078125,1021.07834815979
1702290126838,1364.1653442382812,1019.3924617767334
1702290126868,1364.697265625,1022.1941471099854
1702290126871,1365.0090026855469,1020.8364772796631
1702290126884,1373.7794494628906,1022.3046112060547
1702290126893,1371.4433288574219,1021.1740493774414
1702290126905,1372.3733520507812,1015.0393009185791
1702290126916,1364.30419921875,1012.4246406555176
1702290126926,1368.6886596679688,1007.6681613922119
1702290126937,1369.2805480957031,1009.7402000427246
1702290126948,1372.9656982421875,1012.2305774688721
1702290126959,1375.4974365234375,1020.2196979522705
1702290126970,1378.5372924804688,1023.8412380218506
1702290127003,1380.7254028320312,1018.0765056610107
1702290127018,1397.7650451660156,1010.2833366394043
1702290127025,nan,nan
1702290127037,nan,nan
1702290127047,nan,nan
1702290127058,nan,nan
1702290127070,nan,nan
1702290127081,nan,nan
1702290127092,nan,nan
1702290127103,nan,nan
1702290127137,nan,nan
1702290127138,nan,nan
1702290127154,nan,nan
1702290127173,nan,nan
1702290127184,nan,nan
1702290127195,nan,nan
1702290127206,nan,nan
1702290127218,nan,nan
1702290127228,nan,nan
1702290127240,nan,nan
1702290127251,nan,nan
1702290127286,nan,nan
1702290127287,nan,nan
1702290127300,nan,nan
1702290127306,nan,nan
1702290127318,nan,nan
1702290127328,nan,nan
1702290127339,nan,nan
1702290127350,nan,nan
1702290127360,nan,nan
1702290127372,nan,nan
1702290127383,nan,nan
1702290127419,nan,nan
1702290127420,nan,nan
1702290127435,nan,nan
1702290127438,nan,nan
1702290127451,nan,nan
1702290127460,nan,nan
1702290127472,nan,nan
1702290127484,nan,nan
1702290127494,nan,nan
1702290127505,nan,nan
1702290127517,nan,nan
1702290127551,nan,nan
1702290127567,nan,nan
1702290127572,nan,nan
1702290127584,nan,nan
1702290127594,nan,nan
1702290127605,nan,nan
1702290127617,nan,nan
1702290127627,nan,nan
1702290127639,nan,nan
1702290127650,nan,nan
1702290127685,nan,nan
1702290127686,nan,nan
1702290127703,nan,nan
1702290127705,nan,nan
1702290127717,nan,nan
1702290127727,nan,nan
1702290127739,nan,nan
1702290127751,nan,nan
1702290127761,nan,nan
1702290127772,nan,nan
1702290127784,nan,nan
1702290127819,nan,nan
1702290127820,nan,nan
1702290127833,nan,nan
1702290127840,nan,nan
1702290127851,nan,nan
1702290127860,nan,nan
1702290127872,nan,nan
1702290127884,nan,nan
1702290127893,nan,nan
1702290127905,nan,nan
1702290127916,nan,nan
1702290127927,nan,nan
1702290127950,nan,nan
1702290127969,nan,nan
1702290127972,nan,nan
1702290127984,nan,nan
1702290127994,nan,nan
1702290128005,nan,nan
1702290128017,nan,nan
1702290128027,nan,nan
1702290128039,nan,nan
1702290128050,nan,nan
1702290128060,nan,nan
1702290128072,nan,nan
1702290128106,nan,nan
1702290128107,nan,nan
1702290128121,nan,nan
1702290128127,nan,nan
1702290128139,nan,nan
1702290128150,nan,nan
1702290128160,nan,nan
1702290128172,nan,nan
1702290128183,nan,nan
1702290128194,nan,nan
1702290128205,nan,nan
1702290128238,nan,nan
1702290128239,nan,nan
1702290128255,nan,nan
1702290128261,nan,nan
1702290128273,nan,nan
1702290128284,nan,nan
1702290128293,nan,nan
1702290128305,nan,nan
1702290128317,nan,nan
1702290128326,nan,nan
1702290128338,nan,nan
1702290128350,nan,nan
1702290128386,nan,nan
1702290128387,nan,nan
1702290128402,nan,nan
1702290128406,nan,nan
1702290128417,nan,nan
1702290128428,nan,nan
1702290128439,nan,nan
1702290128450,nan,nan
1702290128461,nan,nan
1702290128473,nan,nan
1702290128484,nan,nan
1702290128494,nan,nan
1702290128506,nan,nan
1702290128537,nan,nan
1702290128539,nan,nan
1702290128558,nan,nan
1702290128572,nan,nan
1702290128583,1805.1152038574219,998.1897926330566
1702290128594,1805.1152038574219,998.1897926330566
1702290128605,1805.1152038574219,998.1897926330566
1702290128617,1801.8472290039062,998.2254123687744
1702290128628,1856.2759399414062,982.1269226074219
1702290128639,1871.8746948242188,981.5994071960449
1702290128670,1873.8175964355469,975.166654586792
1702290128672,1865.2561950683594,976.6626834869385
1702290128684,1798.2394409179688,948.8829803466797
1702290128696,1548.2038879394531,851.467809677124
1702290128705,1565.3407287597656,848.343915939331
1702290128717,1544.0489196777344,847.6965808868408
1702290128727,1558.1654357910156,853.9853954315186
1702290128739,1550.4203796386719,848.3233165740967
1702290128750,1550.9172058105469,830.1670360565186
1702290128761,1543.3929443359375,823.3681297302246
1702290128772,1543.2453918457031,826.4422416687012
1702290128805,1557.7996826171875,836.8221759796143
1702290128821,1537.2337341308594,845.2568435668945
1702290128828,1442.56103515625,857.4197387695312
1702290128839,1409.5967102050781,855.3296756744385
1702290128850,1395.0613403320312,850.3584480285645
1702290128861,1405.1081848144531,849.7190093994141
1702290128872,1400.93505859375,851.4435195922852
1702290128884,1398.3920288085938,850.3629970550537
1702290128895,1394.8475646972656,846.8566417694092
1702290128936,1396.13037109375,849.6474266052246
1702290128937,1393.5043334960938,849.4032382965088
1702290128939,1390.4600524902344,848.0087471008301
1702290128952,1393.7684631347656,854.272928237915
1702290128961,1393.6807250976562,853.2673358917236
1702290128972,1396.8305969238281,853.7801742553711
1702290128984,1398.9289855957031,856.206865310669
1702290128995,1399.4898986816406,856.6199684143066
1702290129006,1401.1170959472656,853.282356262207
1702290129017,1398.4080505371094,844.2515087127686
1702290129028,1398.724365234375,844.246015548706
1702290129039,1397.4794006347656,850.806827545166
1702290129051,1394.9946594238281,856.5004062652588
1702290129086,1396.5139770507812,866.288537979126
1702290129087,1411.5884399414062,862.2733783721924
1702290129102,1413.6935424804688,862.2271156311035
1702290129106,1415.4365539550781,864.1381359100342
1702290129117,1407.2181701660156,865.9745693206787
1702290129128,1406.1434936523438,862.824239730835
1702290129138,1411.5615844726562,859.220552444458
1702290129149,1493.0357360839844,858.7309741973877
1702290129160,1740.4006958007812,862.3871898651123
1702290129172,1877.4974060058594,867.8685092926025
1702290129183,1973.0705261230469,872.4335861206055
1702290129219,2035.7881164550781,868.3424663543701
1702290129220,2039.6022033691406,870.7613468170166
1702290129234,2036.5129089355469,882.4519157409668
1702290129238,2037.3698425292969,878.8226509094238
1702290129250,2042.9678344726562,873.9660930633545
1702290129261,2050.8612060546875,869.950590133667
1702290129272,2053.8925170898438,870.2420711517334
1702290129283,2048.082733154297,869.2242050170898
1702290129294,2050.6671142578125,880.1781749725342
1702290129305,2048.7142944335938,876.2208652496338
1702290129316,2068.314666748047,874.3941307067871
1702290129353,2071.859130859375,843.4622097015381
1702290129354,nan,nan
1702290129360,nan,nan
1702290129371,nan,nan
1702290129382,nan,nan
1702290129393,nan,nan
1702290129404,nan,nan
1702290129416,nan,nan
1702290129426,nan,nan
1702290129436,nan,nan
1702290129454,nan,nan
1702290129487,nan,nan
1702290129488,nan,nan
1702290129495,nan,nan
1702290129506,nan,nan
1702290129518,nan,nan
1702290129528,nan,nan
1702290129539,nan,nan
1702290129551,nan,nan
1702290129561,nan,nan
1702290129572,nan,nan
1702290129584,nan,nan
1702290129620,nan,nan
1702290129621,nan,nan
1702290129628,nan,nan
1702290129639,nan,nan
1702290129652,nan,nan
1702290129661,nan,nan
1702290129672,nan,nan
1702290129684,nan,nan
1702290129694,nan,nan
1702290129706,nan,nan
1702290129717,nan,nan
1702290129753,nan,nan
1702290129754,nan,nan
1702290129767,nan,nan
1702290129772,nan,nan
1702290129783,nan,nan
1702290129793,nan,nan
1702290129805,nan,nan
1702290129817,nan,nan
1702290129827,nan,nan
1702290129838,nan,nan
1702290129851,nan,nan
1702290129861,nan,nan
1702290129872,nan,nan
1702290129903,nan,nan
1702290129904,nan,nan
1702290129905,nan,nan
1702290129918,nan,nan
1702290129927,nan,nan
1702290129938,nan,nan
1702290129950,nan,nan
1702290129960,nan,nan
1702290129971,nan,nan
1702290129983,nan,nan
1702290129993,nan,nan
1702290130005,nan,nan
1702290130037,nan,nan
1702290130038,nan,nan
1702290130053,nan,nan
1702290130060,nan,nan
1702290130071,nan,nan
1702290130083,nan,nan
1702290130093,nan,nan
1702290130105,nan,nan
1702290130116,nan,nan
1702290130127,nan,nan
1702290130138,nan,nan
1702290130171,nan,nan
1702290130172,nan,nan
1702290130186,nan,nan
1702290130194,nan,nan
1702290130206,nan,nan
1702290130217,nan,nan
1702290130227,nan,nan
1702290130238,nan,nan
1702290130250,nan,nan
1702290130260,nan,nan
1702290130272,nan,nan
1702290130284,nan,nan
1702290130304,nan,nan
1702290130323,nan,nan
1702290130324,nan,nan
1702290130327,nan,nan
1702290130340,nan,nan
1702290130350,nan,nan
1702290130361,nan,nan
1702290130372,nan,nan
1702290130384,nan,nan
1702290130394,nan,nan
1702290130406,nan,nan
1702290130417,nan,nan
1702290130455,nan,nan
1702290130456,nan,nan
1702290130460,nan,nan
1702290130472,nan,nan
1702290130484,nan,nan
1702290130494,nan,nan
1702290130505,nan,nan
1702290130517,nan,nan
1702290130527,nan,nan
1702290130538,nan,nan
1702290130550,nan,nan
1702290130600,nan,nan
1702290130601,nan,nan
1702290130605,nan,nan
1702290130616,nan,nan
1702290130627,nan,nan
1702290130637,nan,nan
1702290130649,nan,nan
1702290130660,nan,nan
1702290130671,nan,nan
1702290130683,nan,nan
1702290130693,nan,nan
1702290130705,nan,nan
1702290130740,nan,nan
1702290130741,nan,nan
1702290130756,nan,nan
1702290130760,nan,nan
1702290130772,nan,nan
1702290130783,nan,nan
1702290130793,nan,nan
1702290130805,nan,nan
1702290130816,nan,nan
1702290130827,nan,nan
1702290130838,nan,nan
1702290130850,nan,nan
1702290130888,nan,nan
1702290130889,nan,nan
1702290130893,nan,nan
1702290130906,nan,nan
1702290130918,nan,nan
1702290130927,nan,nan
1702290130938,nan,nan
1702290130950,nan,nan
1702290130960,nan,nan
1702290130972,nan,nan
1702290130982,nan,nan
1702290131022,nan,nan
1702290131026,nan,nan
1702290131039,nan,nan
1702290131050,nan,nan
1702290131059,nan,nan
1702290131071,nan,nan
1702290131083,nan,nan
1702290131093,nan,nan
1702290131104,nan,nan
1702290131116,nan,nan
1702290131126,nan,nan
1702290131138,nan,nan
1702290131172,nan,nan
1702290131187,nan,nan
1702290131193,nan,nan
1702290131205,nan,nan
1702290131216,nan,nan
1702290131226,nan,nan
1702290131237,nan,nan
1702290131249,nan,nan
1702290131259,nan,nan
1702290131271,nan,nan
1702290131305,nan,nan
1702290131306,nan,nan
1702290131321,nan,nan
1702290131326,nan,nan
1702290131339,nan,nan
1702290131349,nan,nan
1702290131359,nan,nan
1702290131371,nan,nan
1702290131383,nan,nan
1702290131393,nan,nan
1702290131405,nan,nan
1702290131417,nan,nan
1702290131427,nan,nan
1702290131458,nan,nan
1702290131459,nan,nan
1702290131474,nan,nan
1702290131482,nan,nan
1702290131492,nan,nan
1702290131504,nan,nan
1702290131515,nan,nan
1702290131526,nan,nan
1702290131537,nan,nan
1702290131549,nan,nan
1702290131589,nan,nan
1702290131590,nan,nan
1702290131593,nan,nan
1702290131605,nan,nan
1702290131616,nan,nan
1702290131626,nan,nan
1702290131637,nan,nan
1702290131649,nan,nan
1702290131659,nan,nan
1702290131671,nan,nan
1702290131682,nan,nan
1702290131692,nan,nan
1702290131704,nan,nan
1702290131740,nan,nan
1702290131741,nan,nan
1702290131749,nan,nan
1702290131759,nan,nan
1702290131771,nan,nan
1702290131782,nan,nan
1702290131792,nan,nan
1702290131804,nan,nan
1702290131816,nan,nan
1702290131825,nan,nan
1702290131837,nan,nan
1702290131849,nan,nan
1702290131859,nan,nan
1702290131891,nan,nan
1702290131892,nan,nan
1702290131907,nan,nan
1702290131916,nan,nan
1702290131926,nan,nan
1702290131937,nan,nan
1702290131949,nan,nan
1702290131960,nan,nan
1702290131971,nan,nan
1702290131982,nan,nan
1702290131993,nan,nan
1702290132022,nan,nan
1702290132026,nan,nan
1702290132038,nan,nan
1702290132050,nan,nan
1702290132060,nan,nan
1702290132071,nan,nan
1702290132083,nan,nan
1702290132093,nan,nan
1702290132104,nan,nan
1702290132115,nan,nan
1702290132125,nan,nan
1702290132157,nan,nan
1702290132158,nan,nan
1702290132159,nan,nan
1702290132174,nan,nan
1702290132182,nan,nan
1702290132192,nan,nan
1702290132204,nan,nan
1702290132215,nan,nan
1702290132226,nan,nan
1702290132237,nan,nan
1702290132249,nan,nan
1702290132268,nan,nan
1702290132288,nan,nan
1702290132292,nan,nan
1702290132304,nan,nan
1702290132316,nan,nan
1702290132326,nan,nan
1702290132337,nan,nan
1702290132349,nan,nan
1702290132359,nan,nan
1702290132371,nan,nan
1702290132383,nan,nan
1702290132392,nan,nan
1702290132424,nan,nan
1702290132426,nan,nan
1702290132440,nan,nan
1702290132449,nan,nan
1702290132459,nan,nan
1702290132471,nan,nan
1702290132483,nan,nan
1702290132492,nan,nan
1702290132503,nan,nan
1702290132515,nan,nan
1702290132525,nan,nan
1702290132537,nan,nan
1702290132573,nan,nan
1702290132574,nan,nan
1702290132589,nan,nan
1702290132592,nan,nan
1702290132604,nan,nan
1702290132615,nan,nan
1702290132625,nan,nan
1702290132637,nan,nan
1702290132648,nan,nan
1702290132658,nan,nan
1702290132670,nan,nan
1702290132705,nan,nan
1702290132706,nan,nan
1702290132719,nan,nan
1702290132726,nan,nan
1702290132737,nan,nan
1702290132749,nan,nan
1702290132759,nan,nan
1702290132770,nan,nan
1702290132782,nan,nan
1702290132792,nan,nan
1702290132804,nan,nan
1702290132815,nan,nan
1702290132835,nan,nan
1702290132855,nan,nan
1702290132859,nan,nan
1702290132871,nan,nan
1702290132882,nan,nan
1702290132891,nan,nan
1702290132903,nan,nan
1702290132916,nan,nan
1702290132925,nan,nan
1702290132937,nan,nan
1702290132949,nan,nan
1702290132959,nan,nan
1702290132995,nan,nan
1702290132996,nan,nan
1702290133010,nan,nan
1702290133014,nan,nan
1702290133026,nan,nan
1702290133036,nan,nan
1702290133048,nan,nan
1702290133058,nan,nan
1702290133070,nan,nan
1702290133082,nan,nan
1702290133092,nan,nan
1702290133103,nan,nan
1702290133139,nan,nan
1702290133140,nan,nan
1702290133155,nan,nan
1702290133159,nan,nan
1702290133172,nan,nan
1702290133183,nan,nan
1702290133192,nan,nan
1702290133204,nan,nan
1702290133216,nan,nan
1702290133226,nan,nan
1702290133238,nan,nan
1702290133274,nan,nan
1702290133275,nan,nan
1702290133289,nan,nan
1702290133293,nan,nan
1702290133305,nan,nan
1702290133316,nan,nan
1702290133327,nan,nan
1702290133345,nan,nan
1702290133359,nan,nan
1702290133370,nan,nan
1702290133407,1693.4809875488281,776.4781379699707
1702290133408,1693.4809875488281,776.4781379699707
1702290133423,1688.3731079101562,793.9129257202148
1702290133427,1719.1209411621094,791.8657779693604
1702290133439,1719.1209411621094,791.8657779693604
1702290133450,1659.0412902832031,807.8389549255371
1702290133460,1426.6656494140625,836.674976348877
1702290133471,1426.6656494140625,836.674976348877
1702290133483,1406.7132568359375,835.0501155853271
1702290133494,1436.6883850097656,843.575849533081
1702290133505,1443.7394714355469,837.9727363586426
1702290133545,1444.7384643554688,834.7982883453369
1702290133550,1430.5142211914062,824.6738719940186
1702290133561,1437.6644897460938,838.7604904174805
1702290133572,1447.4246215820312,836.8250942230225
1702290133583,1448.0809020996094,834.0453815460205
1702290133594,1441.9221496582031,831.2584590911865
1702290133605,1436.6427612304688,834.4220924377441
1702290133616,1438.7738037109375,840.210599899292
1702290133627,1445.5625915527344,847.3022747039795
1702290133638,1449.4512939453125,850.7512092590332
1702290133650,1441.8827819824219,848.0299472808838
1702290133661,1443.3193969726562,842.9198455810547
1702290133690,1434.9122619628906,837.4852180480957
1702290133694,1434.5660400390625,827.8851413726807
1702290133707,1437.3332214355469,832.4917602539062
1702290133716,1443.8441467285156,834.6504878997803
1702290133726,1465.3016662597656,845.4539108276367
1702290133737,1523.0239868164062,840.2313709259033
1702290133749,1654.6981811523438,846.0246849060059
1702290133760,1988.7580871582031,846.6686725616455
1702290133771,2096.8844604492188,856.0880756378174
1702290133782,2175.7408142089844,853.0652904510498
1702290133822,2197.322998046875,852.5454998016357
1702290133827,2180.5577087402344,845.9663200378418
1702290133838,2178.576202392578,844.9999523162842
1702290133850,2179.8043823242188,843.6133575439453
1702290133860,2187.9541015625,858.8180923461914
1702290133871,2192.9409790039062,864.9944686889648
1702290133882,2209.3751525878906,858.1638050079346
1702290133894,2204.353790283203,852.0091438293457
1702290133905,2204.3496704101562,844.8200511932373
1702290133916,2204.3414306640625,845.6075477600098
1702290133927,2207.773895263672,845.665397644043
1702290133938,2201.44287109375,852.244234085083
1702290133973,2201.1561584472656,855.4067516326904
1702290133974,2199.3223571777344,854.7970962524414
1702290133988,2028.9332580566406,865.6762218475342
1702290133994,1742.3867797851562,856.7994403839111
1702290134006,1612.1955871582031,832.2816467285156
1702290134016,1510.8746337890625,815.4175472259521
1702290134027,1425.4879760742188,801.8029117584229
1702290134037,1418.2084655761719,803.6398601531982
1702290134049,1407.3504638671875,801.6913318634033
1702290134060,1404.488525390625,808.7840366363525
1702290134071,1407.601318359375,814.8783588409424
1702290134105,1419.080810546875,814.9048805236816
1702290134106,1416.1737060546875,808.9266014099121
1702290134121,1417.9486083984375,806.3405227661133
1702290134126,1444.41162109375,804.2573261260986
1702290134138,nan,nan
1702290134148,nan,nan
1702290134159,nan,nan
1702290134170,nan,nan
1702290134181,nan,nan
1702290134192,nan,nan
1702290134203,nan,nan
1702290134215,nan,nan
1702290134225,nan,nan
1702290134256,nan,nan
1702290134261,nan,nan
1702290134274,nan,nan
1702290134284,nan,nan
1702290134294,nan,nan
1702290134305,nan,nan
1702290134317,nan,nan
1702290134327,nan,nan
1702290134338,nan,nan
1702290134350,nan,nan
1702290134359,nan,nan
1702290134371,nan,nan
1702290134408,nan,nan
1702290134416,nan,nan
1702290134427,nan,nan
1702290134439,nan,nan
1702290134450,nan,nan
1702290134460,nan,nan
1702290134472,nan,nan
1702290134483,nan,nan
1702290134493,nan,nan
1702290134505,nan,nan
1702290134544,nan,nan
1702290134545,nan,nan
1702290134550,nan,nan
1702290134560,nan,nan
1702290134572,nan,nan
1702290134582,nan,nan
1702290134593,nan,nan
1702290134604,nan,nan
1702290134616,nan,nan
1702290134626,nan,nan
1702290134637,nan,nan
1702290134649,nan,nan
1702290134659,nan,nan
1702290134694,nan,nan
1702290134695,nan,nan
1702290134710,nan,nan
1702290134716,nan,nan
1702290134726,nan,nan
1702290134738,nan,nan
1702290134749,nan,nan
1702290134759,nan,nan
1702290134771,nan,nan
1702290134783,nan,nan
1702290134793,nan,nan
1702290134824,nan,nan
1702290134825,nan,nan
1702290134826,nan,nan
1702290134839,nan,nan
1702290134849,nan,nan
1702290134860,nan,nan
1702290134871,nan,nan
1702290134883,nan,nan
1702290134893,nan,nan
1702290134905,nan,nan
1702290134916,nan,nan
1702290134927,nan,nan
1702290134960,nan,nan
1702290134961,nan,nan
1702290134978,nan,nan
1702290134984,nan,nan
1702290134993,nan,nan
1702290135005,nan,nan
1702290135015,nan,nan
1702290135026,nan,nan
1702290135037,nan,nan
1702290135049,nan,nan
1702290135059,nan,nan
1702290135093,nan,nan
1702290135094,nan,nan
1702290135110,nan,nan
1702290135116,nan,nan
1702290135126,nan,nan
1702290135137,nan,nan
1702290135149,nan,nan
1702290135159,nan,nan
1702290135171,nan,nan
1702290135182,nan,nan
1702290135192,nan,nan
1702290135204,nan,nan
1702290135242,nan,nan
1702290135243,nan,nan
1702290135249,nan,nan
1702290135259,nan,nan
1702290135271,nan,nan
1702290135283,nan,nan
1702290135293,nan,nan
1702290135304,nan,nan
1702290135316,nan,nan
1702290135326,nan,nan
1702290135338,nan,nan
1702290135376,nan,nan
1702290135377,nan,nan
1702290135383,nan,nan
1702290135392,nan,nan
1702290135405,nan,nan
1702290135415,nan,nan
1702290135425,nan,nan
1702290135437,nan,nan
1702290135448,nan,nan
1702290135459,nan,nan
1702290135470,nan,nan
