timestamp,x,y
1706195790578,nan,nan
1706195790579,nan,nan
1706195790594,nan,nan
1706195790599,nan,nan
1706195790611,nan,nan
1706195790620,nan,nan
1706195790632,nan,nan
1706195790643,nan,nan
1706195790653,nan,nan
1706195790666,nan,nan
1706195790677,nan,nan
1706195790712,nan,nan
1706195790713,nan,nan
1706195790721,nan,nan
1706195790732,nan,nan
1706195790744,nan,nan
1706195790753,nan,nan
1706195790765,nan,nan
1706195790776,nan,nan
1706195790786,nan,nan
1706195790798,nan,nan
1706195790810,nan,nan
1706195790820,nan,nan
1706195790839,nan,nan
1706195790861,nan,nan
1706195790862,nan,nan
1706195790866,nan,nan
1706195790878,nan,nan
1706195790887,nan,nan
1706195790900,nan,nan
1706195790917,nan,nan
1706195790931,nan,nan
1706195790942,nan,nan
1706195790953,nan,nan
1706195790994,nan,nan
1706195790995,1263.8990020751953,1030.3281497955322
1706195790998,1263.8990020751953,1030.3281497955322
1706195791010,1014.8746490478516,858.9783382415771
1706195791020,1014.8746490478516,858.9783382415771
1706195791031,1014.8746490478516,858.9783382415771
1706195791042,nan,nan
1706195791053,nan,nan
1706195791064,nan,nan
1706195791076,1115.2185821533203,900.507173538208
1706195791086,1115.2185821533203,900.507173538208
1706195791099,1115.2185821533203,900.507173538208
1706195791110,947.547607421875,882.2625732421875
1706195791146,947.547607421875,882.2625732421875
1706195791163,1006.9563293457031,970.3559303283691
1706195791166,1006.9563293457031,970.3559303283691
1706195791179,981.7432403564453,973.3406496047974
1706195791188,981.7432403564453,973.3406496047974
1706195791200,981.7432403564453,973.3406496047974
1706195791211,920.8867645263672,970.7308387756348
1706195791221,920.8867645263672,970.7308387756348
1706195791233,920.8867645263672,970.7308387756348
1706195791244,989.4052124023438,937.475266456604
1706195791282,1109.531478881836,894.780592918396
1706195791289,1151.0906600952148,833.0713748931885
1706195791301,1142.3690032958984,821.8249797821045
1706195791312,1142.1222305297852,822.4514150619507
1706195791321,1090.4123306274414,843.0278205871582
1706195791333,1106.800765991211,858.6178064346313
1706195791344,1145.1534271240234,874.1147518157959
1706195791355,1156.2943267822266,846.1415004730225
1706195791366,1154.6860122680664,867.8846454620361
1706195791377,1128.702621459961,890.4543399810791
1706195791389,1145.2523803710938,861.5292263031006
1706195791411,1133.7565994262695,797.7745342254639
1706195791432,1133.9833068847656,824.8660039901733
1706195791433,1132.7170944213867,827.110390663147
1706195791450,1146.6111373901367,821.9343280792236
1706195791455,1151.2434387207031,794.3998432159424
1706195791467,1145.2167129516602,803.3974313735962
1706195791478,1136.7388534545898,799.2789316177368
1706195791489,1113.549919128418,778.0528521537781
1706195791500,1114.381446838379,765.1418995857239
1706195791511,1117.9656600952148,759.0233945846558
1706195791522,1136.9087982177734,733.5591888427734
1706195791533,1135.700569152832,731.8528318405151
1706195791544,1155.9404754638672,715.063898563385
1706195791586,1149.9911499023438,696.7394113540649
1706195791587,1146.4793014526367,702.178201675415
1706195791589,1133.564224243164,728.9625263214111
1706195791603,1138.8833618164062,728.4282517433167
1706195791612,1132.675666809082,721.7765879631042
1706195791623,1134.7281646728516,748.6285042762756
1706195791633,1128.9892578125,743.1881046295166
1706195791645,1096.8407821655273,707.7478408813477
1706195791655,1093.6792755126953,706.7199325561523
1706195791667,1093.9177322387695,700.939621925354
1706195791678,1097.9931259155273,779.8715829849243
1706195791689,1099.703483581543,784.3652057647705
1706195791699,1131.4492416381836,840.9050130844116
1706195791732,1161.3145065307617,835.1957702636719
1706195791733,1129.7931671142578,725.3640961647034
1706195791751,1135.9791946411133,707.8800845146179
1706195791755,1145.5857467651367,714.0825963020325
1706195791768,1140.7532119750977,729.7467827796936
1706195791778,1133.1794357299805,715.5834531784058
1706195791788,1092.7065658569336,704.2019391059875
1706195791800,1089.2120361328125,687.7318453788757
1706195791812,1090.9515380859375,718.2171249389648
1706195791822,1118.058204650879,715.2637982368469
1706195791833,1116.0992813110352,718.5398268699646
1706195791845,1123.8550567626953,716.9869780540466
1706195791883,1121.0538864135742,703.9635014533997
1706195791889,1128.4718704223633,719.7203636169434
1706195791901,1129.1299438476562,711.3919758796692
1706195791911,1058.4447479248047,689.7010159492493
1706195791923,800.2568817138672,624.6732401847839
1706195791932,684.1733169555664,584.8113441467285
1706195791944,341.86614990234375,326.54512882232666
1706195791956,360.3474426269531,276.0417401790619
1706195791966,359.3817901611328,279.47928071022034
1706195791978,369.08132553100586,266.65537118911743
1706195791989,363.54747772216797,265.456166267395
1706195792000,365.3564262390137,260.39543867111206
1706195792011,342.3379898071289,255.20572900772095
1706195792051,316.2657165527344,268.9641201496124
1706195792052,295.53693771362305,283.5373878479004
1706195792056,309.9436569213867,256.905734539032
1706195792068,333.35594177246094,245.00423669815063
1706195792077,301.84396743774414,277.41307854652405
1706195792088,74.17626857757568,325.80896973609924
1706195792099,70.9089994430542,292.5803053379059
1706195792111,201.39472007751465,134.92947936058044
1706195792121,214.30920600891113,63.74770760536194
1706195792132,196.06971263885498,144.69184577465057
1706195792144,278.035249710083,137.29770094156265
1706195792155,269.61938858032227,167.59163439273834
1706195792166,265.654935836792,167.07764267921448
1706195792201,259.9859428405762,168.3740669488907
1706195792202,254.8427391052246,170.57750701904297
1706195792217,238.76752853393555,179.82290983200073
1706195792222,232.72957801818848,185.6184607744217
1706195792234,252.1015453338623,187.35323309898376
1706195792244,266.8799686431885,179.56745088100433
1706195792255,529.8785781860352,117.97719955444336
1706195792266,616.4679336547852,127.65148758888245
1706195792278,710.1881790161133,133.053617477417
1706195792289,879.52392578125,137.03138709068298
1706195792300,879.0441131591797,124.48460876941681
1706195792311,876.6057968139648,115.84088444709778
1706195792351,879.2826843261719,98.92724454402924
1706195792352,882.1967315673828,105.2310848236084
1706195792355,888.6074447631836,122.33768820762634
1706195792368,879.2016220092773,131.2957888841629
1706195792378,872.6045608520508,135.37042915821075
1706195792389,865.3812026977539,106.36178076267242
1706195792400,878.8096618652344,90.14128535985947
1706195792411,881.7437744140625,86.46884769201279
1706195792422,892.4813079833984,107.09631979465485
1706195792433,891.4594268798828,118.47892820835114
1706195792443,894.5663833618164,123.28406274318695
1706195792455,887.0911026000977,123.74565482139587
1706195792466,875.9949111938477,117.06987798213959
1706195792477,869.6248626708984,101.03114783763885
1706195792519,872.6075744628906,93.88020426034927
1706195792520,947.3398971557617,94.66604590415955
1706195792521,1270.0178909301758,54.69544395804405
1706195792536,1306.4905166625977,63.65324154496193
1706195792544,1309.3959426879883,59.45063374936581
1706195792555,1306.3021850585938,64.87253084778786
1706195792566,1320.7935333251953,56.07559614814818
1706195792577,1323.7608337402344,52.40819290280342
1706195792588,1327.4877166748047,66.34221777319908
1706195792599,1321.1434936523438,85.94877541065216
1706195792611,1320.9880828857422,98.89045536518097
1706195792622,1324.9424743652344,101.14862322807312
1706195792632,1316.5213775634766,88.00280570983887
1706195792670,1315.6988525390625,95.32566279172897
1706195792671,1314.8872756958008,87.74406641721725
1706195792678,1323.4852600097656,79.4580602645874
1706195792689,1316.9177627563477,85.33048197627068
1706195792699,1318.5060501098633,80.78276976943016
1706195792711,1310.1949310302734,84.32432234287262
1706195792722,1307.6372528076172,78.20516020059586
1706195792732,1303.1861114501953,85.40393024682999
1706195792744,1333.1009674072266,81.36599332094193
1706195792755,1429.7510528564453,83.33645939826965
1706195792766,1442.699203491211,71.91487312316895
1706195792778,1430.6069946289062,79.2379179596901
1706195792816,1423.7400817871094,72.96140670776367
1706195792817,1432.33642578125,93.59313011169434
1706195792821,1458.4447479248047,124.00522291660309
1706195792833,1449.033203125,110.2124297618866
1706195792843,1464.815673828125,100.08913993835449
1706195792855,1450.3352355957031,103.32009673118591
1706195792865,1448.6125183105469,106.26690566539764
1706195792877,1392.6190948486328,110.23537874221802
1706195792887,1181.7366790771484,140.74109137058258
1706195792898,1110.9624481201172,131.61805629730225
1706195792910,462.33028411865234,357.1894419193268
1706195792921,464.2318916320801,280.68934321403503
1706195792932,468.97911071777344,277.44351625442505
1706195792971,475.28926849365234,271.6525626182556
1706195792972,468.74427795410156,276.3280391693115
1706195792977,462.6290512084961,271.5665066242218
1706195792988,470.34814834594727,262.1139085292816
1706195792999,473.0800437927246,257.0226788520813
1706195793010,468.0657768249512,268.35546255111694
1706195793021,474.5826721191406,281.8186283111572
1706195793032,475.2105903625488,286.737220287323
1706195793044,470.31848907470703,291.0182297229767
1706195793055,403.5862350463867,273.68894934654236
1706195793065,396.14084243774414,273.59196066856384
1706195793077,340.32461166381836,252.60324597358704
1706195793118,179.1443109512329,253.01231503486633
1706195793119,175.53741455078125,251.49505376815796
1706195793122,188.52884769439697,269.22404766082764
1706195793136,194.94362831115723,268.32486391067505
1706195793145,185.67875862121582,262.6243329048157
1706195793156,182.54541873931885,264.62682723999023
1706195793166,170.85532665252686,260.7554233074188
1706195793177,172.6555061340332,259.2992305755615
1706195793187,158.1053066253662,253.41654539108276
1706195793198,168.24641227722168,257.43733763694763
1706195793210,168.45876693725586,263.34641575813293
1706195793221,168.20810794830322,275.5960428714752
1706195793231,165.21875858306885,276.28780603408813
1706195793270,160.3712511062622,270.7734417915344
1706195793271,158.74341487884521,268.04186940193176
1706195793277,167.63976573944092,285.6952464580536
1706195793288,170.71088790893555,286.47078037261963
1706195793298,170.17942905426025,287.8423547744751
1706195793310,184.33587551116943,272.0605158805847
1706195793321,451.6494941711426,231.19788765907288
1706195793332,476.3290786743164,221.6780948638916
1706195793343,509.9331474304199,218.20728421211243
1706195793354,533.4906005859375,216.87175869941711
1706195793365,537.7371978759766,223.01285862922668
1706195793377,522.0301246643066,219.30630326271057
1706195793419,521.1181640625,220.9926187992096
1706195793420,516.4871597290039,219.1412615776062
1706195793421,515.358943939209,227.76740670204163
1706195793438,521.0463333129883,235.2269411087036
1706195793444,559.9643325805664,275.196897983551
1706195793455,957.8125381469727,614.9553179740906
1706195793465,975.0477600097656,645.6526637077332
1706195793477,1032.0047760009766,706.9022369384766
1706195793488,1142.378807067871,898.9095640182495
1706195793499,1154.0584182739258,894.0759229660034
1706195793510,1152.4260330200195,901.8346738815308
1706195793521,1153.8336563110352,899.4880199432373
1706195793531,1140.3080368041992,897.9449558258057
1706195793544,1131.5375137329102,902.6983880996704
1706195793563,1135.3192520141602,900.5219793319702
1706195793585,1142.105827331543,901.2566471099854
1706195793586,1148.9291381835938,896.8665361404419
1706195793587,1148.1619262695312,902.8327989578247
1706195793601,1142.4099349975586,902.4405097961426
1706195793610,1140.1515197753906,894.3290376663208
1706195793621,1144.292106628418,897.0008182525635
1706195793631,1150.636863708496,897.6837301254272
1706195793644,1156.2901306152344,904.919900894165
1706195793654,1166.8815994262695,902.9595279693604
1706195793665,1172.2280883789062,911.1522817611694
1706195793677,1175.0952529907227,910.1679754257202
1706195793687,1158.6908340454102,907.7146339416504
1706195793698,1149.1071319580078,901.1619329452515
1706195793733,1141.8209075927734,895.5572748184204
1706195793734,1151.5291595458984,899.4533014297485
1706195793743,1151.8992233276367,905.1010036468506
1706195793754,1156.6354751586914,897.4207878112793
1706195793765,1159.7812271118164,886.6885185241699
1706195793777,1158.5665130615234,888.3055257797241
1706195793787,1151.929702758789,895.3535985946655
1706195793799,1158.3089065551758,903.7626028060913
1706195793810,1163.7426376342773,898.3373737335205
1706195793821,1175.7403182983398,897.4472665786743
1706195793832,1169.1716003417969,895.4172420501709
1706195793843,1156.5587997436523,900.2183103561401
1706195793887,1162.3707580566406,898.2690525054932
1706195793888,1175.4331588745117,896.1791181564331
1706195793904,1573.9561462402344,1184.5410919189453
1706195793908,nan,nan
1706195793920,nan,nan
1706195793930,nan,nan
1706195793941,nan,nan
1706195793951,nan,nan
1706195793963,nan,nan
1706195793974,nan,nan
1706195793984,nan,nan
1706195793995,nan,nan
1706195794014,nan,nan
1706195794037,nan,nan
1706195794038,nan,nan
1706195794055,nan,nan
1706195794066,nan,nan
1706195794077,nan,nan
1706195794088,nan,nan
1706195794100,nan,nan
1706195794111,nan,nan
1706195794121,nan,nan
1706195794133,nan,nan
1706195794144,nan,nan
1706195794184,nan,nan
1706195794185,nan,nan
1706195794186,nan,nan
1706195794203,nan,nan
1706195794211,nan,nan
1706195794220,nan,nan
1706195794232,nan,nan
1706195794244,nan,nan
1706195794254,nan,nan
1706195794266,nan,nan
1706195794277,nan,nan
1706195794288,nan,nan
1706195794300,nan,nan
1706195794335,nan,nan
1706195794351,nan,nan
1706195794354,nan,nan
1706195794367,nan,nan
1706195794378,nan,nan
1706195794387,nan,nan
1706195794399,nan,nan
1706195794411,nan,nan
1706195794421,nan,nan
1706195794442,nan,nan
1706195794486,nan,nan
1706195794490,nan,nan
1706195794503,nan,nan
1706195794512,1232.8787231445312,601.3354253768921
1706195794523,1232.8787231445312,601.3354253768921
1706195794534,1232.8787231445312,601.3354253768921
1706195794546,1088.8103485107422,811.6321563720703
1706195794556,1088.8103485107422,811.6321563720703
1706195794568,1192.5354385375977,897.0608139038086
1706195794578,1296.2605285644531,982.4894714355469
1706195794590,1296.2605285644531,982.4894714355469
1706195794601,nan,nan
1706195794637,nan,nan
1706195794638,1173.2619094848633,943.8843297958374
1706195794655,1174.538459777832,944.1074895858765
1706195794658,1171.0076522827148,941.0552644729614
1706195794671,1177.7446365356445,945.1336812973022
1706195794680,1178.1266784667969,943.2798671722412
1706195794691,1168.3596420288086,825.6814384460449
1706195794702,1159.096565246582,806.0322618484497
1706195794713,1152.992935180664,801.8251419067383
1706195794724,1163.5241317749023,808.9779281616211
1706195794735,1174.3967056274414,803.394513130188
1706195794746,1169.8369216918945,810.215048789978
1706195794784,1162.0974349975586,823.4859323501587
1706195794785,1155.4270553588867,826.3374423980713
1706195794791,1188.4185409545898,823.8849592208862
1706195794805,1192.8633880615234,826.3122940063477
1706195794813,1186.6376495361328,812.0987749099731
1706195794826,1181.2825393676758,803.9635276794434
1706195794835,1179.5696640014648,806.3859272003174
1706195794846,1186.4872741699219,822.0059108734131
1706195794857,1184.2450714111328,830.2659130096436
1706195794868,1180.0305557250977,836.2929439544678
1706195794879,1177.0360946655273,829.5516729354858
1706195794891,1170.4622650146484,812.2939968109131
1706195794934,1177.2854614257812,811.8920516967773
1706195794935,1176.960220336914,822.668867111206
1706195794952,1189.9555587768555,815.5587816238403
1706195794958,1177.0980072021484,826.9658517837524
1706195794968,1170.446548461914,817.2052717208862
1706195794979,1172.8493118286133,813.835859298706
1706195794991,1177.1134948730469,802.8145551681519
1706195795002,1183.2796478271484,806.6276693344116
1706195795013,1185.352668762207,810.0923538208008
1706195795024,1168.4737396240234,821.2642908096313
1706195795035,1170.2284622192383,814.964189529419
1706195795046,1164.3323516845703,810.3702306747437
1706195795086,1152.4428939819336,746.6476607322693
1706195795091,1144.021987915039,757.2895503044128
1706195795102,1151.780891418457,760.3047609329224
1706195795112,1157.6211166381836,761.4372110366821
1706195795124,1170.4476928710938,771.1270451545715
1706195795134,1167.7733993530273,772.4730205535889
1706195795145,1170.1506423950195,766.9347095489502
1706195795157,1156.4030075073242,755.8678293228149
1706195795168,1161.9396209716797,752.6193523406982
1706195795179,1161.3606643676758,754.2159748077393
1706195795190,1164.7265243530273,753.7271904945374
1706195795201,1142.80029296875,785.9184193611145
1706195795237,1143.0020141601562,785.4489469528198
1706195795238,1160.5101776123047,763.32035779953
1706195795246,1158.5504150390625,758.5010075569153
1706195795257,1151.1561965942383,766.653892993927
1706195795268,1145.4783248901367,763.3458280563354
1706195795279,1149.4723892211914,759.3074941635132
1706195795291,1148.0813217163086,750.7601308822632
1706195795301,1159.2979049682617,743.8260841369629
1706195795313,1159.2374420166016,754.0274691581726
1706195795324,1541.9353485107422,813.5042524337769
1706195795334,1567.5162506103516,819.1991186141968
1706195795345,1586.2664031982422,816.5769052505493
1706195795355,nan,nan
1706195795367,nan,nan
1706195795406,nan,nan
1706195795407,nan,nan
1706195795411,nan,nan
1706195795425,nan,nan
1706195795433,nan,nan
1706195795445,nan,nan
1706195795454,nan,nan
1706195795465,nan,nan
1706195795483,nan,nan
1706195795503,nan,nan
1706195795514,nan,nan
1706195795548,nan,nan
1706195795549,nan,nan
1706195795566,nan,nan
1706195795569,nan,nan
1706195795581,nan,nan
1706195795591,nan,nan
1706195795602,nan,nan
1706195795614,nan,nan
1706195795624,nan,nan
1706195795636,nan,nan
1706195795647,nan,nan
1706195795684,nan,nan
1706195795685,nan,nan
1706195795691,nan,nan
1706195795703,nan,nan
1706195795715,nan,nan
1706195795725,nan,nan
1706195795736,nan,nan
1706195795747,nan,nan
1706195795758,nan,nan
1706195795770,nan,nan
1706195795781,nan,nan
1706195795792,nan,nan
1706195795812,nan,nan
1706195795834,nan,nan
1706195795837,nan,nan
1706195795850,nan,nan
1706195795856,nan,nan
1706195795870,nan,nan
1706195795880,nan,nan
1706195795890,nan,nan
1706195795903,nan,nan
1706195795914,nan,nan
1706195795923,nan,nan
1706195795968,nan,nan
1706195795969,nan,nan
1706195795970,nan,nan
1706195795988,nan,nan
1706195795991,nan,nan
1706195796003,nan,nan
1706195796014,nan,nan
1706195796025,nan,nan
1706195796044,nan,nan
1706195796058,nan,nan
1706195796069,nan,nan
1706195796080,nan,nan
1706195796116,nan,nan
1706195796117,nan,nan
1706195796125,nan,nan
1706195796137,1411.4727783203125,767.0207977294922
1706195796149,1364.2489624023438,750.0479507446289
1706195796159,1346.7730712890625,788.3935403823853
1706195796170,1344.7840881347656,792.7575588226318
1706195796181,1372.5430297851562,852.440013885498
1706195796193,1090.0545501708984,689.8025321960449
1706195796204,1147.891616821289,752.8661155700684
1706195796215,1147.4972534179688,756.2303781509399
1706195796225,1122.4168014526367,824.2879772186279
1706195796237,1121.5324401855469,822.8519868850708
1706195796269,1124.7217178344727,813.8465881347656
1706195796270,1137.805404663086,737.6026296615601
1706195796287,1113.6350631713867,777.1335625648499
1706195796292,1110.2423477172852,762.6767992973328
1706195796304,1112.764778137207,762.5476241111755
1706195796314,1107.4561309814453,775.4596066474915
1706195796326,1113.7896728515625,791.3085007667542
1706195796337,1110.2273178100586,792.6871562004089
1706195796348,1100.8154296875,781.5784764289856
1706195796359,1111.320571899414,772.7356624603271
1706195796371,1112.5354766845703,770.1736164093018
1706195796382,1112.0062637329102,772.3731565475464
1706195796420,1103.2410049438477,772.8684854507446
1706195796426,1114.7627639770508,771.7823624610901
1706195796438,1115.6995391845703,778.8746809959412
1706195796448,1113.164939880371,785.8047366142273
1706195796460,1122.1482849121094,793.5469651222229
1706195796471,1122.219123840332,790.9956693649292
1706195796481,1123.319969177246,785.3657555580139
1706195796493,1168.5927963256836,731.4792108535767
1706195796505,1174.2463302612305,723.1593418121338
1706195796515,1182.4358749389648,728.2681560516357
1706195796526,1173.0421829223633,729.9264478683472
1706195796537,1173.0300521850586,730.6581544876099
1706195796549,1154.0876388549805,724.8051238059998
1706195796582,1157.9109191894531,730.1849699020386
1706195796583,1157.6697540283203,714.7609806060791
1706195796598,1145.968132019043,726.4781141281128
1706195796604,1146.2081146240234,735.061719417572
1706195796615,1147.6260375976562,731.2957692146301
1706195796626,1153.036994934082,727.5266647338867
1706195796637,1160.2023315429688,724.6073698997498
1706195796648,1153.0666732788086,711.9536089897156
1706195796659,1150.4588317871094,705.1981544494629
1706195796670,1154.8739624023438,707.9783606529236
1706195796681,1162.4088668823242,724.7941589355469
1706195796719,1169.525489807129,732.4069976806641
1706195796726,1164.7267150878906,729.9543857574463
1706195796739,1162.0773315429688,717.0444631576538
1706195796748,1149.905014038086,729.9449229240417
1706195796759,1136.2542724609375,731.7137432098389
1706195796770,1132.959861755371,734.4407987594604
1706195796781,1144.9410247802734,721.4018940925598
1706195796793,1152.2497940063477,727.6605176925659
1706195796803,1151.458396911621,730.0027513504028
1706195796815,1143.1796264648438,735.1789426803589
1706195796826,1069.8988342285156,773.0256414413452
1706195796844,1063.8172912597656,776.0290718078613
1706195796868,1057.6904678344727,795.396101474762
1706195796869,1070.2389526367188,806.8927145004272
1706195796870,1070.3522109985352,804.3501091003418
1706195796886,1078.988914489746,797.8952980041504
1706195796893,1074.8355102539062,791.0640335083008
1706195796903,1069.8262405395508,789.5710945129395
1706195796915,1066.405906677246,786.7476511001587
1706195796926,1070.6106185913086,799.6552133560181
1706195796938,1081.9536590576172,801.8098640441895
1706195796948,1077.1662521362305,794.6606397628784
1706195796960,1073.2959365844727,785.879065990448
1706195796970,1059.8595428466797,789.6691131591797
1706195796981,1057.5551986694336,801.2321376800537
1706195797020,1060.8153915405273,810.6132173538208
1706195797026,1071.565818786621,773.9832758903503
1706195797038,1078.3834838867188,769.3459296226501
1706195797048,1070.1793670654297,775.6115698814392
1706195797059,1059.1036987304688,778.6124682426453
1706195797071,1051.273536682129,787.7315711975098
1706195797081,1063.3991622924805,788.805570602417
1706195797093,1070.9183883666992,792.1130132675171
1706195797104,1072.780876159668,785.4589247703552
1706195797115,1065.4294204711914,794.5242118835449
1706195797126,1059.455680847168,803.7306690216064
1706195797168,1052.054443359375,806.9681167602539
1706195797169,1058.3634948730469,798.0903053283691
1706195797186,1058.6788177490234,775.929229259491
1706195797193,1058.9431381225586,780.2244973182678
1706195797203,1059.6660995483398,783.0282425880432
1706195797214,1070.5113220214844,782.9979014396667
1706195797225,1073.2540130615234,787.905056476593
1706195797237,1074.7857284545898,786.0460066795349
1706195797248,1070.2676010131836,779.908275604248
1706195797259,1075.098533630371,768.0886173248291
1706195797270,1073.6884689331055,768.5858345031738
1706195797282,1068.0435943603516,776.578323841095
1706195797322,1053.6875915527344,778.7820911407471
1706195797325,1205.123519897461,780.5761671066284
1706195797339,1233.8633346557617,782.6501154899597
1706195797348,1257.264747619629,784.398443698883
1706195797359,1253.8908767700195,779.3073534965515
1706195797370,1258.9064407348633,793.8742160797119
1706195797381,1252.370719909668,797.0695638656616
1706195797392,1247.3638916015625,804.4697570800781
1706195797403,1249.1833114624023,792.0132780075073
1706195797414,1251.5201568603516,790.6301164627075
1706195797426,1253.006248474121,786.4188766479492
1706195797470,1249.8941040039062,780.2217936515808
1706195797488,1248.902359008789,775.440423488617
1706195797492,1242.3481369018555,778.0837082862854
1706195797506,1242.229347229004,783.1062841415405
1706195797514,1247.3322677612305,789.8502802848816
1706195797526,1248.4779739379883,777.3561215400696
1706195797537,1246.341896057129,779.8499965667725
1706195797548,1281.2826538085938,797.181658744812
1706195797559,1641.4970397949219,1031.7551279067993
1706195797569,1960.821533203125,1151.8355655670166
1706195797580,2036.5274047851562,1195.0665092468262
1706195797590,nan,nan
1706195797601,nan,nan
1706195797639,nan,nan
1706195797646,nan,nan
1706195797657,nan,nan
1706195797670,nan,nan
1706195797678,nan,nan
1706195797688,nan,nan
1706195797707,nan,nan
1706195797725,nan,nan
1706195797737,nan,nan
1706195797749,nan,nan
1706195797783,nan,nan
1706195797789,nan,nan
1706195797802,nan,nan
1706195797813,nan,nan
1706195797824,nan,nan
1706195797836,nan,nan
1706195797847,nan,nan
1706195797858,nan,nan
1706195797869,nan,nan
1706195797879,nan,nan
1706195797918,nan,nan
1706195797934,nan,nan
1706195797941,nan,nan
1706195797953,nan,nan
1706195797961,nan,nan
1706195797974,nan,nan
1706195797984,nan,nan
1706195797994,nan,nan
1706195798007,nan,nan
1706195798018,nan,nan
1706195798028,nan,nan
1706195798071,nan,nan
1706195798072,nan,nan
1706195798073,nan,nan
1706195798074,nan,nan
1706195798089,nan,nan
1706195798095,nan,nan
1706195798108,nan,nan
1706195798119,nan,nan
1706195798128,nan,nan
1706195798140,nan,nan
1706195798151,nan,nan
1706195798160,nan,nan
1706195798173,nan,nan
1706195798184,nan,nan
1706195798220,nan,nan
1706195798224,nan,nan
1706195798240,nan,nan
1706195798252,1504.9761962890625,1018.2865333557129
1706195798261,1504.9761962890625,1018.2865333557129
1706195798272,1504.9761962890625,1018.2865333557129
1706195798284,1501.2699890136719,829.4179058074951
1706195798295,1501.2699890136719,829.4179058074951
1706195798306,1501.2699890136719,829.4179058074951
1706195798317,1436.64794921875,933.0553722381592
1706195798328,1436.64794921875,933.0553722381592
1706195798370,1436.64794921875,933.0553722381592
1706195798371,1580.1170349121094,1039.6691036224365
1706195798373,1580.1170349121094,1039.6691036224365
1706195798389,nan,nan
1706195798396,nan,nan
1706195798407,nan,nan
1706195798418,nan,nan
1706195798430,nan,nan
1706195798441,nan,nan
1706195798452,nan,nan
1706195798464,1004.3819427490234,743.3526420593262
1706195798474,1004.3819427490234,743.3526420593262
1706195798486,1023.4159088134766,751.1321640014648
1706195798519,1163.9930725097656,808.588342666626
1706195798520,1163.9930725097656,808.588342666626
1706195798530,1088.1255340576172,843.0537414550781
1706195798540,1088.1255340576172,843.0537414550781
1706195798553,nan,nan
1706195798563,nan,nan
1706195798573,nan,nan
1706195798584,nan,nan
1706195798596,nan,nan
1706195798607,nan,nan
1706195798618,nan,nan
1706195798629,nan,nan
1706195798669,nan,nan
1706195798670,nan,nan
1706195798674,nan,nan
1706195798688,nan,nan
1706195798696,473.03646087646484,1026.3326454162598
1706195798708,479.5490264892578,1022.6453590393066
1706195798719,473.08746337890625,1025.0330829620361
1706195798730,444.51866149902344,985.0451231002808
1706195798741,442.80662536621094,983.1323862075806
1706195798753,442.62731552124023,978.9864635467529
1706195798764,452.3028373718262,978.0618524551392
1706195798803,447.76845932006836,981.1309003829956
1706195798808,466.2215805053711,1007.0856285095215
1706195798820,457.9050636291504,1006.758828163147
1706195798830,452.0839309692383,981.8485736846924
1706195798842,460.34589767456055,984.5364475250244
1706195798853,462.7240180969238,985.0761938095093
1706195798864,453.55533599853516,999.3968725204468
1706195798875,443.8206100463867,1001.3399505615234
1706195798886,471.7582130432129,993.221869468689
1706195798897,854.0130615234375,842.941517829895
1706195798908,935.8543014526367,809.2500972747803
1706195798931,997.5020599365234,786.885666847229
1706195798952,1098.7357330322266,784.2755126953125
1706195798953,1097.0225143432617,789.3896055221558
1706195798970,1091.7116928100586,790.1927661895752
1706195798974,1104.957618713379,782.5753784179688
1706195798986,1113.6702346801758,785.1804256439209
1706195798997,1114.1224670410156,775.0629615783691
1706195799008,1105.1528930664062,776.7468738555908
1706195799019,1096.3442993164062,778.7551832199097
1706195799030,1100.5978393554688,788.9119577407837
1706195799041,1102.2412109375,790.9726238250732
1706195799053,1105.170555114746,785.9935426712036
1706195799063,1108.260612487793,798.0946826934814
1706195799102,1109.0825271606445,796.0554313659668
1706195799103,1100.7802963256836,795.7573413848877
1706195799108,1100.4050064086914,803.000078201294
1706195799119,1105.954933166504,799.7620725631714
1706195799131,1089.0483093261719,811.6096258163452
1706195799141,1086.016616821289,801.3427734375
1706195799151,1102.2505950927734,805.4144096374512
1706195799162,1177.322006225586,811.7315483093262
1706195799173,nan,nan
1706195799184,nan,nan
1706195799195,nan,nan
1706195799206,nan,nan
1706195799218,nan,nan
1706195799255,nan,nan
1706195799256,nan,nan
1706195799260,nan,nan
1706195799271,nan,nan
1706195799282,nan,nan
1706195799292,nan,nan
1706195799312,nan,nan
1706195799329,nan,nan
1706195799342,nan,nan
1706195799354,nan,nan
1706195799363,nan,nan
1706195799403,nan,nan
1706195799404,nan,nan
1706195799409,nan,nan
1706195799420,nan,nan
1706195799429,nan,nan
1706195799442,nan,nan
1706195799453,nan,nan
1706195799463,nan,nan
1706195799475,nan,nan
1706195799486,nan,nan
1706195799496,nan,nan
1706195799508,nan,nan
1706195799551,nan,nan
1706195799552,nan,nan
1706195799553,nan,nan
1706195799567,nan,nan
1706195799575,nan,nan
1706195799587,nan,nan
1706195799597,nan,nan
1706195799608,nan,nan
1706195799620,nan,nan
1706195799630,nan,nan
1706195799641,nan,nan
1706195799653,nan,nan
1706195799663,nan,nan
1706195799682,nan,nan
1706195799703,nan,nan
1706195799708,nan,nan
1706195799720,nan,nan
1706195799732,nan,nan
1706195799741,nan,nan
1706195799753,nan,nan
1706195799764,nan,nan
1706195799775,nan,nan
1706195799786,nan,nan
1706195799797,nan,nan
1706195799839,nan,nan
1706195799840,nan,nan
1706195799841,nan,nan
1706195799858,nan,nan
1706195799864,nan,nan
1706195799876,nan,nan
1706195799886,nan,nan
1706195799897,nan,nan
1706195799907,nan,nan
1706195799919,nan,nan
1706195799929,nan,nan
1706195799941,nan,nan
1706195799953,nan,nan
1706195799985,nan,nan
1706195799986,nan,nan
1706195800003,nan,nan
1706195800009,nan,nan
1706195800020,nan,nan
1706195800029,nan,nan
1706195800041,nan,nan
1706195800052,nan,nan
1706195800062,nan,nan
1706195800074,nan,nan
1706195800086,nan,nan
1706195800096,nan,nan
1706195800116,nan,nan
1706195800136,nan,nan
1706195800141,nan,nan
1706195800153,nan,nan
1706195800163,nan,nan
1706195800174,nan,nan
1706195800186,nan,nan
1706195800196,nan,nan
1706195800208,nan,nan
1706195800219,nan,nan
1706195800230,nan,nan
1706195800270,nan,nan
1706195800271,nan,nan
1706195800274,nan,nan
1706195800286,nan,nan
1706195800295,nan,nan
1706195800308,nan,nan
1706195800319,nan,nan
1706195800329,nan,nan
1706195800342,nan,nan
1706195800352,nan,nan
1706195800364,nan,nan
1706195800376,nan,nan
1706195800418,nan,nan
1706195800419,nan,nan
1706195800435,nan,nan
1706195800441,nan,nan
1706195800452,nan,nan
1706195800463,1459.8995971679688,809.44167137146
1706195800474,1459.8995971679688,809.44167137146
1706195800485,1459.8995971679688,809.44167137146
1706195800496,nan,nan
1706195800508,nan,nan
1706195800519,1085.5091857910156,847.6805305480957
1706195800556,1082.9841613769531,805.8715438842773
1706195800557,1082.9841613769531,805.8715438842773
1706195800563,nan,nan
1706195800575,nan,nan
1706195800586,1234.228744506836,732.821044921875
1706195800597,1085.8714294433594,791.0848045349121
1706195800608,1117.7862548828125,787.9172229766846
1706195800619,1088.3200073242188,782.949857711792
1706195800630,1109.5294952392578,789.0388584136963
1706195800641,1125.7460021972656,801.3142776489258
1706195800651,1148.8994598388672,812.9135227203369
1706195800663,1140.599594116211,807.8718280792236
1706195800674,1088.40087890625,798.5467529296875
1706195800708,1099.9724578857422,793.7076187133789
1706195800709,1221.3670349121094,772.6090621948242
1706195800726,1236.1678314208984,763.8822269439697
1706195800730,1238.4376525878906,768.0864715576172
1706195800742,1234.8526000976562,782.9356956481934
1706195800752,1236.5807342529297,787.0765972137451
1706195800763,1236.2776184082031,785.8755683898926
1706195800774,1216.5714263916016,789.5597648620605
1706195800786,1220.0956726074219,781.6262626647949
1706195800796,1215.8153533935547,769.9051380157471
1706195800808,1247.7803039550781,762.4505710601807
1706195800819,1249.5500183105469,766.9113636016846
1706195800856,1253.4003448486328,773.2109928131104
1706195800863,1252.7790069580078,753.773775100708
1706195800876,1244.2188262939453,754.2720222473145
1706195800885,1248.7493896484375,747.5683879852295
1706195800897,1383.0976867675781,876.4566421508789
1706195800907,1402.4411010742188,900.6514549255371
1706195800918,1402.4411010742188,900.6514549255371
1706195800929,nan,nan
1706195800940,nan,nan
1706195800951,nan,nan
1706195800962,nan,nan
1706195800981,nan,nan
1706195801005,nan,nan
1706195801006,nan,nan
1706195801024,nan,nan
1706195801027,nan,nan
1706195801046,nan,nan
1706195801064,nan,nan
1706195801076,nan,nan
1706195801087,nan,nan
1706195801098,nan,nan
1706195801109,nan,nan
1706195801120,nan,nan
1706195801156,nan,nan
1706195801157,nan,nan
1706195801163,nan,nan
1706195801176,nan,nan
1706195801190,nan,nan
1706195801197,nan,nan
1706195801209,nan,nan
1706195801220,nan,nan
1706195801230,nan,nan
1706195801242,nan,nan
1706195801253,nan,nan
1706195801264,nan,nan
1706195801307,nan,nan
1706195801309,nan,nan
1706195801324,nan,nan
1706195801332,nan,nan
1706195801344,nan,nan
1706195801354,nan,nan
1706195801364,nan,nan
1706195801376,nan,nan
1706195801386,nan,nan
1706195801397,nan,nan
1706195801408,nan,nan
1706195801432,nan,nan
1706195801454,nan,nan
1706195801456,nan,nan
1706195801464,nan,nan
1706195801475,nan,nan
1706195801488,nan,nan
1706195801497,nan,nan
1706195801508,nan,nan
1706195801520,nan,nan
1706195801530,nan,nan
1706195801542,nan,nan
1706195801553,nan,nan
1706195801564,nan,nan
1706195801609,nan,nan
1706195801610,nan,nan
1706195801625,nan,nan
1706195801632,nan,nan
1706195801642,nan,nan
1706195801653,nan,nan
1706195801664,nan,nan
1706195801676,nan,nan
1706195801687,nan,nan
1706195801697,nan,nan
1706195801709,nan,nan
1706195801720,nan,nan
1706195801753,nan,nan
1706195801770,nan,nan
1706195801776,nan,nan
1706195801786,nan,nan
1706195801796,nan,nan
1706195801808,nan,nan
1706195801820,nan,nan
1706195801830,nan,nan
1706195801842,nan,nan
1706195801853,nan,nan
1706195801863,nan,nan
1706195801905,nan,nan
1706195801906,nan,nan
1706195801908,nan,nan
1706195801921,nan,nan
1706195801930,nan,nan
1706195801942,nan,nan
1706195801953,nan,nan
1706195801963,nan,nan
1706195801975,nan,nan
1706195801987,nan,nan
1706195801997,nan,nan
1706195802009,nan,nan
1706195802021,nan,nan
1706195802054,nan,nan
1706195802055,nan,nan
1706195802063,nan,nan
1706195802076,nan,nan
1706195802094,nan,nan
1706195802109,nan,nan
1706195802120,nan,nan
1706195802131,nan,nan
1706195802143,nan,nan
1706195802153,nan,nan
1706195802165,nan,nan
1706195802209,nan,nan
1706195802210,nan,nan
1706195802225,1060.7472229003906,724.8076343536377
1706195802233,1060.7472229003906,724.8076343536377
1706195802245,1060.7472229003906,724.8076343536377
1706195802255,936.1692047119141,475.43914318084717
1706195802266,936.1692047119141,475.43914318084717
1706195802277,936.1692047119141,475.43914318084717
1706195802288,nan,nan
1706195802300,nan,nan
1706195802311,nan,nan
1706195802355,nan,nan
1706195802356,nan,nan
1706195802371,nan,nan
1706195802377,nan,nan
1706195802388,nan,nan
1706195802400,1095.1784896850586,724.354190826416
1706195802411,1104.4407272338867,722.6438426971436
1706195802423,1098.1385040283203,735.4444813728333
1706195802434,1159.5887756347656,759.1380000114441
1706195802444,1153.894386291504,762.4332976341248
1706195802456,1161.0598373413086,760.4056119918823
1706195802468,1164.9589157104492,753.8608932495117
1706195802507,1179.8360443115234,757.6804232597351
1706195802508,1183.8082122802734,755.458652973175
1706195802511,1164.9806594848633,746.0526823997498
1706195802525,1162.8065490722656,744.3544149398804
1706195802534,1160.7445907592773,753.9495992660522
1706195802545,1162.1345901489258,749.7716188430786
1706195802556,1161.3079071044922,753.5501432418823
1706195802566,1145.0179290771484,759.0548944473267
1706195802577,1117.9170227050781,783.9893531799316
1706195802588,340.5769729614258,890.1320457458496
1706195802600,334.41213607788086,944.4157075881958
1706195802610,340.4202651977539,942.4920272827148
1706195802655,312.28732109069824,904.1497421264648
1706195802656,311.78632736206055,924.5079660415649
1706195802673,331.7252445220947,947.2334432601929
1706195802679,334.6890068054199,954.1716527938843
1706195802691,320.3648567199707,947.877516746521
1706195802700,310.3503131866455,941.5088367462158
1706195802711,314.9146270751953,933.5845613479614
1706195802723,322.3570251464844,937.6682996749878
1706195802734,313.5981273651123,931.6493797302246
1706195802745,311.90406799316406,933.5236215591431
1706195802756,311.9181251525879,930.7762241363525
1706195802767,312.1289539337158,944.0450048446655
1706195802805,306.3669013977051,953.4654378890991
1706195802806,304.64183807373047,950.8615922927856
1706195802811,295.19715309143066,929.9352550506592
1706195802823,295.1515483856201,931.4668607711792
1706195802835,293.09319496154785,928.2277393341064
1706195802845,286.893367767334,924.7453737258911
1706195802856,286.1474895477295,925.4920148849487
1706195802867,307.6505661010742,925.4284143447876
1706195802878,362.54703521728516,935.407862663269
1706195802889,456.9424819946289,915.2789783477783
1706195802900,1142.4125671386719,723.5795259475708
1706195802912,1189.6326065063477,703.7011170387268
1706195802955,1208.9319610595703,699.3987035751343
1706195802956,1215.0045013427734,680.099630355835
1706195802973,1212.5379943847656,657.3081278800964
1706195802978,1203.6124420166016,656.5487837791443
1706195802990,1203.4210586547852,645.5166864395142
1706195803000,1210.676612854004,660.7391238212585
1706195803011,1213.3343887329102,662.1141529083252
1706195803022,1222.2338485717773,666.2541103363037
1706195803033,1220.1091766357422,732.0081424713135
1706195803045,1230.2788925170898,643.0306434631348
1706195803056,1197.5122833251953,678.5170841217041
1706195803093,1200.284767150879,672.6377892494202
1706195803094,1197.4377822875977,680.8446621894836
1706195803100,1180.1607131958008,679.8787879943848
1706195803110,1174.2595291137695,673.9115810394287
1706195803123,1200.3350830078125,662.9595851898193
1706195803133,1331.0647583007812,806.8648624420166
1706195803144,1430.1069641113281,860.5838012695312
1706195803154,1430.1069641113281,860.5838012695312
1706195803165,1923.4321594238281,1109.3280029296875
1706195803176,2264.0640258789062,1269.2583847045898
1706195803187,2264.0640258789062,1269.2583847045898
1706195803198,nan,nan
1706195803219,nan,nan
1706195803241,nan,nan
1706195803242,nan,nan
1706195803243,nan,nan
1706195803259,nan,nan
1706195803264,nan,nan
1706195803275,nan,nan
1706195803286,nan,nan
1706195803297,nan,nan
1706195803308,nan,nan
1706195803319,nan,nan
1706195803331,nan,nan
1706195803342,nan,nan
1706195803353,nan,nan
1706195803388,nan,nan
1706195803403,nan,nan
1706195803408,nan,nan
1706195803419,nan,nan
1706195803431,nan,nan
1706195803442,nan,nan
1706195803453,nan,nan
1706195803464,nan,nan
1706195803475,nan,nan
1706195803486,nan,nan
1706195803497,nan,nan
1706195803541,nan,nan
1706195803542,nan,nan
1706195803558,nan,nan
1706195803565,nan,nan
1706195803575,nan,nan
1706195803586,1601.25244140625,961.0206413269043
1706195803597,1601.25244140625,961.0206413269043
1706195803608,1601.25244140625,961.0206413269043
1706195803620,1639.0798950195312,855.5954074859619
1706195803631,1639.0798950195312,855.5954074859619
1706195803642,1691.0099792480469,857.3198318481445
1706195803653,1685.6723022460938,895.4839324951172
1706195803689,1685.6723022460938,895.4839324951172
1706195803690,1631.4363098144531,939.6152400970459
1706195803698,1487.135009765625,808.4127330780029
1706195803709,1446.6835021972656,784.0449714660645
1706195803722,1382.9354858398438,750.3629493713379
1706195803732,1251.587905883789,724.0738677978516
1706195803744,1267.2623443603516,730.717077255249
1706195803755,1268.5498809814453,730.7345008850098
1706195803766,1257.0817565917969,725.1309585571289
1706195803777,1242.9974365234375,714.0963077545166
1706195803788,1246.6353607177734,708.3025217056274
1706195803799,1231.7448425292969,726.234655380249
1706195803841,1228.4711456298828,733.0212879180908
1706195803842,1220.8580780029297,741.8819332122803
1706195803844,1230.0942993164062,737.9941463470459
1706195803856,1235.3885650634766,725.181941986084
1706195803865,1234.3460845947266,729.3527126312256
1706195803876,1245.218505859375,732.0897674560547
1706195803887,1254.6939849853516,739.8001956939697
1706195803898,1210.2714538574219,675.063943862915
1706195803910,1216.0697937011719,652.8934907913208
1706195803921,1203.7911224365234,637.6878547668457
1706195803932,1207.8705596923828,646.3117790222168
1706195803943,1185.8139038085938,665.2575302124023
1706195803954,1183.6702728271484,667.6942205429077
1706195803990,1191.3599395751953,671.8930578231812
1706195803991,1188.7332153320312,662.4094533920288
1706195803999,1170.1555633544922,646.0569477081299
1706195804010,1173.3106994628906,651.2179899215698
1706195804022,1171.5966033935547,660.9659957885742
1706195804032,1175.3229522705078,652.2336673736572
1706195804043,1194.7757720947266,656.1631679534912
1706195804054,1188.6096954345703,649.8403644561768
1706195804065,1171.9176483154297,666.4564561843872
1706195804077,1162.6068878173828,661.9757509231567
1706195804088,1170.6812286376953,656.7354440689087
1706195804099,1189.3489074707031,649.3073129653931
1706195804118,1187.3435974121094,647.0658016204834
1706195804142,1178.149185180664,658.0038928985596
1706195804143,1148.2488250732422,671.3776874542236
1706195804159,1146.8748474121094,666.3558626174927
1706195804165,1065.797119140625,669.9431991577148
1706195804178,1037.9821014404297,663.0928802490234
1706195804188,1009.1732788085938,673.1412935256958
1706195804199,988.8021087646484,657.9234266281128
1706195804210,987.3426055908203,670.7313394546509
1706195804220,991.5598297119141,677.0701932907104
1706195804231,1005.6210327148438,675.8244895935059
1706195804243,1009.0514373779297,667.2676849365234
1706195804254,1017.0936584472656,661.7398452758789
1706195804290,1002.6558685302734,684.1090393066406
1706195804298,1007.525634765625,684.5882320404053
1706195804309,1004.2364501953125,691.9676542282104
1706195804321,1007.5245666503906,686.3009405136108
1706195804332,1012.3462677001953,686.5159893035889
1706195804343,994.1938781738281,693.9930868148804
1706195804354,986.5557861328125,693.3230066299438
1706195804365,1007.2283935546875,715.2908134460449
1706195804376,1024.8120880126953,719.1526794433594
1706195804387,1032.9933166503906,711.9215297698975
1706195804399,1071.6182708740234,712.723445892334
1706195804443,1085.476303100586,694.8930215835571
1706195804444,1092.4663543701172,702.9961681365967
1706195804460,1106.336441040039,741.4334678649902
1706195804465,1113.06884765625,730.7621383666992
1706195804477,1083.7360382080078,713.9856290817261
1706195804488,1086.3383483886719,709.6274042129517
1706195804499,1093.2269287109375,727.9071521759033
1706195804509,1091.7557525634766,713.0551815032959
1706195804521,1090.0271606445312,721.6627979278564
1706195804532,1077.6011657714844,703.4066534042358
1706195804543,1095.282211303711,718.285403251648
1706195804554,1097.8582000732422,712.0700597763062
1706195804592,1102.0097351074219,706.3266563415527
1706195804593,1080.109634399414,695.9656476974487
1706195804598,1068.2301330566406,717.0528316497803
1706195804609,1076.4590454101562,733.0023193359375
1706195804621,1083.0632781982422,736.8094253540039
1706195804631,1076.7721557617188,745.1310539245605
1706195804643,1082.2570037841797,744.8899555206299
1706195804653,1078.9067840576172,737.9924297332764
1706195804665,1078.2292175292969,730.0273418426514
1706195804676,1042.5931549072266,715.7445573806763
1706195804687,1042.6495361328125,722.9340362548828
1706195804726,1038.3843994140625,718.714599609375
1706195804732,1064.0906524658203,717.5575160980225
1706195804747,1054.3348693847656,713.7324714660645
1706195804755,1057.9907989501953,719.448881149292
1706195804766,1048.8543701171875,712.96226978302
1706195804776,1057.2684478759766,710.7855176925659
1706195804787,1054.4535827636719,706.7210483551025
1706195804798,1055.4353332519531,727.963457107544
1706195804809,1061.9364166259766,727.3545742034912
1706195804820,1059.5825958251953,729.7316551208496
1706195804831,1058.6062622070312,719.1804885864258
1706195804842,1055.0928497314453,712.0016098022461
1706195804853,1050.1416015625,707.4987602233887
1706195804891,1055.8765411376953,706.5340232849121
1706195804898,1088.6312866210938,721.2875461578369
1706195804909,1090.4561614990234,728.0561542510986
1706195804921,1095.210189819336,720.529146194458
1706195804931,1093.4375,730.5245590209961
1706195804943,1085.675277709961,772.7887916564941
1706195804954,1086.6714477539062,774.7640991210938
1706195804965,1079.8716735839844,753.1497001647949
1706195804976,1082.2374725341797,709.2637395858765
1706195804987,1070.9337615966797,711.5821981430054
1706195805025,1075.9834289550781,742.1706676483154
1706195805026,1087.1183013916016,751.3811588287354
1706195805032,1103.088607788086,741.2490177154541
1706195805043,1109.7311401367188,727.3704528808594
1706195805054,1117.9071044921875,706.9747638702393
1706195805065,1111.2982940673828,721.2224006652832
1706195805076,1098.4381103515625,723.9599704742432
1706195805087,1093.643569946289,726.6610622406006
1706195805098,1083.5438537597656,714.9489068984985
1706195805109,1081.5975189208984,719.1175317764282
1706195805121,1073.175277709961,737.9656505584717
1706195805132,1078.624496459961,730.7951831817627
1706195805143,1081.6049194335938,731.2039089202881
1706195805175,1099.511489868164,729.6109771728516
1706195805190,1074.0640258789062,741.6913032531738
1706195805198,1051.5081024169922,751.1966228485107
1706195805210,1064.720230102539,761.793794631958
1706195805221,1111.1536407470703,757.1798372268677
1706195805232,1205.478744506836,777.2949028015137
1706195805243,1214.9903106689453,773.5421705245972
1706195805254,1219.873161315918,762.7985286712646
1706195805265,1212.8985214233398,762.0744609832764
1706195805276,1211.7400360107422,763.479380607605
1706195805288,1205.077018737793,777.9412508010864
1706195805324,1200.880012512207,787.4696588516235
1706195805340,1215.4301452636719,775.3175354003906
1706195805343,1216.350212097168,774.5193958282471
1706195805355,1225.8753967285156,792.4432039260864
1706195805364,1220.1448059082031,793.8290691375732
1706195805376,1220.4216766357422,793.1582164764404
1706195805387,1212.4395751953125,782.7556657791138
1706195805398,1218.8864517211914,783.8548564910889
1706195805410,1224.9051666259766,783.8679885864258
1706195805420,1222.0925521850586,778.5381174087524
1706195805456,1227.427749633789,784.7963333129883
1706195805457,1238.1016159057617,767.4389863014221
1706195805472,1243.3613967895508,754.0750408172607
1706195805477,1238.3540344238281,770.2547264099121
1706195805489,1243.786735534668,772.3456263542175
1706195805497,1261.1151504516602,793.6008882522583
1706195805508,1151.7693328857422,779.4913959503174
1706195805519,nan,nan
1706195805530,nan,nan
1706195805542,nan,nan
1706195805552,nan,nan
1706195805563,nan,nan
1706195805574,nan,nan
1706195805608,nan,nan
1706195805624,nan,nan
1706195805628,nan,nan
1706195805640,nan,nan
1706195805657,nan,nan
1706195805677,nan,nan
1706195805688,nan,nan
1706195805699,nan,nan
1706195805741,nan,nan
1706195805742,nan,nan
1706195805744,nan,nan
1706195805757,nan,nan
1706195805765,nan,nan
1706195805777,nan,nan
1706195805788,nan,nan
1706195805798,nan,nan
1706195805810,nan,nan
1706195805821,nan,nan
1706195805832,nan,nan
1706195805844,nan,nan
1706195805855,nan,nan
1706195805890,nan,nan
1706195805891,nan,nan
1706195805907,nan,nan
1706195805911,nan,nan
1706195805921,nan,nan
1706195805931,nan,nan
1706195805943,nan,nan
1706195805954,nan,nan
1706195805964,nan,nan
1706195805976,nan,nan
1706195805988,nan,nan
1706195806023,nan,nan
1706195806024,nan,nan
1706195806031,nan,nan
1706195806043,nan,nan
1706195806055,nan,nan
1706195806064,nan,nan
1706195806076,nan,nan
1706195806088,nan,nan
1706195806097,nan,nan
1706195806109,nan,nan
1706195806121,nan,nan
1706195806159,nan,nan
1706195806160,nan,nan
1706195806164,nan,nan
1706195806178,nan,nan
1706195806188,nan,nan
1706195806198,nan,nan
1706195806210,nan,nan
1706195806221,nan,nan
1706195806231,nan,nan
1706195806243,nan,nan
1706195806255,nan,nan
1706195806265,nan,nan
1706195806276,nan,nan
1706195806310,nan,nan
1706195806311,nan,nan
1706195806327,nan,nan
1706195806331,nan,nan
1706195806343,nan,nan
1706195806354,nan,nan
1706195806364,nan,nan
1706195806376,nan,nan
1706195806387,nan,nan
1706195806398,nan,nan
1706195806410,nan,nan
1706195806421,nan,nan
1706195806457,nan,nan
1706195806458,nan,nan
1706195806465,nan,nan
1706195806476,nan,nan
1706195806488,nan,nan
1706195806498,nan,nan
1706195806510,nan,nan
1706195806521,nan,nan
1706195806531,nan,nan
1706195806543,nan,nan
1706195806554,nan,nan
1706195806564,nan,nan
1706195806576,nan,nan
1706195806609,nan,nan
1706195806610,nan,nan
1706195806625,nan,nan
1706195806632,nan,nan
1706195806644,nan,nan
1706195806654,nan,nan
1706195806665,nan,nan
1706195806676,nan,nan
1706195806687,nan,nan
1706195806697,nan,nan
1706195806709,nan,nan
1706195806720,nan,nan
1706195806738,nan,nan
1706195806758,nan,nan
1706195806764,nan,nan
1706195806776,nan,nan
1706195806787,nan,nan
1706195806797,nan,nan
1706195806809,nan,nan
1706195806821,nan,nan
1706195806831,nan,nan
1706195806842,nan,nan
1706195806854,nan,nan
1706195806891,nan,nan
1706195806892,nan,nan
1706195806898,nan,nan
1706195806909,nan,nan
1706195806922,nan,nan
1706195806931,nan,nan
1706195806943,nan,nan
1706195806954,nan,nan
1706195806964,nan,nan
1706195806976,nan,nan
1706195806987,nan,nan
1706195806998,nan,nan
1706195807010,nan,nan
1706195807043,nan,nan
1706195807058,nan,nan
1706195807064,nan,nan
1706195807076,nan,nan
1706195807087,nan,nan
1706195807097,nan,nan
1706195807109,nan,nan
1706195807120,nan,nan
1706195807130,nan,nan
1706195807142,nan,nan
1706195807153,nan,nan
1706195807171,nan,nan
1706195807193,nan,nan
1706195807194,nan,nan
1706195807197,nan,nan
1706195807209,nan,nan
1706195807221,nan,nan
1706195807230,nan,nan
1706195807242,nan,nan
1706195807254,nan,nan
1706195807264,nan,nan
1706195807276,nan,nan
1706195807287,nan,nan
1706195807325,nan,nan
1706195807326,nan,nan
1706195807330,nan,nan
1706195807343,nan,nan
1706195807356,nan,nan
1706195807363,nan,nan
1706195807376,nan,nan
1706195807387,nan,nan
1706195807397,nan,nan
1706195807409,nan,nan
1706195807420,nan,nan
1706195807430,nan,nan
1706195807442,nan,nan
1706195807475,nan,nan
1706195807476,nan,nan
1706195807492,nan,nan
1706195807497,nan,nan
1706195807509,nan,nan
1706195807521,nan,nan
1706195807530,nan,nan
1706195807542,nan,nan
1706195807554,nan,nan
1706195807564,nan,nan
1706195807575,nan,nan
1706195807587,nan,nan
1706195807623,nan,nan
1706195807624,nan,nan
1706195807630,nan,nan
1706195807641,nan,nan
1706195807654,nan,nan
1706195807664,nan,nan
1706195807675,nan,nan
1706195807686,nan,nan
1706195807697,nan,nan
1706195807709,nan,nan
1706195807720,nan,nan
1706195807758,nan,nan
1706195807759,nan,nan
1706195807764,nan,nan
1706195807775,nan,nan
1706195807787,nan,nan
1706195807797,nan,nan
1706195807808,nan,nan
1706195807820,nan,nan
1706195807830,nan,nan
1706195807842,nan,nan
1706195807853,nan,nan
1706195807872,nan,nan
1706195807892,nan,nan
1706195807893,nan,nan
1706195807897,nan,nan
1706195807911,nan,nan
1706195807921,nan,nan
1706195807930,nan,nan
1706195807941,nan,nan
1706195807953,nan,nan
1706195807962,nan,nan
1706195807975,nan,nan
1706195807986,nan,nan
1706195808023,nan,nan
1706195808024,nan,nan
1706195808029,nan,nan
1706195808042,nan,nan
1706195808053,nan,nan
1706195808063,nan,nan
1706195808075,nan,nan
1706195808086,nan,nan
1706195808096,nan,nan
1706195808108,nan,nan
1706195808119,nan,nan
1706195808130,nan,nan
1706195808141,nan,nan
1706195808175,nan,nan
1706195808176,nan,nan
1706195808191,nan,nan
1706195808197,nan,nan
1706195808209,nan,nan
1706195808221,nan,nan
1706195808231,nan,nan
1706195808243,nan,nan
1706195808260,nan,nan
1706195808275,nan,nan
1706195808309,nan,nan
1706195808310,nan,nan
1706195808325,nan,nan
1706195808331,nan,nan
1706195808343,nan,nan
1706195808352,nan,nan
1706195808369,nan,nan
1706195808391,nan,nan
1706195808407,nan,nan
1706195808421,nan,nan
1706195808459,nan,nan
1706195808460,nan,nan
1706195808467,nan,nan
1706195808479,nan,nan
1706195808492,814.0434265136719,778.496789932251
1706195808501,814.0434265136719,778.496789932251
1706195808512,814.0434265136719,778.496789932251
1706195808523,1061.188735961914,712.3726558685303
1706195808533,1061.188735961914,712.3726558685303
1706195808544,1061.188735961914,712.3726558685303
1706195808556,1009.1550445556641,739.8691177368164
1706195808567,1009.1550445556641,739.8691177368164
1706195808578,1009.1550445556641,739.8691177368164
1706195808611,nan,nan
1706195808612,nan,nan
1706195808629,nan,nan
1706195808634,1123.152847290039,658.8318586349487
1706195808646,1123.152847290039,658.8318586349487
1706195808656,1123.152847290039,658.8318586349487
1706195808668,1321.7318725585938,759.8762083053589
1706195808679,1328.7054824829102,764.3978762626648
1706195808690,1305.3181076049805,766.2059426307678
1706195808702,1287.9952239990234,773.6908721923828
1706195808743,1288.1411743164062,767.1508526802063
1706195808744,1290.945701599121,761.2669229507446
1706195808746,1232.0722198486328,758.1715250015259
1706195808758,1265.9151077270508,760.0789403915405
1706195808767,1289.632797241211,743.9755368232727
1706195808779,1300.8222198486328,738.8868284225464
1706195808790,1288.4893417358398,724.6674728393555
1706195808801,1283.6125564575195,743.3808588981628
1706195808813,1278.537254333496,743.9636921882629
1706195808824,1282.5011444091797,746.8292570114136
1706195808835,1281.7049026489258,742.0218586921692
1706195808846,1274.0108489990234,738.3027935028076
1706195808857,1262.1810150146484,749.3226385116577
1706195808892,1269.3274688720703,748.8745379447937
1706195808910,1293.3102416992188,743.037965297699
1706195808912,1294.3976211547852,727.5237679481506
1706195808923,1298.2537841796875,715.9870290756226
1706195808934,1291.444091796875,718.7282466888428
1706195808945,1291.9392013549805,730.9550857543945
1706195808957,1285.1403427124023,739.2495703697205
1706195808968,1278.0005645751953,730.0681328773499
1706195808979,1271.732521057129,728.9585781097412
1706195808990,1266.9866943359375,725.4665350914001
1706195809001,1273.6977767944336,730.3184366226196
1706195809013,1280.3341674804688,725.23273229599
1706195809023,1285.7514572143555,726.7772769927979
1706195809067,1281.9202423095703,719.8491740226746
1706195809068,1276.849136352539,728.2606029510498
1706195809084,1257.2883605957031,716.1553859710693
1706195809090,1274.7868347167969,726.9745588302612
1706195809101,1284.1601943969727,726.8648886680603
1706195809113,1281.4892578125,726.3559341430664
1706195809124,1272.173080444336,733.1474375724792
1706195809135,1282.421646118164,725.7980990409851
1706195809145,1280.8062362670898,727.1121883392334
1706195809157,1272.774429321289,718.9989137649536
1706195809168,1266.2753295898438,727.3402833938599
1706195809179,1271.799545288086,723.0571174621582
1706195809214,1278.7084579467773,728.7985897064209
1706195809215,1207.8035354614258,691.0945630073547
1706195809233,1190.0940704345703,668.6721324920654
1706195809235,1186.0425186157227,635.6444835662842
1706195809245,1186.0425186157227,635.6444835662842
1706195809257,1193.464241027832,644.5249342918396
1706195809267,1188.5431289672852,643.2760334014893
1706195809278,1187.275161743164,646.4052271842957
1706195809289,1178.272705078125,652.4199199676514
1706195809301,1187.3873138427734,661.1454033851624
1706195809311,1186.578025817871,660.8670544624329
1706195809323,1190.0768280029297,641.8411588668823
1706195809358,1191.7055892944336,631.1630272865295
1706195809359,1187.2198486328125,636.3653755187988
1706195809374,1195.771598815918,650.9557127952576
1706195809378,1199.9960327148438,647.5674390792847
1706195809392,1201.1762619018555,649.2831301689148
1706195809401,1190.7481384277344,640.5250525474548
1706195809412,1194.8233032226562,645.2119660377502
1706195809423,1182.6083755493164,652.0405054092407
1706195809435,1174.9253845214844,656.2205028533936
1706195809445,1172.6643753051758,655.665864944458
1706195809457,1187.204818725586,641.5225124359131
1706195809468,1195.410499572754,635.4954814910889
1706195809501,1199.8240280151367,637.7310919761658
1706195809520,1198.8891983032227,648.9549994468689
1706195809521,1200.9678268432617,650.5767488479614
1706195809523,1119.8709869384766,658.1604051589966
1706195809538,848.327751159668,727.2744727134705
1706195809545,689.3343544006348,770.6727004051208
1706195809557,421.9813919067383,746.1921572685242
1706195809567,423.9567565917969,763.9365148544312
1706195809579,425.26119232177734,759.3014430999756
1706195809590,428.3889961242676,761.7566299438477
1706195809601,440.06656646728516,758.7076234817505
1706195809612,448.91807556152344,759.4199752807617
1706195809624,441.12049102783203,772.756519317627
1706195809661,432.2287940979004,782.1484136581421
1706195809662,417.0988082885742,775.996413230896
1706195809667,423.00390243530273,764.3308210372925
1706195809679,428.11622619628906,772.4986839294434
1706195809690,426.1524963378906,777.2054672241211
1706195809701,436.9909858703613,766.6882038116455
1706195809711,442.74511337280273,761.2792825698853
1706195809723,445.9857940673828,759.1238594055176
1706195809734,433.8331604003906,755.2115678787231
1706195809745,432.758731842041,755.6990432739258
1706195809756,426.4137077331543,758.6605453491211
1706195809767,433.5186958312988,770.1670503616333
1706195809784,433.22649002075195,780.0650453567505
1706195809811,433.76354217529297,770.9505987167358
1706195809812,412.60433197021484,744.9229145050049
1706195809827,421.921329498291,759.4769668579102
1706195809834,436.6682434082031,770.5055665969849
1706195809846,451.3234329223633,765.1466417312622
1706195809856,476.0801887512207,761.8211317062378
1706195809868,621.640625,780.1100206375122
1706195809878,630.46875,780.5289173126221
1706195809890,626.2993812561035,778.7647104263306
1706195809901,614.4818496704102,778.8833713531494
1706195809912,626.7641639709473,790.2368831634521
1706195809923,623.7452507019043,788.9535856246948
1706195809959,749.1510009765625,833.6345529556274
1706195809967,673.0849456787109,774.9561023712158
1706195809977,676.7433166503906,780.3567409515381
1706195809988,676.7433166503906,780.3567409515381
1706195809999,nan,nan
1706195810010,nan,nan
1706195810020,nan,nan
1706195810031,nan,nan
1706195810043,nan,nan
1706195810054,nan,nan
1706195810065,nan,nan
1706195810099,nan,nan
1706195810100,nan,nan
1706195810116,nan,nan
1706195810120,nan,nan
1706195810132,nan,nan
1706195810141,nan,nan
1706195810159,nan,nan
1706195810180,nan,nan
1706195810191,nan,nan
1706195810201,nan,nan
1706195810214,nan,nan
1706195810246,nan,nan
1706195810247,nan,nan
1706195810253,nan,nan
1706195810267,nan,nan
1706195810279,nan,nan
1706195810289,nan,nan
1706195810301,nan,nan
1706195810312,nan,nan
1706195810323,nan,nan
1706195810334,nan,nan
1706195810345,nan,nan
1706195810356,nan,nan
1706195810376,nan,nan
1706195810395,nan,nan
1706195810396,nan,nan
1706195810400,nan,nan
1706195810413,nan,nan
1706195810423,nan,nan
1706195810433,nan,nan
1706195810444,nan,nan
1706195810455,nan,nan
1706195810466,nan,nan
1706195810478,nan,nan
1706195810489,nan,nan
1706195810529,nan,nan
1706195810530,nan,nan
1706195810534,nan,nan
1706195810545,nan,nan
1706195810556,nan,nan
1706195810567,nan,nan
1706195810577,nan,nan
1706195810589,nan,nan
1706195810600,nan,nan
1706195810611,nan,nan
1706195810621,nan,nan
1706195810633,nan,nan
1706195810644,nan,nan
1706195810678,nan,nan
1706195810694,nan,nan
1706195810700,nan,nan
1706195810711,nan,nan
1706195810722,nan,nan
1706195810734,nan,nan
1706195810745,nan,nan
1706195810756,nan,nan
1706195810767,nan,nan
1706195810778,nan,nan
1706195810790,846.8441772460938,736.7044544219971
1706195810830,846.8441772460938,736.7044544219971
1706195810831,846.8441772460938,736.7044544219971
1706195810834,882.655029296875,625.0694561004639
1706195810847,866.3590240478516,636.0233402252197
1706195810856,851.2920379638672,635.38330078125
1706195810868,700.5929565429688,613.7065887451172
1706195810879,693.8428497314453,601.7046689987183
1706195810890,689.5751190185547,593.0826759338379
1706195810901,686.4351654052734,605.7683658599854
1706195810911,681.2381744384766,605.7157516479492
1706195810923,685.7717132568359,615.6723690032959
1706195810934,687.2134399414062,596.3867712020874
1706195810945,672.5780487060547,592.2735071182251
1706195810978,675.7173156738281,582.9671430587769
1706195810979,670.7159423828125,606.5150499343872
1706195810994,656.4807891845703,614.4429731369019
1706195811001,685.0370025634766,622.7239608764648
1706195811012,680.0572204589844,638.0332374572754
1706195811023,655.6645965576172,621.6002655029297
1706195811034,627.9499435424805,615.0255918502808
1706195811045,652.1922302246094,606.2375164031982
1706195811056,676.1944580078125,620.3178262710571
1706195811067,679.6514892578125,627.396411895752
1706195811079,684.0451049804688,616.4989614486694
1706195811089,684.0451049804688,616.4989614486694
1706195811110,690.1105499267578,590.9206867218018
1706195811131,675.0035858154297,624.0768671035767
1706195811132,675.0035858154297,624.0768671035767
1706195811134,578.1188201904297,894.9460315704346
1706195811148,nan,nan
1706195811156,nan,nan
1706195811167,nan,nan
1706195811178,nan,nan
1706195811189,nan,nan
1706195811200,nan,nan
1706195811211,nan,nan
1706195811222,nan,nan
1706195811264,nan,nan
1706195811266,nan,nan
1706195811280,nan,nan
1706195811288,nan,nan
1706195811300,nan,nan
1706195811316,nan,nan
1706195811335,nan,nan
1706195811349,nan,nan
1706195811359,nan,nan
1706195811368,nan,nan
1706195811391,nan,nan
1706195811412,nan,nan
1706195811415,nan,nan
1706195811429,nan,nan
1706195811436,nan,nan
1706195811449,nan,nan
1706195811460,nan,nan
1706195811470,nan,nan
1706195811481,nan,nan
1706195811493,nan,nan
1706195811503,nan,nan
1706195811544,nan,nan
1706195811545,nan,nan
1706195811547,nan,nan
1706195811560,nan,nan
1706195811569,nan,nan
1706195811581,nan,nan
1706195811592,nan,nan
1706195811603,nan,nan
1706195811614,nan,nan
1706195811626,nan,nan
1706195811636,nan,nan
1706195811648,nan,nan
1706195811659,nan,nan
1706195811697,nan,nan
1706195811698,nan,nan
1706195811702,nan,nan
1706195811714,nan,nan
1706195811726,nan,nan
1706195811736,nan,nan
1706195811748,nan,nan
1706195811759,nan,nan
1706195811769,nan,nan
1706195811781,nan,nan
1706195811792,nan,nan
1706195811803,nan,nan
1706195811814,nan,nan
1706195811847,nan,nan
1706195811848,nan,nan
1706195811862,nan,nan
1706195811869,nan,nan
1706195811881,nan,nan
1706195811893,nan,nan
1706195811902,nan,nan
1706195811915,nan,nan
1706195811925,nan,nan
1706195811935,nan,nan
1706195811947,nan,nan
1706195811958,nan,nan
1706195811995,nan,nan
1706195811997,nan,nan
1706195812001,nan,nan
1706195812014,nan,nan
1706195812026,nan,nan
1706195812035,nan,nan
1706195812047,nan,nan
1706195812058,nan,nan
1706195812068,nan,nan
1706195812081,nan,nan
1706195812092,nan,nan
1706195812102,nan,nan
1706195812114,nan,nan
1706195812151,nan,nan
1706195812159,nan,nan
1706195812168,nan,nan
1706195812181,nan,nan
1706195812192,nan,nan
1706195812202,nan,nan
1706195812214,nan,nan
1706195812225,nan,nan
1706195812235,nan,nan
1706195812281,nan,nan
1706195812282,nan,nan
1706195812299,nan,nan
1706195812301,nan,nan
1706195812315,nan,nan
1706195812325,nan,nan
1706195812334,nan,nan
1706195812347,nan,nan
1706195812358,nan,nan
1706195812368,nan,nan
1706195812380,nan,nan
1706195812391,nan,nan
1706195812412,nan,nan
1706195812432,nan,nan
1706195812435,nan,nan
1706195812449,nan,nan
1706195812458,nan,nan
1706195812468,nan,nan
1706195812481,nan,nan
1706195812492,nan,nan
1706195812502,nan,nan
1706195812514,nan,nan
1706195812525,nan,nan
1706195812565,nan,nan
1706195812566,nan,nan
1706195812568,nan,nan
1706195812582,nan,nan
1706195812592,nan,nan
1706195812602,nan,nan
1706195812614,nan,nan
1706195812625,nan,nan
1706195812635,nan,nan
1706195812648,nan,nan
1706195812659,nan,nan
1706195812668,nan,nan
1706195812680,nan,nan
1706195812715,nan,nan
1706195812725,nan,nan
1706195812734,nan,nan
1706195812748,nan,nan
1706195812758,nan,nan
1706195812768,nan,nan
1706195812780,nan,nan
1706195812791,nan,nan
1706195812801,nan,nan
1706195812814,nan,nan
1706195812825,nan,nan
1706195812835,nan,nan
1706195812865,nan,nan
1706195812866,nan,nan
1706195812868,nan,nan
1706195812883,nan,nan
1706195812891,nan,nan
1706195812901,nan,nan
1706195812914,nan,nan
1706195812925,nan,nan
1706195812935,nan,nan
1706195812947,nan,nan
1706195812958,nan,nan
1706195812968,nan,nan
1706195812981,nan,nan
1706195813015,nan,nan
1706195813032,nan,nan
1706195813035,nan,nan
1706195813047,nan,nan
1706195813058,nan,nan
1706195813067,nan,nan
1706195813080,nan,nan
1706195813091,nan,nan
1706195813101,nan,nan
1706195813113,nan,nan
1706195813124,nan,nan
1706195813142,nan,nan
1706195813167,nan,nan
1706195813168,nan,nan
1706195813186,nan,nan
1706195813191,nan,nan
1706195813202,nan,nan
1706195813213,nan,nan
1706195813224,nan,nan
1706195813234,nan,nan
1706195813246,nan,nan
1706195813258,nan,nan
1706195813268,nan,nan
1706195813280,nan,nan
1706195813315,nan,nan
1706195813316,nan,nan
1706195813325,nan,nan
1706195813335,nan,nan
1706195813348,nan,nan
1706195813358,nan,nan
1706195813368,nan,nan
1706195813380,nan,nan
1706195813391,nan,nan
1706195813401,nan,nan
1706195813413,nan,nan
1706195813424,nan,nan
1706195813465,nan,nan
1706195813467,nan,nan
1706195813481,nan,nan
1706195813491,nan,nan
1706195813501,nan,nan
1706195813512,nan,nan
1706195813524,nan,nan
1706195813534,nan,nan
1706195813546,nan,nan
1706195813557,nan,nan
1706195813568,nan,nan
1706195813579,nan,nan
1706195813615,nan,nan
1706195813616,nan,nan
1706195813630,nan,nan
1706195813635,nan,nan
1706195813646,nan,nan
1706195813657,nan,nan
1706195813668,nan,nan
1706195813680,nan,nan
1706195813691,nan,nan
1706195813702,nan,nan
1706195813713,nan,nan
1706195813750,nan,nan
1706195813751,nan,nan
1706195813757,nan,nan
1706195813768,nan,nan
1706195813781,nan,nan
1706195813791,nan,nan
1706195813800,nan,nan
1706195813812,nan,nan
1706195813824,nan,nan
1706195813833,nan,nan
1706195813846,nan,nan
1706195813857,nan,nan
1706195813876,nan,nan
1706195813898,nan,nan
1706195813901,nan,nan
1706195813915,nan,nan
1706195813925,nan,nan
1706195813936,nan,nan
1706195813956,nan,nan
1706195813971,nan,nan
1706195813980,nan,nan
1706195813992,nan,nan
1706195814003,nan,nan
1706195814015,nan,nan
1706195814053,nan,nan
1706195814060,1648.8938903808594,629.75830078125
1706195814071,1648.8938903808594,629.75830078125
1706195814083,1648.8938903808594,629.75830078125
1706195814093,nan,nan
1706195814105,1091.4160919189453,626.7729806900024
1706195814115,1091.4160919189453,626.7729806900024
1706195814126,1091.4160919189453,626.7729806900024
1706195814137,nan,nan
1706195814148,nan,nan
1706195814159,nan,nan
1706195814198,1161.3532257080078,717.9241418838501
1706195814199,1161.3532257080078,717.9241418838501
1706195814204,nan,nan
1706195814215,nan,nan
1706195814228,nan,nan
1706195814238,nan,nan
1706195814249,1473.0818176269531,216.8693232536316
1706195814260,1473.0818176269531,216.8693232536316
1706195814272,1323.9097595214844,463.48145842552185
1706195814281,1174.7377014160156,710.0935935974121
1706195814293,1156.9615936279297,757.8148984909058
1706195814305,1193.0419921875,834.9451446533203
1706195814346,1186.7152404785156,837.5824642181396
1706195814348,1195.052490234375,848.6823892593384
1706195814363,1194.202537536621,858.7315320968628
1706195814372,1184.1973495483398,865.9963703155518
1706195814382,1185.5423736572266,866.0485553741455
1706195814393,1183.253517150879,855.0024461746216
1706195814404,1149.0070724487305,816.5857458114624
1706195814415,1147.4299240112305,815.4934644699097
1706195814427,1157.278709411621,843.1527042388916
1706195814438,1197.768325805664,857.2351598739624
1706195814482,1192.838478088379,851.3143014907837
1706195814483,1195.1398086547852,851.6099882125854
1706195814500,1622.300033569336,930.8027458190918
1706195814506,1983.576431274414,975.8741140365601
1706195814517,1994.0666961669922,985.8460092544556
1706195814527,1993.2678985595703,987.1797752380371
1706195814538,2005.4139709472656,991.5566253662109
1706195814550,2010.5839538574219,992.1903991699219
1706195814561,2017.0687866210938,998.9826107025146
1706195814572,2013.8448333740234,992.2860145568848
1706195814583,2005.2009582519531,994.273853302002
1706195814594,2003.0125427246094,997.4621629714966
1706195814631,2003.8717651367188,1000.598030090332
1706195814632,1989.8199462890625,990.8539295196533
1706195814646,1994.6995544433594,1000.6984519958496
1706195814650,1997.079086303711,1007.4827671051025
1706195814661,1996.3074493408203,994.030351638794
1706195814670,1942.1871185302734,973.7119960784912
1706195814681,1898.3364868164062,955.0177717208862
1706195814693,1229.556770324707,782.2148895263672
1706195814704,1251.4155578613281,809.5377588272095
1706195814715,1252.8560638427734,816.3243913650513
1706195814727,1247.8375244140625,823.8738441467285
1706195814764,1234.6011352539062,831.3780212402344
1706195814765,1233.702278137207,830.86501121521
1706195814771,1225.8019638061523,834.5510959625244
1706195814783,1224.1291427612305,832.4939060211182
1706195814795,1226.003074645996,833.1933832168579
1706195814805,1230.39306640625,821.143741607666
1706195814815,1231.2908554077148,817.1632146835327
1706195814827,1226.8193817138672,817.4349546432495
1706195814838,1231.112289428711,816.757664680481
1706195814849,1236.9630813598633,819.3177795410156
1706195814860,1239.3885040283203,820.9218692779541
1706195814872,1232.9637908935547,841.1295890808105
1706195814915,1230.5170059204102,841.4979314804077
1706195814916,1248.3307647705078,826.5450239181519
1706195814930,1247.3898315429688,831.0575294494629
1706195814938,1242.908592224121,838.6361217498779
1706195814949,1251.8639755249023,843.0817222595215
1706195814960,1245.2597045898438,841.2071371078491
1706195814972,1239.9915313720703,831.4429521560669
1706195814983,1232.507095336914,829.958381652832
1706195814994,1230.8805847167969,830.7284116744995
1706195815005,1222.8682708740234,836.4880800247192
1706195815016,1219.6711349487305,839.5364856719971
1706195815027,1227.6199340820312,840.604305267334
1706195815065,1240.416030883789,827.0715522766113
1706195815066,1240.8245468139648,823.2888221740723
1706195815071,1232.5934982299805,819.3456315994263
1706195815082,1235.1018142700195,826.8504095077515
1706195815095,1243.089599609375,841.844687461853
1706195815104,1285.8972930908203,866.7530536651611
1706195815116,1298.0416107177734,859.3166399002075
1706195815126,1291.6956329345703,838.8855028152466
1706195815138,1289.8131561279297,818.284592628479
1706195815149,1281.664047241211,817.2829484939575
1706195815160,1278.7171936035156,824.0830564498901
1706195815199,1284.0564727783203,832.0444536209106
1706195815205,1297.7392196655273,831.3688373565674
1706195815216,1291.723518371582,831.8615484237671
1706195815226,1296.5524291992188,823.3088207244873
1706195815238,1289.3933486938477,824.3029546737671
1706195815249,1293.3974075317383,823.1044578552246
1706195815260,1293.6308288574219,820.9022998809814
1706195815271,1302.3701095581055,820.3909206390381
1706195815282,1297.1367645263672,819.2673540115356
1706195815293,1273.7083435058594,832.912802696228
1706195815305,1183.7919998168945,856.6796636581421
1706195815316,1177.9154968261719,869.7476434707642
1706195815349,1183.5620498657227,866.6439628601074
1706195815350,1196.8383407592773,855.1756525039673
1706195815366,1187.337303161621,853.5346126556396
1706195815372,1187.5703811645508,854.8355484008789
1706195815384,1184.796371459961,863.9816665649414
1706195815394,1183.3610916137695,869.235405921936
1706195815404,1183.3911514282227,857.9733467102051
1706195815415,1172.691879272461,852.4289417266846
1706195815426,1190.425796508789,850.7235288619995
1706195815437,1179.9213790893555,856.683611869812
1706195815448,1184.526252746582,865.438814163208
1706195815459,1171.478271484375,858.4715938568115
1706195815480,1181.332778930664,857.2675609588623
1706195815499,1186.0039138793945,862.8243255615234
1706195815500,1200.8024978637695,869.2879772186279
1706195815504,1194.418716430664,867.4944591522217
1706195815516,1194.7429275512695,853.867335319519
1706195815527,1193.6492156982422,861.2505340576172
1706195815537,1564.460678100586,906.1071109771729
1706195815548,1646.3432312011719,928.6186122894287
1706195815559,1729.5691680908203,934.8003101348877
1706195815571,1891.1959838867188,979.1202735900879
1706195815582,1908.5591125488281,979.2200517654419
1706195815592,1911.4533233642578,980.3817701339722
1706195815634,1908.7071228027344,989.1452550888062
1706195815635,1902.4065399169922,982.1146059036255
1706195815637,1890.3987884521484,978.0527544021606
1706195815651,1882.6403045654297,979.812798500061
1706195815660,1874.632797241211,981.4159440994263
1706195815671,1866.1841583251953,976.2116003036499
1706195815682,1889.5618438720703,970.1728534698486
1706195815693,1898.7615203857422,969.1037464141846
1706195815704,1916.4653778076172,974.8908805847168
1706195815716,1893.0313110351562,982.4634647369385
1706195815727,1881.1064910888672,978.4394645690918
1706195815738,1868.7889099121094,972.959303855896
1706195815780,1874.1490936279297,972.2568225860596
1706195815781,1886.3240051269531,978.8587045669556
1706195815796,1938.6162567138672,986.4096164703369
1706195815802,2081.4707946777344,973.2146501541138
1706195815814,2276.452178955078,1080.2980041503906
1706195815824,nan,nan
1706195815835,nan,nan
1706195815846,nan,nan
1706195815857,nan,nan
1706195815868,nan,nan
1706195815879,nan,nan
1706195815915,nan,nan
1706195815931,nan,nan
1706195815951,nan,nan
1706195815960,nan,nan
1706195815971,nan,nan
1706195815982,nan,nan
1706195815993,nan,nan
1706195816004,nan,nan
1706195816016,nan,nan
1706195816027,nan,nan
1706195816044,nan,nan
1706195816069,nan,nan
1706195816071,nan,nan
1706195816087,nan,nan
1706195816093,nan,nan
1706195816104,nan,nan
1706195816116,nan,nan
1706195816127,nan,nan
1706195816137,nan,nan
1706195816148,nan,nan
1706195816159,nan,nan
1706195816170,nan,nan
1706195816181,nan,nan
1706195816217,nan,nan
1706195816218,nan,nan
1706195816226,nan,nan
1706195816236,nan,nan
1706195816250,nan,nan
1706195816260,nan,nan
1706195816270,nan,nan
1706195816282,nan,nan
1706195816293,nan,nan
1706195816303,nan,nan
1706195816315,nan,nan
1706195816326,nan,nan
1706195816374,nan,nan
1706195816375,nan,nan
1706195816382,nan,nan
1706195816393,nan,nan
1706195816403,nan,nan
1706195816415,nan,nan
1706195816426,nan,nan
1706195816437,nan,nan
1706195816448,nan,nan
1706195816460,nan,nan
1706195816470,nan,nan
1706195816482,nan,nan
1706195816493,nan,nan
1706195816504,nan,nan
1706195816534,nan,nan
1706195816535,nan,nan
1706195816536,nan,nan
1706195816551,nan,nan
1706195816559,nan,nan
1706195816569,nan,nan
1706195816581,nan,nan
1706195816593,nan,nan
1706195816603,nan,nan
1706195816615,nan,nan
1706195816626,nan,nan
1706195816636,nan,nan
1706195816649,nan,nan
1706195816685,nan,nan
1706195816686,nan,nan
1706195816694,nan,nan
1706195816703,nan,nan
1706195816717,nan,nan
1706195816727,nan,nan
1706195816737,nan,nan
1706195816757,nan,nan
1706195816773,nan,nan
1706195816782,nan,nan
1706195816817,1257.3347473144531,748.5459995269775
1706195816818,1257.3347473144531,748.5459995269775
1706195816833,nan,nan
1706195816838,nan,nan
1706195816850,nan,nan
1706195816861,nan,nan
1706195816872,nan,nan
1706195816883,nan,nan
1706195816894,nan,nan
1706195816904,nan,nan
1706195816916,1643.5577392578125,332.6141953468323
1706195816928,1799.3576049804688,599.5656824111938
1706195816966,1311.8254089355469,831.2536525726318
1706195816967,1299.6665954589844,849.5303535461426
1706195816972,1267.5012969970703,818.7897491455078
1706195816982,1267.5012969970703,818.7897491455078
1706195816995,1267.5012969970703,818.7897491455078
1706195817005,1281.1125183105469,810.364351272583
1706195817016,1281.1125183105469,810.364351272583
1706195817027,1281.1125183105469,810.364351272583
1706195817039,1270.7917022705078,797.0695209503174
1706195817049,1270.7917022705078,797.0695209503174
1706195817061,1262.6068115234375,803.9885902404785
1706195817103,1260.4396057128906,817.4920749664307
1706195817104,1260.4396057128906,817.4920749664307
1706195817105,1246.3190460205078,806.5381908416748
1706195817121,1246.3190460205078,806.5381908416748
1706195817128,1243.0039978027344,807.1207237243652
1706195817140,1255.2735137939453,795.1047706604004
1706195817149,1255.2735137939453,795.1047706604004
1706195817160,1259.6916198730469,793.4420585632324
1706195817172,1494.4357299804688,1077.6592254638672
1706195817182,1494.4357299804688,1077.6592254638672
1706195817193,1494.4357299804688,1077.6592254638672
1706195817204,nan,nan
1706195817216,nan,nan
1706195817252,nan,nan
1706195817260,nan,nan
1706195817271,nan,nan
1706195817282,nan,nan
1706195817298,nan,nan
1706195817319,nan,nan
1706195817330,nan,nan
1706195817340,nan,nan
1706195817381,nan,nan
1706195817382,nan,nan
1706195817385,nan,nan
1706195817398,nan,nan
1706195817406,nan,nan
1706195817418,nan,nan
1706195817430,nan,nan
1706195817440,nan,nan
1706195817452,nan,nan
1706195817463,nan,nan
1706195817473,nan,nan
1706195817485,nan,nan
1706195817497,nan,nan
1706195817534,nan,nan
1706195817535,nan,nan
1706195817540,nan,nan
1706195817552,nan,nan
1706195817564,nan,nan
1706195817574,nan,nan
1706195817585,nan,nan
1706195817597,nan,nan
1706195817607,nan,nan
1706195817619,nan,nan
1706195817630,nan,nan
1706195817640,nan,nan
1706195817661,nan,nan
1706195817682,nan,nan
1706195817685,nan,nan
1706195817698,nan,nan
1706195817706,nan,nan
1706195817718,nan,nan
1706195817729,nan,nan
1706195817739,nan,nan
1706195817752,nan,nan
1706195817763,nan,nan
1706195817773,nan,nan
1706195817785,nan,nan
1706195817818,nan,nan
1706195817819,nan,nan
1706195817835,nan,nan
1706195817840,nan,nan
1706195817853,nan,nan
1706195817863,nan,nan
1706195817873,nan,nan
1706195817886,nan,nan
1706195817897,nan,nan
1706195817906,nan,nan
1706195817919,nan,nan
1706195817930,nan,nan
1706195817969,nan,nan
1706195817973,nan,nan
1706195817987,nan,nan
1706195817997,nan,nan
1706195818007,nan,nan
1706195818020,nan,nan
1706195818030,nan,nan
1706195818039,nan,nan
1706195818052,nan,nan
1706195818063,nan,nan
1706195818073,nan,nan
1706195818085,nan,nan
1706195818117,nan,nan
1706195818118,nan,nan
1706195818134,nan,nan
1706195818140,nan,nan
1706195818152,nan,nan
1706195818163,nan,nan
1706195818173,nan,nan
1706195818185,nan,nan
1706195818196,nan,nan
1706195818207,nan,nan
1706195818250,nan,nan
1706195818251,nan,nan
1706195818252,nan,nan
1706195818266,nan,nan
1706195818273,nan,nan
1706195818285,nan,nan
1706195818296,nan,nan
1706195818307,nan,nan
1706195818319,nan,nan
1706195818330,nan,nan
1706195818341,nan,nan
1706195818352,nan,nan
1706195818363,nan,nan
1706195818402,nan,nan
1706195818403,nan,nan
1706195818406,nan,nan
1706195818419,nan,nan
1706195818429,nan,nan
1706195818439,nan,nan
1706195818451,nan,nan
1706195818462,nan,nan
1706195818472,nan,nan
1706195818485,nan,nan
1706195818496,nan,nan
1706195818506,nan,nan
1706195818552,nan,nan
1706195818568,nan,nan
1706195818572,nan,nan
1706195818586,nan,nan
1706195818596,nan,nan
1706195818606,nan,nan
1706195818619,nan,nan
1706195818630,nan,nan
1706195818639,nan,nan
1706195818653,nan,nan
1706195818663,nan,nan
1706195818702,nan,nan
1706195818703,nan,nan
1706195818706,nan,nan
1706195818718,nan,nan
1706195818730,nan,nan
1706195818739,nan,nan
1706195818751,nan,nan
1706195818762,nan,nan
1706195818773,nan,nan
1706195818784,nan,nan
1706195818796,nan,nan
1706195818806,nan,nan
1706195818818,nan,nan
1706195818852,nan,nan
1706195818853,nan,nan
1706195818868,nan,nan
1706195818874,nan,nan
1706195818885,nan,nan
1706195818896,nan,nan
1706195818906,nan,nan
1706195818919,nan,nan
1706195818930,nan,nan
1706195818940,nan,nan
1706195818952,nan,nan
1706195818963,nan,nan
1706195819003,nan,nan
1706195819004,nan,nan
1706195819006,nan,nan
1706195819019,nan,nan
1706195819029,nan,nan
1706195819039,nan,nan
1706195819052,nan,nan
1706195819062,nan,nan
1706195819073,nan,nan
1706195819085,nan,nan
1706195819096,nan,nan
1706195819106,nan,nan
1706195819119,nan,nan
1706195819153,nan,nan
1706195819154,nan,nan
1706195819169,nan,nan
1706195819172,nan,nan
1706195819186,nan,nan
1706195819196,nan,nan
1706195819205,nan,nan
1706195819217,nan,nan
1706195819229,nan,nan
1706195819239,nan,nan
1706195819251,nan,nan
1706195819262,nan,nan
1706195819282,nan,nan
1706195819303,nan,nan
1706195819304,nan,nan
1706195819305,nan,nan
1706195819320,nan,nan
1706195819329,nan,nan
1706195819339,nan,nan
1706195819350,nan,nan
1706195819362,nan,nan
1706195819372,nan,nan
1706195819384,nan,nan
1706195819395,nan,nan
1706195819438,nan,nan
1706195819439,nan,nan
1706195819440,nan,nan
1706195819455,nan,nan
1706195819462,nan,nan
1706195819473,nan,nan
1706195819484,nan,nan
1706195819496,nan,nan
1706195819506,nan,nan
1706195819517,nan,nan
1706195819529,nan,nan
1706195819539,nan,nan
1706195819550,nan,nan
1706195819587,nan,nan
1706195819603,nan,nan
1706195819606,nan,nan
1706195819617,nan,nan
1706195819628,nan,nan
1706195819639,nan,nan
1706195819651,nan,nan
1706195819662,nan,nan
1706195819673,nan,nan
1706195819684,nan,nan
1706195819695,nan,nan
1706195819717,nan,nan
1706195819737,nan,nan
1706195819738,nan,nan
1706195819755,nan,nan
1706195819762,nan,nan
1706195819773,nan,nan
1706195819784,nan,nan
1706195819795,nan,nan
1706195819805,nan,nan
1706195819817,nan,nan
1706195819828,nan,nan
1706195819838,nan,nan
1706195819851,nan,nan
1706195819886,nan,nan
1706195819887,nan,nan
1706195819901,nan,nan
1706195819906,nan,nan
1706195819919,nan,nan
1706195819929,nan,nan
1706195819939,nan,nan
1706195819951,nan,nan
1706195819970,nan,nan
1706195819983,nan,nan
1706195819994,nan,nan
1706195820012,nan,nan
1706195820041,nan,nan
1706195820050,nan,nan
1706195820061,nan,nan
1706195820073,1579.5759582519531,780.4712390899658
1706195820083,1579.5759582519531,780.4712390899658
1706195820095,1588.76708984375,757.8669548034668
1706195820106,1695.753173828125,494.7448253631592
1706195820117,1695.753173828125,494.7448253631592
1706195820128,1237.1746063232422,755.6323528289795
1706195820140,1237.1746063232422,755.6323528289795
1706195820150,1237.1746063232422,755.6323528289795
1706195820171,nan,nan
1706195820193,1211.321029663086,769.4760704040527
1706195820195,1211.321029663086,769.4760704040527
1706195820208,1201.9746398925781,754.4927787780762
1706195820217,1201.9746398925781,754.4927787780762
1706195820229,1206.0846710205078,760.5895900726318
1706195820240,1203.4344482421875,774.3487644195557
1706195820250,1203.4344482421875,774.3487644195557
1706195820262,1196.2405395507812,762.0409870147705
1706195820272,1216.6828155517578,783.5555648803711
1706195820283,1216.6828155517578,783.5555648803711
1706195820295,1221.4344024658203,798.0572605133057
1706195820337,1219.9105072021484,787.5119304656982
1706195820341,1124.8362731933594,860.958366394043
1706195820354,1193.8959503173828,872.566237449646
1706195820363,1195.2706146240234,858.2536697387695
1706195820374,1230.6414413452148,867.9203081130981
1706195820385,1222.4390029907227,862.9082679748535
1706195820397,1227.4029159545898,884.684329032898
1706195820407,1194.1804122924805,956.2615442276001
1706195820419,1250.885353088379,950.542688369751
1706195820430,1235.8100128173828,951.3684225082397
1706195820441,1256.4266967773438,948.3799266815186
1706195820452,1245.3815460205078,956.0841751098633
1706195820489,1243.8077545166016,960.0563335418701
1706195820490,1242.9065322875977,965.257716178894
1706195820497,1247.7520751953125,954.7517824172974
1706195820508,1247.7023315429688,945.984992980957
1706195820519,1245.7437133789062,951.0399913787842
1706195820530,1255.9507369995117,956.2689256668091
1706195820541,1250.7358169555664,954.7031164169312
1706195820553,1254.0160751342773,950.8394479751587
1706195820564,1246.5827941894531,942.9540538787842
1706195820575,1247.1842193603516,952.9081392288208
1706195820586,1245.1895141601562,951.5419721603394
1706195820597,1242.7374649047852,966.7492818832397
1706195820641,1239.8846435546875,970.8577823638916
1706195820642,1255.0030899047852,951.345419883728
1706195820655,1259.712028503418,957.1523809432983
1706195820663,1241.6259002685547,960.2011728286743
1706195820674,1235.5618286132812,968.0137825012207
1706195820685,1232.6910781860352,968.9361190795898
1706195820696,1245.7328796386719,972.1796178817749
1706195820707,1302.602882385254,996.7903232574463
1706195820718,1304.394645690918,995.6704902648926
1706195820728,1317.490463256836,998.4012794494629
1706195820739,nan,nan
1706195820770,nan,nan
1706195820771,nan,nan
1706195820772,nan,nan
1706195820787,nan,nan
1706195820795,nan,nan
1706195820806,nan,nan
1706195820817,nan,nan
1706195820827,nan,nan
1706195820838,nan,nan
1706195820849,nan,nan
1706195820860,nan,nan
1706195820870,nan,nan
1706195820889,nan,nan
1706195820920,nan,nan
1706195820937,nan,nan
1706195820942,nan,nan
1706195820953,nan,nan
1706195820964,nan,nan
1706195820975,nan,nan
1706195820987,nan,nan
1706195820998,nan,nan
1706195821009,nan,nan
1706195821051,nan,nan
1706195821052,nan,nan
1706195821053,nan,nan
1706195821067,nan,nan
1706195821074,nan,nan
1706195821086,nan,nan
1706195821097,nan,nan
1706195821107,nan,nan
1706195821119,nan,nan
1706195821131,nan,nan
1706195821141,nan,nan
1706195821153,nan,nan
1706195821164,nan,nan
1706195821182,nan,nan
1706195821202,nan,nan
1706195821204,nan,nan
1706195821207,nan,nan
1706195821219,nan,nan
1706195821231,nan,nan
1706195821241,nan,nan
1706195821253,nan,nan
1706195821264,nan,nan
1706195821274,nan,nan
1706195821286,nan,nan
1706195821297,nan,nan
1706195821337,nan,nan
1706195821338,nan,nan
1706195821341,nan,nan
1706195821353,nan,nan
1706195821365,nan,nan
1706195821374,nan,nan
1706195821386,nan,nan
1706195821397,nan,nan
1706195821407,nan,nan
1706195821418,nan,nan
1706195821430,nan,nan
1706195821471,nan,nan
1706195821473,nan,nan
1706195821486,nan,nan
1706195821497,nan,nan
1706195821508,nan,nan
1706195821519,nan,nan
1706195821530,nan,nan
1706195821540,nan,nan
1706195821552,nan,nan
1706195821563,nan,nan
1706195821573,nan,nan
1706195821585,nan,nan
1706195821618,nan,nan
1706195821619,nan,nan
1706195821634,nan,nan
1706195821641,nan,nan
1706195821654,nan,nan
1706195821663,nan,nan
1706195821673,nan,nan
1706195821685,nan,nan
1706195821697,nan,nan
1706195821707,nan,nan
1706195821719,nan,nan
1706195821753,nan,nan
1706195821754,nan,nan
1706195821769,nan,nan
1706195821774,nan,nan
1706195821786,nan,nan
1706195821797,nan,nan
1706195821807,nan,nan
1706195821819,nan,nan
1706195821830,nan,nan
1706195821840,nan,nan
1706195821852,nan,nan
1706195821863,nan,nan
1706195821884,nan,nan
1706195821907,nan,nan
1706195821908,nan,nan
1706195821924,nan,nan
1706195821931,nan,nan
1706195821941,nan,nan
1706195821952,nan,nan
1706195821964,nan,nan
1706195821974,nan,nan
1706195821986,nan,nan
1706195821997,nan,nan
1706195822007,nan,nan
1706195822019,nan,nan
1706195822056,nan,nan
1706195822064,nan,nan
1706195822074,nan,nan
1706195822089,nan,nan
1706195822096,nan,nan
1706195822106,nan,nan
1706195822119,nan,nan
1706195822130,nan,nan
1706195822140,nan,nan
1706195822152,nan,nan
1706195822163,nan,nan
1706195822184,nan,nan
1706195822205,nan,nan
1706195822206,nan,nan
1706195822222,nan,nan
1706195822230,nan,nan
1706195822240,nan,nan
1706195822252,nan,nan
1706195822263,nan,nan
1706195822273,nan,nan
1706195822285,nan,nan
1706195822297,nan,nan
1706195822307,nan,nan
1706195822319,nan,nan
1706195822355,nan,nan
1706195822356,nan,nan
1706195822364,nan,nan
1706195822374,nan,nan
1706195822388,nan,nan
1706195822397,nan,nan
1706195822407,nan,nan
1706195822419,nan,nan
1706195822430,nan,nan
1706195822440,nan,nan
1706195822452,nan,nan
1706195822490,nan,nan
1706195822491,nan,nan
1706195822497,nan,nan
1706195822508,nan,nan
1706195822519,nan,nan
1706195822530,nan,nan
1706195822541,nan,nan
1706195822552,nan,nan
1706195822562,nan,nan
1706195822574,nan,nan
1706195822586,nan,nan
1706195822596,nan,nan
1706195822618,nan,nan
1706195822640,nan,nan
1706195822657,nan,nan
1706195822662,nan,nan
1706195822674,nan,nan
1706195822684,nan,nan
1706195822695,nan,nan
1706195822707,nan,nan
1706195822718,nan,nan
1706195822729,nan,nan
1706195822740,2291.1497497558594,1309.1130924224854
1706195822751,2291.1497497558594,1309.1130924224854
1706195822789,2291.1497497558594,1309.1130924224854
1706195822790,nan,nan
1706195822796,nan,nan
1706195822807,nan,nan
1706195822818,nan,nan
1706195822829,nan,nan
1706195822839,nan,nan
1706195822857,nan,nan
1706195822876,nan,nan
1706195822888,nan,nan
1706195822899,nan,nan
1706195822940,nan,nan
1706195822941,nan,nan
1706195822942,nan,nan
1706195822957,nan,nan
1706195822966,nan,nan
1706195822976,nan,nan
1706195822987,nan,nan
1706195822999,nan,nan
1706195823009,nan,nan
1706195823020,nan,nan
1706195823032,nan,nan
1706195823043,nan,nan
1706195823054,nan,nan
1706195823091,nan,nan
1706195823092,nan,nan
1706195823099,nan,nan
1706195823109,nan,nan
1706195823123,nan,nan
1706195823132,nan,nan
1706195823143,nan,nan
1706195823154,nan,nan
1706195823166,nan,nan
1706195823176,nan,nan
1706195823188,nan,nan
1706195823199,nan,nan
1706195823241,nan,nan
1706195823242,nan,nan
1706195823243,nan,nan
1706195823259,nan,nan
1706195823266,nan,nan
1706195823277,nan,nan
1706195823288,nan,nan
1706195823298,nan,nan
1706195823308,nan,nan
1706195823320,nan,nan
1706195823332,nan,nan
1706195823342,nan,nan
1706195823354,nan,nan
1706195823389,nan,nan
1706195823390,nan,nan
1706195823406,nan,nan
1706195823409,nan,nan
1706195823421,nan,nan
1706195823432,nan,nan
1706195823442,nan,nan
1706195823454,nan,nan
1706195823466,nan,nan
1706195823475,nan,nan
1706195823487,nan,nan
1706195823499,nan,nan
1706195823541,nan,nan
1706195823542,nan,nan
1706195823543,nan,nan
1706195823558,nan,nan
1706195823566,nan,nan
1706195823576,nan,nan
1706195823588,nan,nan
1706195823599,nan,nan
1706195823610,nan,nan
1706195823621,nan,nan
1706195823633,nan,nan
1706195823672,nan,nan
1706195823673,nan,nan
1706195823675,nan,nan
1706195823690,nan,nan
1706195823698,nan,nan
1706195823709,nan,nan
1706195823720,nan,nan
1706195823732,nan,nan
1706195823742,nan,nan
1706195823754,nan,nan
1706195823765,nan,nan
1706195823776,nan,nan
1706195823788,nan,nan
1706195823822,nan,nan
1706195823823,nan,nan
1706195823839,nan,nan
1706195823842,nan,nan
1706195823855,nan,nan
1706195823865,nan,nan
1706195823876,nan,nan
1706195823888,nan,nan
1706195823899,nan,nan
1706195823909,nan,nan
1706195823921,nan,nan
1706195823956,nan,nan
1706195823957,nan,nan
1706195823966,nan,nan
1706195823975,nan,nan
1706195823988,nan,nan
1706195823999,nan,nan
1706195824009,nan,nan
1706195824021,nan,nan
1706195824033,nan,nan
1706195824042,nan,nan
1706195824054,nan,nan
1706195824065,nan,nan
1706195824107,nan,nan
1706195824108,nan,nan
1706195824109,nan,nan
1706195824123,nan,nan
1706195824132,nan,nan
1706195824142,nan,nan
1706195824153,nan,nan
1706195824165,nan,nan
1706195824175,nan,nan
1706195824186,nan,nan
1706195824198,nan,nan
1706195824209,nan,nan
1706195824220,nan,nan
1706195824255,nan,nan
1706195824256,nan,nan
1706195824271,nan,nan
1706195824276,nan,nan
1706195824288,nan,nan
1706195824298,nan,nan
1706195824309,nan,nan
1706195824320,nan,nan
1706195824331,nan,nan
1706195824342,nan,nan
1706195824354,nan,nan
1706195824365,nan,nan
1706195824386,nan,nan
1706195824407,nan,nan
1706195824408,nan,nan
1706195824409,nan,nan
1706195824422,nan,nan
1706195824431,nan,nan
1706195824442,nan,nan
1706195824453,nan,nan
1706195824464,nan,nan
1706195824475,nan,nan
1706195824486,nan,nan
1706195824498,nan,nan
1706195824508,nan,nan
1706195824541,nan,nan
1706195824542,nan,nan
1706195824559,nan,nan
1706195824565,nan,nan
1706195824577,nan,nan
1706195824586,nan,nan
1706195824598,nan,nan
1706195824608,nan,nan
1706195824620,nan,nan
1706195824632,nan,nan
1706195824641,nan,nan
1706195824654,nan,nan
1706195824693,nan,nan
1706195824694,nan,nan
1706195824699,nan,nan
1706195824711,nan,nan
1706195824720,nan,nan
1706195824731,nan,nan
1706195824741,nan,nan
1706195824753,nan,nan
1706195824764,nan,nan
1706195824775,nan,nan
1706195824786,nan,nan
1706195824823,nan,nan
1706195824824,nan,nan
1706195824831,nan,nan
1706195824841,nan,nan
1706195824853,nan,nan
1706195824865,nan,nan
1706195824875,nan,nan
1706195824887,nan,nan
1706195824898,nan,nan
1706195824908,nan,nan
1706195824919,nan,nan
1706195824931,nan,nan
1706195824948,nan,nan
1706195824973,nan,nan
1706195824974,nan,nan
1706195824975,nan,nan
1706195824990,nan,nan
1706195824998,nan,nan
1706195825009,nan,nan
1706195825021,nan,nan
1706195825032,nan,nan
1706195825043,nan,nan
1706195825054,nan,nan
1706195825066,nan,nan
1706195825075,nan,nan
1706195825087,nan,nan
1706195825124,nan,nan
1706195825125,nan,nan
1706195825132,1581.8182373046875,662.8464603424072
1706195825142,1581.8182373046875,662.8464603424072
1706195825155,1581.8182373046875,662.8464603424072
1706195825164,nan,nan
1706195825176,nan,nan
1706195825187,nan,nan
1706195825198,1000.7128143310547,841.7329788208008
1706195825210,1174.910659790039,904.5606994628906
1706195825220,1174.910659790039,904.5606994628906
1706195825231,1192.8035736083984,911.0140514373779
1706195825243,nan,nan
1706195825281,nan,nan
1706195825282,1202.928123474121,939.8457384109497
1706195825288,1207.236213684082,937.7051210403442
1706195825300,1201.8072509765625,933.0338716506958
1706195825313,1201.9688415527344,902.249493598938
1706195825321,1149.0026092529297,882.8184127807617
1706195825332,nan,nan
1706195825343,nan,nan
1706195825355,1286.973876953125,936.1003875732422
1706195825366,1156.4810943603516,944.278507232666
1706195825377,1165.3667449951172,916.0760450363159
1706195825389,1203.2141494750977,905.4052734375
1706195825427,1232.4848937988281,896.8302726745605
1706195825433,1203.6219024658203,931.8669605255127
1706195825444,1197.1125793457031,913.1652688980103
1706195825454,1192.8374099731445,915.2358484268188
1706195825466,1190.3187561035156,919.5484972000122
1706195825477,1194.227523803711,916.7695569992065
1706195825488,1200.8269882202148,920.9699821472168
1706195825499,1245.9949493408203,916.3387298583984
1706195825510,1580.1795196533203,931.1357259750366
1706195825521,1638.5456085205078,913.9444398880005
1706195825533,2079.841766357422,974.3742227554321
1706195825573,2232.5193786621094,1003.0103445053101
1706195825574,2231.3597106933594,1000.5891036987305
1706195825577,2225.8763885498047,999.3123292922974
1706195825590,2223.1563568115234,998.9485788345337
1706195825599,2216.3449096679688,1000.2074146270752
1706195825610,2223.5462188720703,999.4582414627075
1706195825622,2225.316848754883,997.9941415786743
1706195825632,2234.943161010742,994.7933006286621
1706195825644,2240.7360076904297,991.1457538604736
1706195825655,2235.676040649414,997.0624494552612
1706195825665,2239.999771118164,998.9146757125854
1706195825677,2248.5652923583984,1004.5370578765869
1706195825689,2258.468551635742,1002.4390983581543
1706195825726,2254.732208251953,994.6715497970581
1706195825727,2240.9973907470703,996.6517925262451
1706195825732,2251.7056274414062,1008.4555292129517
1706195825744,2248.7818145751953,1019.0995216369629
1706195825756,2261.2007904052734,1012.718653678894
1706195825766,2264.5882415771484,1011.6205358505249
1706195825777,2275.0927734375,1001.7053747177124
1706195825789,2264.7972106933594,1014.7496223449707
1706195825799,2260.6526947021484,1011.8493604660034
1706195825810,2202.0650482177734,1149.856653213501
1706195825820,nan,nan
1706195825830,nan,nan
1706195825841,nan,nan
1706195825874,nan,nan
1706195825875,nan,nan
1706195825891,nan,nan
1706195825897,nan,nan
1706195825907,nan,nan
1706195825918,nan,nan
1706195825929,nan,nan
1706195825939,nan,nan
1706195825957,nan,nan
1706195826006,nan,nan
1706195826010,nan,nan
1706195826023,nan,nan
1706195826033,nan,nan
1706195826043,nan,nan
1706195826054,nan,nan
1706195826066,nan,nan
1706195826076,nan,nan
1706195826088,nan,nan
1706195826099,nan,nan
1706195826109,nan,nan
1706195826121,nan,nan
1706195826159,nan,nan
1706195826166,nan,nan
1706195826177,nan,nan
1706195826187,nan,nan
1706195826198,nan,nan
1706195826208,nan,nan
1706195826220,nan,nan
1706195826232,nan,nan
1706195826242,nan,nan
1706195826253,nan,nan
1706195826265,nan,nan
1706195826275,nan,nan
1706195826309,nan,nan
1706195826325,nan,nan
1706195826332,nan,nan
1706195826343,nan,nan
1706195826354,nan,nan
1706195826365,nan,nan
1706195826375,nan,nan
1706195826387,nan,nan
1706195826398,nan,nan
1706195826442,nan,nan
1706195826443,nan,nan
1706195826457,nan,nan
1706195826465,nan,nan
1706195826475,nan,nan
1706195826487,nan,nan
