timestamp,x,y
1702376553316,1343.9955139160156,805.4608869552612
1702376553327,1349.0682983398438,805.8427476882935
1702376553339,1349.2725372314453,811.0383367538452
1702376553349,1356.8148040771484,804.6344661712646
1702376553387,1358.124771118164,804.9989461898804
1702376553388,1351.2690734863281,806.756157875061
1702376553394,1347.2013854980469,810.7841920852661
1702376553405,1351.2811279296875,808.5913467407227
1702376553416,1353.2821655273438,808.1975555419922
1702376553428,1347.8878021240234,808.476505279541
1702376553439,1345.1554107666016,806.2708711624146
1702376553450,1349.9268341064453,801.5782499313354
1702376553461,1299.6145629882812,811.5899276733398
1702376553472,1263.4982299804688,826.9713449478149
1702376553483,1217.115364074707,841.5906286239624
1702376553494,1149.050636291504,871.0360908508301
1702376553539,1149.882583618164,868.6317586898804
1702376553540,1153.6994934082031,872.2484493255615
1702376553556,1135.7295608520508,872.0138740539551
1702376553561,1130.2934265136719,860.5813980102539
1702376553572,1131.4054870605469,863.261547088623
1702376553583,1134.6320724487305,864.462833404541
1702376553594,1140.7627868652344,869.960503578186
1702376553605,1142.845687866211,866.1678600311279
1702376553616,1148.8939666748047,871.8180084228516
1702376553627,1141.5838623046875,878.8093042373657
1702376553639,1140.0907897949219,885.6086826324463
1702376553650,1132.6968383789062,885.7204341888428
1702376553688,1135.4968643188477,877.0162153244019
1702376553689,1129.8681640625,864.1560316085815
1702376553694,1129.349021911621,869.9832487106323
1702376553705,1134.7038269042969,875.3729009628296
1702376553716,1138.1348037719727,875.4449129104614
1702376553728,1140.4056549072266,869.7025394439697
1702376553738,1137.1603393554688,872.2408103942871
1702376553749,1134.4303131103516,858.5148096084595
1702376553760,1167.0576858520508,723.4790825843811
1702376553771,1178.3958053588867,646.7283153533936
1702376553782,1189.355239868164,527.6210904121399
1702376553819,1195.9419250488281,251.15933775901794
1702376553820,1197.7130889892578,204.48869705200195
1702376553827,1203.3348846435547,184.6330064535141
1702376553838,1199.067153930664,182.87671208381653
1702376553849,1198.3223724365234,184.65515077114105
1702376553860,1192.2317123413086,191.96386456489563
1702376553871,1193.976821899414,189.12343740463257
1702376553882,1192.593994140625,183.53302717208862
1702376553894,1193.3436965942383,186.90411865711212
1702376553905,1196.78955078125,193.21632742881775
1702376553916,1203.869400024414,196.6559600830078
1702376553927,1203.564338684082,187.92782127857208
1702376553949,1199.282112121582,188.01713347434998
1702376553969,1201.9098663330078,185.97129464149475
1702376553970,1201.5480041503906,185.45909464359283
1702376553972,1203.1230926513672,185.10564386844635
1702376553987,1208.116226196289,180.6683099269867
1702376553994,1286.2291717529297,165.90411722660065
1702376554005,1308.1377410888672,154.53439950942993
1702376554016,1317.693099975586,150.75969994068146
1702376554027,1306.1102294921875,148.9973759651184
1702376554038,1305.7137298583984,152.60408878326416
1702376554049,1315.1899719238281,155.31738460063934
1702376554061,1320.7408905029297,146.92941427230835
1702376554072,1324.5087432861328,144.72991704940796
1702376554083,1320.0859069824219,137.90277779102325
1702376554120,1313.6517333984375,129.21951234340668
1702376554121,1313.1997680664062,126.80506825447083
1702376554127,1061.1116027832031,123.76464486122131
1702376554139,1005.4433441162109,126.55215740203857
1702376554148,857.7169036865234,129.5681780576706
1702376554160,493.7724304199219,129.3644481897354
1702376554170,477.93357849121094,132.34969854354858
1702376554183,448.25063705444336,145.54361879825592
1702376554193,413.6892509460449,159.89726722240448
1702376554204,416.7631721496582,162.3009878396988
1702376554215,412.0431900024414,156.92817986011505
1702376554227,409.6284866333008,154.81318295001984
1702376554272,412.44211196899414,148.65221858024597
1702376554274,411.74041748046875,149.5818829536438
1702376554289,421.66873931884766,150.2861613035202
1702376554294,414.8915481567383,142.62998342514038
1702376554306,407.89451599121094,130.80134510993958
1702376554316,402.8802680969238,127.44884669780731
1702376554327,391.67274475097656,114.14376497268677
1702376554338,392.93691635131836,115.10374903678894
1702376554349,398.9984321594238,122.78291344642639
1702376554360,405.3086471557617,126.82671904563904
1702376554371,406.2253952026367,130.73410749435425
1702376554382,403.0505180358887,133.84520173072815
1702376554420,403.23110580444336,142.07234144210815
1702376554421,409.2644691467285,143.45253109931946
1702376554427,638.8469123840332,107.97102302312851
1702376554438,676.5861892700195,108.83533537387848
1702376554450,688.9495468139648,111.39034062623978
1702376554461,700.2155303955078,114.41976964473724
1702376554472,706.1283111572266,116.0327535867691
1702376554483,705.0528717041016,120.72536945343018
1702376554493,709.7269821166992,117.37810134887695
1702376554504,712.3225021362305,109.34849560260773
1702376554515,714.4321441650391,107.40790128707886
1702376554552,715.4951858520508,122.20187187194824
1702376554560,712.4135208129883,114.80419456958771
1702376554571,710.3981781005859,107.90517747402191
1702376554583,711.6719436645508,108.5588264465332
1702376554593,710.1210784912109,116.52568995952606
1702376554604,707.0556259155273,124.85325694084167
1702376554615,715.6524658203125,124.99122977256775
1702376554627,906.4198684692383,120.53028166294098
1702376554637,1004.0216064453125,120.29865145683289
1702376554648,1114.9563598632812,113.76516044139862
1702376554660,1317.2190856933594,132.5900137424469
1702376554671,1332.1699523925781,134.2241683602333
1702376554706,1331.7669677734375,133.98546516895294
1702376554723,1345.06103515625,127.38607227802277
1702376554727,1354.2909240722656,133.23622226715088
1702376554739,1348.287353515625,129.7072559595108
1702376554749,1340.1688385009766,126.82264745235443
1702376554760,1336.971664428711,126.58740699291229
1702376554771,1341.5554809570312,133.5693284869194
1702376554782,1342.2003936767578,136.74699515104294
1702376554793,1346.3683319091797,132.26126611232758
1702376554805,1349.8265838623047,131.06640100479126
1702376554816,1355.4864501953125,127.00746774673462
1702376554856,1348.9765167236328,120.79980343580246
1702376554859,1341.512680053711,113.1955075263977
1702376554873,1347.8944396972656,118.40685188770294
1702376554881,1351.2010192871094,115.62663227319717
1702376554893,1386.5066528320312,105.42006522417068
1702376554904,1431.677474975586,107.87518233060837
1702376554915,1483.9109802246094,109.39951121807098
1702376554926,1612.4297332763672,118.43832492828369
1702376554937,1607.0650482177734,119.10945653915405
1702376554948,1611.6104888916016,121.33343696594238
1702376554960,1617.6758575439453,121.33512139320374
1702376554971,1615.8555603027344,119.86654758453369
1702376555005,1611.823501586914,121.63066864013672
1702376555006,1610.8634185791016,125.810387134552
1702376555023,1615.4478454589844,122.42266058921814
1702376555026,1616.388168334961,119.78724002838135
1702376555039,1622.7922058105469,124.62560176849365
1702376555049,1621.1061096191406,135.64029157161713
1702376555060,1614.9885559082031,140.313600897789
1702376555070,1610.6536865234375,139.4358855485916
1702376555082,1491.9786834716797,149.74688172340393
1702376555093,949.7952270507812,216.99378311634064
1702376555103,949.7952270507812,216.99378311634064
1702376555115,798.148307800293,237.46928930282593
1702376555155,380.57811737060547,249.17790412902832
1702376555156,373.5775947570801,255.0148093700409
1702376555160,342.01059341430664,263.4051561355591
1702376555174,348.99179458618164,262.31120109558105
1702376555182,353.5508918762207,264.40391421318054
1702376555193,347.05774307250977,260.7760226726532
1702376555204,339.94876861572266,258.4131681919098
1702376555215,339.33563232421875,255.5931258201599
1702376555227,343.67191314697266,262.8317856788635
1702376555237,343.5262107849121,266.05276465415955
1702376555248,343.1227684020996,269.2745804786682
1702376555259,345.7024383544922,260.61622738838196
1702376555270,350.67291259765625,259.7897529602051
1702376555305,350.3672218322754,265.32400846481323
1702376555306,347.733097076416,272.06162095069885
1702376555315,331.170654296875,258.95909428596497
1702376555326,271.60900115966797,261.51683807373047
1702376555337,261.2312889099121,264.2010962963104
1702376555348,258.6543369293213,264.0703010559082
1702376555359,270.94844818115234,258.9638686180115
1702376555370,270.50228118896484,252.77742862701416
1702376555381,266.20893478393555,252.48996019363403
1702376555392,268.637056350708,257.42841124534607
1702376555404,267.2978973388672,263.79822850227356
1702376555415,271.3936519622803,272.18050718307495
1702376555436,274.710636138916,273.90467405319214
1702376555457,279.7504711151123,271.9423806667328
1702376555460,272.0864677429199,265.6055974960327
1702376555474,301.6179084777832,260.4836082458496
1702376555482,363.8859748840332,253.14604997634888
1702376555495,591.9866371154785,236.7250943183899
1702376555504,619.1666030883789,236.67296290397644
1702376555515,628.0881309509277,236.47711873054504
1702376555526,631.7197036743164,231.57480239868164
1702376555537,631.3813591003418,234.25857782363892
1702376555548,623.8030433654785,238.96355867385864
1702376555560,621.0404968261719,243.6643660068512
1702376555571,617.5460624694824,240.1936411857605
1702376555603,621.7411231994629,237.54857540130615
1702376555604,634.2577934265137,245.64306378364563
1702376555621,632.4040031433105,237.03333377838135
1702376555626,634.769344329834,237.22343802452087
1702376555638,641.0667991638184,233.853178024292
1702376555648,634.872875213623,234.66124176979065
1702376555659,631.5127944946289,236.39843344688416
1702376555670,633.6699676513672,237.56640672683716
1702376555681,641.1457252502441,235.8979868888855
1702376555692,631.5357398986816,226.74668669700623
1702376555704,627.3129463195801,232.26434469223022
1702376555714,621.9280242919922,231.8353521823883
1702376555757,623.6721801757812,245.10490536689758
1702376555758,646.789436340332,254.5171093940735
1702376555760,1050.3443145751953,523.4879350662231
1702376555775,1134.1283798217773,616.4737057685852
1702376555783,1194.0290451049805,700.7061839103699
1702376555792,1279.7647857666016,885.5703592300415
1702376555803,1291.5056228637695,895.4679250717163
1702376555814,1289.0397644042969,896.4439058303833
1702376555826,1296.9001770019531,899.6378374099731
1702376555836,1300.590591430664,903.7354803085327
1702376555848,1304.0299224853516,895.3218841552734
1702376555859,1306.6461181640625,904.7824430465698
1702376555870,1303.620376586914,907.0118951797485
1702376555905,1301.7243194580078,914.5164155960083
1702376555906,1298.6691284179688,905.0743532180786
1702376555914,1298.115234375,897.5324964523315
1702376555926,1294.9490356445312,898.6798810958862
1702376555937,1296.590805053711,892.0491600036621
1702376555948,1300.728988647461,894.5439577102661
1702376555959,1301.7938232421875,896.7349147796631
1702376555970,1298.983383178711,900.4905223846436
1702376555981,1287.4099349975586,900.474042892456
1702376555992,1289.103775024414,901.0160636901855
1702376556004,1292.2278594970703,901.1414623260498
1702376556014,1300.2410125732422,902.8199672698975
1702376556057,1299.0892791748047,901.9859933853149
1702376556059,1295.8544158935547,902.8584623336792
1702376556074,1299.2446899414062,899.3402624130249
1702376556081,1303.2731628417969,899.1876125335693
1702376556094,1296.5933227539062,903.6426544189453
1702376556104,1299.7936248779297,911.1778593063354
1702376556114,1304.1075134277344,908.3364343643188
1702376556126,1295.9842681884766,910.0515031814575
1702376556137,1299.96826171875,905.3070831298828
1702376556148,1287.5605010986328,899.891939163208
1702376556159,1304.8365783691406,909.9226713180542
1702376556182,1314.432373046875,918.4396934509277
1702376556203,1344.7840881347656,921.3635158538818
1702376556204,1421.5484619140625,920.5520296096802
1702376556220,1429.5413970947266,912.1352577209473
1702376556225,1443.1092071533203,913.1552696228027
1702376556237,1440.4686737060547,910.4061555862427
1702376556247,1441.1034393310547,907.950325012207
1702376556259,1433.6412048339844,906.4072179794312
1702376556270,1433.470458984375,908.6870098114014
1702376556281,1429.2848205566406,912.895245552063
1702376556292,1428.4038543701172,908.2849788665771
1702376556303,1428.1583404541016,905.2529239654541
1702376556314,1430.0222778320312,905.6273603439331
1702376556353,1427.3143768310547,910.3516101837158
1702376556359,1432.9401397705078,917.4836683273315
1702376556370,1433.1047058105469,916.0837268829346
1702376556381,1434.1365814208984,918.0984306335449
1702376556392,1434.9935913085938,913.1883144378662
1702376556403,1434.5366668701172,915.9837770462036
1702376556414,1429.5934295654297,912.6935434341431
1702376556426,1436.5821838378906,913.1741094589233
1702376556437,1437.4715423583984,912.9506921768188
1702376556448,1454.4674682617188,927.661943435669
1702376556459,1553.8404846191406,994.9062538146973
1702376556470,1728.408203125,1033.0245208740234
1702376556504,1931.8317413330078,1071.5500974655151
1702376556505,2192.8199005126953,1172.7160692214966
1702376556513,nan,nan
1702376556523,nan,nan
1702376556536,nan,nan
1702376556545,nan,nan
1702376556556,nan,nan
1702376556568,nan,nan
1702376556578,nan,nan
1702376556589,nan,nan
1702376556600,nan,nan
1702376556611,nan,nan
1702376556654,nan,nan
1702376556655,nan,nan
1702376556671,nan,nan
1702376556686,nan,nan
1702376556704,nan,nan
1702376556716,nan,nan
1702376556726,nan,nan
1702376556738,nan,nan
1702376556750,nan,nan
1702376556760,nan,nan
1702376556777,nan,nan
1702376556804,nan,nan
1702376556805,nan,nan
1702376556820,nan,nan
1702376556826,nan,nan
1702376556839,nan,nan
1702376556850,nan,nan
1702376556860,nan,nan
1702376556872,nan,nan
1702376556883,nan,nan
1702376556893,nan,nan
1702376556905,nan,nan
1702376556916,nan,nan
1702376556956,nan,nan
1702376556957,nan,nan
1702376556958,nan,nan
1702376556974,nan,nan
1702376556982,nan,nan
1702376556993,nan,nan
1702376557004,nan,nan
1702376557016,nan,nan
1702376557025,nan,nan
1702376557038,nan,nan
1702376557049,nan,nan
1702376557059,nan,nan
1702376557071,nan,nan
1702376557109,nan,nan
1702376557110,nan,nan
1702376557116,nan,nan
1702376557126,nan,nan
1702376557137,nan,nan
1702376557149,nan,nan
1702376557160,nan,nan
1702376557171,nan,nan
1702376557183,nan,nan
1702376557193,nan,nan
1702376557204,nan,nan
1702376557216,nan,nan
1702376557258,nan,nan
1702376557259,nan,nan
1702376557274,nan,nan
1702376557283,nan,nan
1702376557292,nan,nan
1702376557304,nan,nan
1702376557315,nan,nan
1702376557325,nan,nan
1702376557337,nan,nan
1702376557348,nan,nan
1702376557359,nan,nan
1702376557371,nan,nan
1702376557405,nan,nan
1702376557406,nan,nan
1702376557423,nan,nan
1702376557426,nan,nan
1702376557438,nan,nan
1702376557449,nan,nan
1702376557459,nan,nan
1702376557470,nan,nan
1702376557483,nan,nan
1702376557492,nan,nan
1702376557504,nan,nan
1702376557516,nan,nan
1702376557555,nan,nan
1702376557556,nan,nan
1702376557559,nan,nan
1702376557575,nan,nan
1702376557582,nan,nan
1702376557593,nan,nan
1702376557604,nan,nan
1702376557615,nan,nan
1702376557626,nan,nan
1702376557637,nan,nan
1702376557649,nan,nan
1702376557659,nan,nan
1702376557670,nan,nan
1702376557706,nan,nan
1702376557707,nan,nan
1702376557716,nan,nan
1702376557734,nan,nan
1702376557749,nan,nan
1702376557759,nan,nan
1702376557770,nan,nan
1702376557782,nan,nan
1702376557793,nan,nan
1702376557804,nan,nan
1702376557816,nan,nan
1702376557857,nan,nan
1702376557861,nan,nan
1702376557875,nan,nan
1702376557884,958.5518264770508,792.609715461731
1702376557895,982.8866577148438,759.8539352416992
1702376557907,976.6853332519531,755.6640672683716
1702376557918,956.6664123535156,743.1100416183472
1702376557929,956.651611328125,738.128879070282
1702376557940,1004.2549896240234,740.3068971633911
1702376557952,1004.4775009155273,723.6773300170898
1702376557963,985.2880477905273,711.2789154052734
1702376557974,986.2057876586914,714.5141530036926
1702376558006,994.2051696777344,711.4424443244934
1702376558007,997.9937744140625,711.8331670761108
1702376558024,998.4196472167969,699.923837184906
1702376558031,987.6929473876953,691.2638640403748
1702376558040,983.6095809936523,686.8024277687073
1702376558051,982.0856094360352,694.2236065864563
1702376558062,996.46728515625,695.3771281242371
1702376558073,994.7102355957031,699.0482783317566
1702376558084,998.6670303344727,701.1631894111633
1702376558095,990.9392166137695,700.2466893196106
1702376558106,988.6312866210938,694.4367241859436
1702376558117,986.3340759277344,699.5182013511658
1702376558136,979.5198440551758,695.696439743042
1702376558157,982.1743011474609,695.8596897125244
1702376558162,1066.5536880493164,753.0287218093872
1702376558175,1103.0598068237305,785.7367372512817
1702376558185,1141.8711471557617,813.6485767364502
1702376558195,1180.5012512207031,866.153826713562
1702376558207,1184.0684127807617,869.0382528305054
1702376558217,1180.9675979614258,873.6035442352295
1702376558229,1174.6694946289062,863.4420490264893
1702376558240,1167.1792221069336,858.9800548553467
1702376558251,1170.8869934082031,859.1031789779663
1702376558297,1179.100570678711,860.0770139694214
1702376558298,1176.4332580566406,857.4778461456299
1702376558313,1176.9091415405273,868.2891225814819
1702376558318,1178.614158630371,861.5100002288818
1702376558329,1177.893295288086,855.2752590179443
1702376558340,1175.4091262817383,852.7681875228882
1702376558351,1177.666893005371,856.9725608825684
1702376558362,1178.138427734375,862.512845993042
1702376558374,1179.534568786621,863.195071220398
1702376558384,1174.9618530273438,865.7712364196777
1702376558396,1170.4339218139648,854.4339895248413
1702376558407,1168.613624572754,852.4840879440308
1702376558441,1173.2658767700195,842.8144025802612
1702376558457,1177.7724075317383,856.4770603179932
1702376558462,1183.8814163208008,858.9793682098389
1702376558473,1185.5682754516602,853.0810403823853
1702376558484,1184.6885299682617,852.581033706665
1702376558495,1186.5718078613281,852.758617401123
1702376558506,1191.1585998535156,858.8524675369263
1702376558517,1190.4856872558594,862.1637725830078
1702376558528,1191.156005859375,863.7759304046631
1702376558539,1188.9685440063477,870.202374458313
1702376558550,1186.1297988891602,874.0116262435913
1702376558588,1191.4028930664062,871.8945264816284
1702376558590,1189.184684753418,866.1386775970459
1702376558595,1180.9934997558594,859.2386198043823
1702376558606,1186.7647171020508,861.603684425354
1702376558617,1187.0919036865234,861.5202569961548
1702376558629,1194.0120315551758,870.5870676040649
1702376558639,1196.3112258911133,875.6485462188721
1702376558650,1202.1265411376953,876.5624284744263
1702376558661,1245.5450439453125,896.2056827545166
1702376558672,1244.1135025024414,895.1460599899292
1702376558683,1249.6489334106445,895.8842039108276
1702376558695,1231.3122940063477,891.5627574920654
1702376558716,1232.5664520263672,896.2437915802002
1702376558737,1233.699073791504,903.0702066421509
1702376558739,1236.6734313964844,897.7813196182251
1702376558753,1230.0356674194336,891.8395614624023
1702376558762,1180.8612442016602,891.7874622344971
1702376558773,1148.1089782714844,892.9663896560669
1702376558784,1033.8981628417969,892.3267364501953
1702376558795,602.0452117919922,886.117959022522
1702376558806,560.3032302856445,876.6113948822021
1702376558817,422.9614067077637,837.2981929779053
1702376558829,405.884952545166,835.4783248901367
1702376558840,404.0789985656738,824.0224599838257
1702376558872,406.06964111328125,817.1695232391357
1702376558873,406.5419578552246,817.2030830383301
1702376558891,405.0432777404785,838.9152431488037
1702376558895,406.49179458618164,840.6800079345703
1702376558906,401.57718658447266,844.0917348861694
1702376558917,403.4141731262207,836.9589042663574
1702376558928,396.33113861083984,836.8872785568237
1702376558940,405.34624099731445,834.4156551361084
1702376558951,410.0640106201172,831.1139631271362
1702376558962,412.4506378173828,831.8306493759155
1702376558973,406.45727157592773,829.704794883728
1702376558983,405.25047302246094,829.4842529296875
1702376559024,407.0804023742676,834.751467704773
1702376559025,414.16751861572266,842.793116569519
1702376559028,419.9323081970215,859.7803401947021
1702376559042,426.0392951965332,859.3254375457764
1702376559051,419.92563247680664,860.1024198532104
1702376559061,423.9787483215332,853.7040853500366
1702376559072,422.9473114013672,853.7936067581177
1702376559083,425.3990936279297,845.4788446426392
1702376559094,432.5202941894531,851.3197088241577
1702376559106,423.3199882507324,853.5549974441528
1702376559117,429.1835403442383,862.6123237609863
1702376559128,466.70873641967773,850.7551574707031
1702376559139,481.93559646606445,841.7364549636841
1702376559173,489.83489990234375,841.6068077087402
1702376559174,467.0821189880371,849.3899774551392
1702376559190,465.42694091796875,858.5073852539062
1702376559195,468.0418395996094,855.2369785308838
1702376559206,467.9398536682129,853.9017105102539
1702376559217,465.55870056152344,852.2979640960693
1702376559228,461.7295265197754,849.6718883514404
1702376559239,456.24704360961914,846.2622213363647
1702376559250,456.9133186340332,849.7908067703247
1702376559262,467.5821304321289,854.9209499359131
1702376559305,465.50464630126953,859.7883653640747
1702376559306,457.957820892334,856.395092010498
1702376559307,454.51168060302734,848.8030672073364
1702376559322,465.94051361083984,856.5634059906006
1702376559328,453.5739517211914,854.6695947647095
1702376559339,509.18235778808594,859.4886016845703
1702376559350,574.7705078125,868.1120538711548
1702376559361,1222.8807067871094,1033.5849523544312
1702376559372,1411.0065841674805,1140.0548315048218
1702376559383,1513.965835571289,1241.1043739318848
1702376559392,nan,nan
1702376559404,nan,nan
1702376559415,nan,nan
1702376559458,nan,nan
1702376559459,nan,nan
1702376559475,nan,nan
1702376559480,nan,nan
1702376559492,nan,nan
1702376559503,nan,nan
1702376559514,nan,nan
1702376559525,nan,nan
1702376559536,nan,nan
1702376559547,nan,nan
1702376559559,nan,nan
1702376559570,nan,nan
1702376559606,nan,nan
1702376559607,nan,nan
1702376559614,nan,nan
1702376559626,nan,nan
1702376559638,nan,nan
1702376559648,nan,nan
1702376559659,nan,nan
1702376559670,nan,nan
1702376559681,nan,nan
1702376559692,nan,nan
1702376559703,nan,nan
1702376559742,nan,nan
1702376559743,nan,nan
1702376559747,nan,nan
1702376559761,nan,nan
1702376559770,nan,nan
1702376559780,nan,nan
1702376559791,nan,nan
1702376559802,nan,nan
1702376559813,nan,nan
1702376559825,nan,nan
1702376559836,nan,nan
1702376559847,nan,nan
1702376559870,nan,nan
1702376559892,nan,nan
1702376559903,nan,nan
1702376559914,nan,nan
1702376559925,nan,nan
1702376559936,nan,nan
1702376559947,nan,nan
1702376559958,nan,nan
1702376559970,nan,nan
1702376559980,nan,nan
1702376559992,nan,nan
1702376560003,nan,nan
1702376560040,nan,nan
1702376560041,nan,nan
1702376560047,nan,nan
1702376560059,nan,nan
1702376560071,nan,nan
1702376560081,nan,nan
1702376560092,nan,nan
1702376560103,nan,nan
1702376560113,nan,nan
1702376560124,nan,nan
1702376560136,nan,nan
1702376560146,nan,nan
1702376560158,nan,nan
1702376560189,nan,nan
1702376560190,nan,nan
1702376560191,nan,nan
1702376560205,nan,nan
1702376560213,nan,nan
1702376560224,nan,nan
1702376560235,nan,nan
1702376560246,nan,nan
1702376560258,nan,nan
1702376560269,nan,nan
1702376560280,nan,nan
1702376560291,nan,nan
1702376560303,nan,nan
1702376560319,nan,nan
1702376560339,nan,nan
1702376560355,1055.9979248046875,935.6700325012207
1702376560359,1055.9979248046875,935.6700325012207
1702376560372,1055.9979248046875,935.6700325012207
1702376560381,1101.9763946533203,783.9820575714111
1702376560392,1101.9763946533203,783.9820575714111
1702376560403,1101.9763946533203,783.9820575714111
1702376560415,1079.4654083251953,796.0919094085693
1702376560426,1079.4654083251953,796.0919094085693
1702376560438,1022.1514892578125,825.5747509002686
1702376560473,1026.5880584716797,831.5180110931396
1702376560474,1036.917724609375,822.3482036590576
1702376560480,1044.7533416748047,815.392656326294
1702376560491,nan,nan
1702376560504,nan,nan
1702376560513,nan,nan
1702376560524,nan,nan
1702376560536,nan,nan
1702376560547,nan,nan
1702376560558,nan,nan
1702376560569,nan,nan
1702376560581,nan,nan
1702376560623,nan,nan
1702376560624,nan,nan
1702376560625,nan,nan
1702376560639,nan,nan
1702376560647,nan,nan
1702376560658,nan,nan
1702376560670,nan,nan
1702376560680,nan,nan
1702376560691,nan,nan
1702376560702,nan,nan
1702376560713,nan,nan
1702376560724,nan,nan
1702376560759,nan,nan
1702376560760,nan,nan
1702376560769,nan,nan
1702376560780,nan,nan
1702376560791,nan,nan
1702376560802,nan,nan
1702376560813,nan,nan
1702376560824,nan,nan
1702376560835,nan,nan
1702376560847,nan,nan
1702376560857,nan,nan
1702376560869,nan,nan
1702376560908,nan,nan
1702376560909,nan,nan
1702376560913,nan,nan
1702376560926,nan,nan
1702376560936,nan,nan
1702376560947,nan,nan
1702376560958,nan,nan
1702376560969,nan,nan
1702376560980,nan,nan
1702376560990,nan,nan
1702376561002,nan,nan
1702376561041,nan,nan
1702376561042,nan,nan
1702376561046,nan,nan
1702376561058,nan,nan
1702376561069,nan,nan
1702376561080,nan,nan
1702376561091,nan,nan
1702376561102,nan,nan
1702376561113,nan,nan
1702376561124,nan,nan
1702376561136,nan,nan
1702376561147,nan,nan
1702376561158,nan,nan
1702376561196,nan,nan
1702376561202,nan,nan
1702376561213,nan,nan
1702376561225,nan,nan
1702376561235,nan,nan
1702376561245,nan,nan
1702376561256,nan,nan
1702376561297,nan,nan
1702376561342,nan,nan
1702376561343,nan,nan
1702376561351,nan,nan
1702376561361,nan,nan
1702376561374,nan,nan
1702376561383,nan,nan
1702376561394,nan,nan
1702376561406,nan,nan
1702376561416,nan,nan
1702376561427,nan,nan
1702376561440,nan,nan
1702376561450,nan,nan
1702376561492,nan,nan
1702376561493,nan,nan
1702376561494,nan,nan
1702376561510,nan,nan
1702376561517,nan,nan
1702376561529,nan,nan
1702376561540,nan,nan
1702376561550,nan,nan
1702376561561,nan,nan
1702376561573,nan,nan
1702376561582,nan,nan
1702376561594,nan,nan
1702376561606,nan,nan
1702376561642,nan,nan
1702376561649,nan,nan
1702376561661,nan,nan
1702376561675,nan,nan
1702376561682,nan,nan
1702376561694,nan,nan
1702376561707,nan,nan
1702376561716,nan,nan
1702376561728,nan,nan
1702376561741,nan,nan
1702376561748,nan,nan
1702376561792,nan,nan
1702376561794,nan,nan
1702376561810,nan,nan
1702376561815,nan,nan
1702376561827,nan,nan
1702376561839,nan,nan
1702376561848,nan,nan
1702376561860,nan,nan
1702376561873,nan,nan
1702376561882,nan,nan
1702376561894,nan,nan
1702376561907,nan,nan
1702376561941,nan,nan
1702376561949,nan,nan
1702376561961,nan,nan
1702376561973,nan,nan
1702376561982,nan,nan
1702376561995,nan,nan
1702376562006,nan,nan
1702376562015,nan,nan
1702376562028,nan,nan
1702376562040,nan,nan
1702376562074,nan,nan
1702376562075,nan,nan
1702376562089,nan,nan
1702376562096,nan,nan
1702376562106,nan,nan
1702376562116,nan,nan
1702376562127,nan,nan
1702376562139,nan,nan
1702376562148,nan,nan
1702376562160,nan,nan
1702376562172,nan,nan
1702376562182,nan,nan
1702376562223,nan,nan
1702376562227,nan,nan
1702376562240,nan,nan
1702376562248,nan,nan
1702376562260,nan,nan
1702376562271,1824.3919372558594,1208.7333297729492
1702376562282,1824.3919372558594,1208.7333297729492
1702376562293,1824.3919372558594,1208.7333297729492
1702376562305,1418.228759765625,814.5956325531006
1702376562316,1418.228759765625,814.5956325531006
1702376562327,1418.228759765625,814.5956325531006
1702376562338,1400.7438659667969,861.2386894226074
1702376562375,1400.7438659667969,861.2386894226074
1702376562383,1383.992919921875,934.03564453125
1702376562394,1383.992919921875,934.03564453125
1702376562407,1362.3088073730469,894.9323844909668
1702376562416,1374.9993896484375,879.4517040252686
1702376562427,1374.9993896484375,879.4517040252686
1702376562439,1379.9293518066406,862.4275302886963
1702376562450,1298.3531188964844,831.5771484375
1702376562461,1282.5010681152344,835.7123851776123
1702376562472,1262.057876586914,844.7904396057129
1702376562507,1209.4258117675781,849.9213981628418
1702376562508,1215.2533721923828,849.6695709228516
1702376562524,1213.2022094726562,853.9999008178711
1702376562529,1210.8293151855469,869.8325300216675
1702376562541,1202.1489715576172,882.9061317443848
1702376562551,1197.493553161621,892.7494955062866
1702376562562,1195.804443359375,893.1946134567261
1702376562573,1198.759880065918,887.873067855835
1702376562584,1200.8433532714844,898.5024690628052
1702376562596,1197.62451171875,896.3820219039917
1702376562607,1193.4937286376953,903.2678747177124
1702376562618,1193.9229202270508,909.5196962356567
1702376562636,1194.3957901000977,910.3288221359253
1702376562661,1196.2859725952148,910.1536417007446
1702376562662,1191.4532089233398,912.009687423706
1702376562679,1187.6495361328125,918.6342716217041
1702376562685,1187.9314041137695,922.3221588134766
1702376562695,1187.9314041137695,922.3221588134766
1702376562707,1183.3242416381836,922.0202922821045
1702376562718,1181.2040710449219,913.7583160400391
1702376562729,1190.853157043457,912.1188640594482
1702376562740,1195.411033630371,912.943696975708
1702376562751,1341.8964385986328,957.5198650360107
1702376562763,1425.6034088134766,985.4128646850586
1702376562773,1490.9964752197266,1003.3022975921631
1702376562790,1785.0791931152344,1090.837926864624
1702376562810,nan,nan
1702376562816,nan,nan
1702376562830,nan,nan
1702376562838,nan,nan
1702376562849,nan,nan
1702376562861,nan,nan
1702376562872,nan,nan
1702376562881,nan,nan
1702376562892,nan,nan
1702376562903,nan,nan
1702376562914,nan,nan
1702376562925,nan,nan
1702376562959,nan,nan
1702376562962,nan,nan
1702376562977,nan,nan
1702376562984,nan,nan
1702376562995,nan,nan
1702376563008,nan,nan
1702376563017,nan,nan
1702376563029,nan,nan
1702376563041,nan,nan
1702376563050,nan,nan
1702376563062,nan,nan
1702376563075,nan,nan
1702376563110,nan,nan
1702376563111,nan,nan
1702376563118,nan,nan
1702376563129,nan,nan
1702376563143,nan,nan
1702376563151,nan,nan
1702376563162,nan,nan
1702376563175,nan,nan
1702376563184,nan,nan
1702376563196,nan,nan
1702376563209,nan,nan
1702376563218,nan,nan
1702376563230,nan,nan
1702376563262,nan,nan
1702376563263,nan,nan
1702376563281,nan,nan
1702376563283,nan,nan
1702376563297,nan,nan
1702376563307,nan,nan
1702376563316,nan,nan
1702376563329,nan,nan
1702376563341,nan,nan
1702376563350,nan,nan
1702376563363,nan,nan
1702376563374,nan,nan
1702376563410,nan,nan
1702376563411,nan,nan
1702376563417,nan,nan
1702376563429,nan,nan
1702376563441,nan,nan
1702376563450,nan,nan
1702376563462,nan,nan
1702376563474,nan,nan
1702376563483,nan,nan
1702376563495,nan,nan
1702376563508,nan,nan
1702376563516,nan,nan
1702376563538,nan,nan
1702376563558,nan,nan
1702376563559,nan,nan
1702376563562,nan,nan
1702376563575,nan,nan
1702376563584,nan,nan
1702376563595,nan,nan
1702376563608,nan,nan
1702376563617,nan,nan
1702376563629,nan,nan
1702376563641,nan,nan
1702376563650,nan,nan
1702376563692,nan,nan
1702376563696,nan,nan
1702376563708,nan,nan
1702376563718,nan,nan
1702376563729,nan,nan
1702376563741,nan,nan
1702376563751,nan,nan
1702376563762,nan,nan
1702376563774,nan,nan
1702376563784,nan,nan
1702376563796,nan,nan
1702376563807,nan,nan
1702376563843,nan,nan
1702376563844,nan,nan
1702376563850,nan,nan
1702376563862,nan,nan
1702376563874,nan,nan
1702376563884,nan,nan
1702376563896,nan,nan
1702376563907,nan,nan
1702376563917,nan,nan
1702376563929,nan,nan
1702376563940,nan,nan
1702376563950,nan,nan
1702376563993,nan,nan
1702376563996,nan,nan
1702376564009,nan,nan
1702376564017,nan,nan
1702376564028,nan,nan
1702376564040,nan,nan
1702376564050,nan,nan
1702376564062,nan,nan
1702376564074,nan,nan
1702376564084,nan,nan
1702376564096,nan,nan
1702376564127,nan,nan
1702376564128,nan,nan
1702376564129,nan,nan
1702376564145,nan,nan
1702376564151,nan,nan
1702376564163,nan,nan
1702376564174,nan,nan
1702376564183,nan,nan
1702376564195,nan,nan
1702376564206,nan,nan
1702376564216,nan,nan
1702376564228,nan,nan
1702376564255,nan,nan
1702376564275,nan,nan
1702376564276,nan,nan
1702376564283,nan,nan
1702376564294,nan,nan
1702376564306,nan,nan
1702376564316,nan,nan
1702376564327,nan,nan
1702376564338,nan,nan
1702376564349,nan,nan
1702376564361,nan,nan
1702376564371,nan,nan
1702376564389,nan,nan
1702376564427,nan,nan
1702376564428,nan,nan
1702376564443,nan,nan
1702376564453,nan,nan
1702376564465,nan,nan
1702376564476,1051.297607421875,991.7336082458496
1702376564487,1164.4242095947266,943.4613132476807
1702376564499,1175.96923828125,931.3603019714355
1702376564510,1184.2739868164062,919.9772644042969
1702376564520,1180.289306640625,887.197151184082
1702376564532,1183.6651611328125,884.1733360290527
1702376564543,1170.8110046386719,925.5311107635498
1702376564578,1170.8110046386719,925.5311107635498
1702376564579,1102.9396057128906,984.9258613586426
1702376564587,1203.6500930786133,890.5084991455078
1702376564598,1208.7561798095703,884.9461126327515
1702376564611,1204.8353576660156,882.3211097717285
1702376564621,1205.213508605957,866.6365385055542
1702376564632,1217.9257583618164,874.6395206451416
1702376564643,1213.588523864746,877.6959085464478
1702376564654,1214.0930938720703,875.4613924026489
1702376564665,1203.915138244629,865.7162618637085
1702376564676,1206.0920333862305,864.0661668777466
1702376564688,1200.5188369750977,856.7810726165771
1702376564705,1197.350845336914,858.5275554656982
1702376564726,1203.6625671386719,850.0740051269531
1702376564727,1206.7263412475586,851.5968990325928
1702376564732,1214.9044036865234,853.9163446426392
1702376564743,1214.4398498535156,860.2493619918823
1702376564755,1199.5335388183594,868.3315229415894
1702376564765,1164.8397064208984,861.0393047332764
1702376564776,1059.039306640625,850.3967714309692
1702376564786,678.7321853637695,812.3802995681763
1702376564798,595.1836776733398,833.6836910247803
1702376564809,320.85055351257324,924.9452304840088
1702376564821,331.6182327270508,876.3484954833984
1702376564832,329.29229736328125,872.2812366485596
1702376564875,327.405366897583,864.6977090835571
1702376564877,318.5513496398926,865.5776882171631
1702376564892,313.6775588989258,859.5892810821533
1702376564900,314.2038345336914,864.8074865341187
1702376564911,317.49255180358887,865.4948616027832
1702376564921,313.97783279418945,864.7405815124512
1702376564931,308.98963928222656,868.8779211044312
1702376564942,307.12459564208984,868.9525079727173
1702376564954,300.97373962402344,861.807918548584
1702376564965,303.6625289916992,860.297212600708
1702376564976,307.47941970825195,864.7219562530518
1702376565012,308.68120193481445,865.4089021682739
1702376565013,311.12998962402344,860.7997512817383
1702376565027,310.69257736206055,858.2186508178711
1702376565032,300.92970848083496,844.0189075469971
1702376565043,295.2025318145752,845.7358646392822
1702376565054,288.1607151031494,847.8106069564819
1702376565065,289.85008239746094,849.4248676300049
1702376565076,294.23834800720215,852.6908540725708
1702376565088,301.2438488006592,850.2539920806885
1702376565099,364.81008529663086,881.987099647522
1702376565110,473.0841827392578,924.2567825317383
1702376565121,1113.9735794067383,1198.674874305725
1702376565140,1274.6894454956055,1287.9658269882202
1702376565162,1400.0943756103516,1356.4647245407104
1702376565163,nan,nan
1702376565165,nan,nan
1702376565180,nan,nan
1702376565188,nan,nan
1702376565198,nan,nan
1702376565208,nan,nan
1702376565220,nan,nan
1702376565231,nan,nan
1702376565242,nan,nan
1702376565253,nan,nan
1702376565264,nan,nan
1702376565275,nan,nan
1702376565313,nan,nan
1702376565314,nan,nan
1702376565317,nan,nan
1702376565330,nan,nan
1702376565340,nan,nan
1702376565351,nan,nan
1702376565362,nan,nan
1702376565373,nan,nan
1702376565384,nan,nan
1702376565395,nan,nan
1702376565407,nan,nan
1702376565418,nan,nan
1702376565460,nan,nan
1702376565461,nan,nan
1702376565462,nan,nan
1702376565478,nan,nan
1702376565484,nan,nan
1702376565496,nan,nan
1702376565506,nan,nan
1702376565518,nan,nan
1702376565529,nan,nan
1702376565540,nan,nan
1702376565551,nan,nan
1702376565562,nan,nan
1702376565573,nan,nan
1702376565612,nan,nan
1702376565613,nan,nan
1702376565618,nan,nan
1702376565630,nan,nan
1702376565640,nan,nan
1702376565651,nan,nan
1702376565662,nan,nan
1702376565673,nan,nan
1702376565683,nan,nan
1702376565695,nan,nan
1702376565706,nan,nan
1702376565717,nan,nan
1702376565729,1033.9505767822266,1077.5251579284668
1702376565762,1076.3006591796875,1060.4034805297852
1702376565763,1088.6166381835938,1003.1934642791748
1702376565764,1125.1660919189453,985.1307392120361
1702376565781,1128.658332824707,945.1796865463257
1702376565789,1122.7725219726562,909.3270492553711
1702376565798,1121.1565399169922,910.7777166366577
1702376565809,1125.0788497924805,914.911322593689
1702376565820,1125.2693939208984,905.8176898956299
1702376565831,1119.5045471191406,906.3473510742188
1702376565842,1117.6659393310547,896.408200263977
1702376565853,1114.4192123413086,898.0338764190674
1702376565872,1116.6949081420898,895.3602504730225
1702376565876,1115.0440979003906,902.0019578933716
1702376565895,1113.9149856567383,903.5325336456299
1702376565916,1111.6363525390625,905.5503702163696
1702376565920,1119.3151473999023,899.0716123580933
1702376565933,1123.7671279907227,894.9049186706543
1702376565942,1124.9893188476562,895.2592706680298
1702376565954,1203.6599349975586,907.379035949707
1702376565965,1220.3367614746094,909.7071933746338
1702376565976,1244.1372680664062,914.1623210906982
1702376565987,1244.497184753418,919.0278053283691
1702376565998,1244.6925735473633,920.8278465270996
1702376566009,1246.6351318359375,920.345048904419
1702376566020,1245.1398468017578,922.338080406189
1702376566032,1242.9817962646484,924.5195531845093
1702376566043,1244.062385559082,929.9586009979248
1702376566078,1245.0497817993164,931.9503879547119
1702376566079,1248.944969177246,931.9331789016724
1702376566093,1253.8015365600586,944.0179681777954
1702376566098,1252.464485168457,949.1593551635742
1702376566110,1245.5282592773438,942.4458074569702
1702376566120,1243.7638473510742,933.8423538208008
1702376566131,1240.9851455688477,933.2661294937134
1702376566142,1244.9594116210938,938.0752658843994
1702376566153,1238.3560180664062,949.4481754302979
1702376566164,1239.9690628051758,947.2237873077393
1702376566175,1236.8776321411133,951.783242225647
1702376566187,1235.3460311889648,955.1244592666626
1702376566207,1235.185890197754,956.4229917526245
1702376566229,1233.9933013916016,943.354024887085
1702376566230,1225.4840850830078,920.547137260437
1702376566231,1226.3079833984375,912.368631362915
1702376566245,1225.2420806884766,918.0850839614868
1702376566253,1225.5366897583008,926.0857486724854
1702376566265,1223.801155090332,930.7209491729736
1702376566276,1219.4257736206055,930.9416627883911
1702376566287,1219.8852157592773,926.240029335022
1702376566298,1220.2526092529297,927.8256225585938
1702376566309,1222.9450607299805,931.2388515472412
1702376566320,1226.869239807129,939.8390007019043
1702376566362,1228.6943435668945,938.7034177780151
1702376566363,1222.5857162475586,938.1800651550293
1702376566364,1222.015724182129,926.0470819473267
1702376566381,1226.5311431884766,925.9831809997559
1702376566386,1223.9139556884766,936.3733720779419
1702376566397,1223.1658935546875,942.0824861526489
1702376566408,1218.1760025024414,941.3391494750977
1702376566419,1216.0909271240234,935.3146505355835
1702376566431,1220.1813125610352,935.631537437439
1702376566442,1218.1751251220703,936.8020534515381
1702376566453,1220.6923294067383,942.9625082015991
1702376566464,1217.6721954345703,939.4356822967529
1702376566475,1222.978630065918,933.0972576141357
1702376566514,1219.7111511230469,925.7868432998657
1702376566515,1215.2437591552734,921.7291116714478
1702376566519,1484.1619110107422,1011.6391611099243
1702376566535,1720.3050231933594,1076.7953824996948
1702376566541,1941.482925415039,1105.1177072525024
1702376566554,2079.195327758789,1133.927721977234
1702376566563,nan,nan
1702376566573,nan,nan
1702376566584,nan,nan
1702376566595,nan,nan
1702376566606,nan,nan
1702376566617,nan,nan
1702376566661,nan,nan
1702376566662,nan,nan
1702376566681,nan,nan
1702376566683,nan,nan
1702376566694,nan,nan
1702376566710,nan,nan
1702376566732,nan,nan
1702376566742,nan,nan
1702376566752,nan,nan
1702376566766,nan,nan
1702376566776,nan,nan
1702376566815,nan,nan
1702376566816,nan,nan
1702376566819,nan,nan
1702376566833,nan,nan
1702376566843,nan,nan
1702376566853,nan,nan
1702376566865,nan,nan
1702376566876,nan,nan
1702376566885,nan,nan
1702376566899,nan,nan
1702376566910,nan,nan
1702376566919,nan,nan
1702376566939,nan,nan
1702376566965,nan,nan
1702376566966,nan,nan
1702376566983,nan,nan
1702376566985,nan,nan
1702376566999,nan,nan
1702376567009,nan,nan
1702376567018,nan,nan
1702376567032,nan,nan
1702376567043,nan,nan
1702376567052,nan,nan
1702376567065,nan,nan
1702376567076,nan,nan
1702376567093,nan,nan
1702376567112,nan,nan
1702376567128,nan,nan
1702376567140,nan,nan
1702376567151,nan,nan
1702376567162,nan,nan
1702376567174,nan,nan
1702376567185,nan,nan
1702376567196,nan,nan
1702376567207,nan,nan
1702376567244,nan,nan
1702376567245,nan,nan
1702376567261,nan,nan
1702376567267,nan,nan
1702376567278,nan,nan
1702376567288,nan,nan
1702376567299,nan,nan
1702376567311,nan,nan
1702376567320,nan,nan
1702376567332,nan,nan
1702376567345,nan,nan
1702376567354,nan,nan
1702376567376,nan,nan
1702376567398,nan,nan
1702376567399,nan,nan
1702376567416,nan,nan
1702376567421,nan,nan
1702376567432,nan,nan
1702376567444,nan,nan
1702376567454,nan,nan
1702376567466,nan,nan
1702376567478,nan,nan
1702376567487,nan,nan
1702376567499,nan,nan
1702376567511,nan,nan
1702376567526,nan,nan
1702376567547,nan,nan
1702376567554,nan,nan
1702376567566,nan,nan
1702376567580,nan,nan
1702376567587,nan,nan
1702376567600,nan,nan
1702376567611,nan,nan
1702376567620,nan,nan
1702376567632,nan,nan
1702376567645,nan,nan
1702376567653,nan,nan
1702376567698,nan,nan
1702376567699,nan,nan
1702376567717,nan,nan
1702376567720,nan,nan
1702376567732,nan,nan
1702376567745,nan,nan
1702376567754,nan,nan
1702376567766,nan,nan
1702376567778,nan,nan
1702376567787,nan,nan
1702376567799,nan,nan
1702376567811,nan,nan
1702376567846,nan,nan
1702376567847,nan,nan
1702376567854,nan,nan
1702376567866,nan,nan
1702376567880,nan,nan
1702376567887,nan,nan
1702376567899,nan,nan
1702376567910,nan,nan
1702376567920,nan,nan
1702376567932,nan,nan
1702376567944,nan,nan
1702376567953,nan,nan
1702376567965,nan,nan
1702376567998,nan,nan
1702376567999,nan,nan
1702376568015,nan,nan
1702376568020,nan,nan
1702376568034,nan,nan
1702376568044,nan,nan
1702376568054,nan,nan
1702376568066,nan,nan
1702376568078,nan,nan
1702376568086,nan,nan
1702376568129,nan,nan
1702376568132,nan,nan
1702376568145,nan,nan
1702376568153,nan,nan
1702376568166,nan,nan
1702376568177,nan,nan
1702376568187,nan,nan
1702376568200,nan,nan
1702376568211,nan,nan
1702376568220,nan,nan
1702376568233,nan,nan
1702376568244,nan,nan
1702376568281,nan,nan
1702376568282,nan,nan
1702376568288,nan,nan
1702376568300,nan,nan
1702376568310,nan,nan
1702376568321,nan,nan
1702376568332,nan,nan
1702376568343,nan,nan
1702376568354,nan,nan
1702376568365,nan,nan
1702376568377,nan,nan
1702376568387,nan,nan
1702376568429,nan,nan
1702376568430,nan,nan
1702376568432,nan,nan
1702376568446,nan,nan
1702376568454,nan,nan
1702376568466,nan,nan
1702376568477,nan,nan
1702376568488,nan,nan
1702376568499,nan,nan
1702376568510,nan,nan
1702376568521,nan,nan
1702376568533,nan,nan
1702376568544,nan,nan
1702376568578,nan,nan
1702376568594,nan,nan
1702376568598,nan,nan
1702376568610,nan,nan
1702376568627,nan,nan
1702376568647,nan,nan
1702376568657,nan,nan
1702376568669,nan,nan
1702376568680,nan,nan
1702376568690,nan,nan
1702376568732,nan,nan
1702376568733,nan,nan
1702376568736,nan,nan
1702376568749,nan,nan
1702376568757,nan,nan
1702376568769,nan,nan
1702376568781,nan,nan
1702376568791,nan,nan
1702376568802,nan,nan
1702376568814,nan,nan
1702376568824,nan,nan
1702376568835,nan,nan
1702376568879,nan,nan
1702376568880,nan,nan
1702376568881,nan,nan
1702376568895,nan,nan
1702376568902,nan,nan
1702376568914,nan,nan
1702376568923,nan,nan
1702376568936,nan,nan
1702376568947,nan,nan
1702376568957,nan,nan
1702376568969,nan,nan
1702376568981,nan,nan
1702376569012,nan,nan
1702376569013,nan,nan
1702376569014,nan,nan
1702376569029,nan,nan
1702376569036,nan,nan
1702376569048,nan,nan
1702376569057,nan,nan
1702376569069,nan,nan
1702376569081,nan,nan
1702376569090,nan,nan
1702376569102,nan,nan
1702376569115,nan,nan
1702376569123,nan,nan
1702376569136,nan,nan
1702376569168,nan,nan
1702376569169,nan,nan
1702376569185,nan,nan
1702376569190,nan,nan
1702376569203,nan,nan
1702376569214,nan,nan
1702376569223,nan,nan
1702376569236,nan,nan
1702376569247,nan,nan
1702376569256,nan,nan
1702376569269,nan,nan
1702376569280,nan,nan
1702376569314,nan,nan
1702376569315,nan,nan
1702376569323,nan,nan
1702376569335,nan,nan
1702376569347,nan,nan
1702376569356,nan,nan
1702376569369,nan,nan
1702376569380,nan,nan
1702376569390,nan,nan
1702376569402,nan,nan
1702376569414,nan,nan
1702376569423,nan,nan
1702376569463,nan,nan
1702376569469,nan,nan
1702376569482,nan,nan
1702376569490,nan,nan
1702376569502,nan,nan
1702376569514,nan,nan
1702376569524,nan,nan
1702376569535,nan,nan
1702376569553,nan,nan
1702376569568,nan,nan
1702376569580,nan,nan
1702376569613,nan,nan
1702376569614,nan,nan
1702376569630,1306.8464660644531,927.0507431030273
1702376569637,1306.8464660644531,927.0507431030273
1702376569648,1268.104019165039,1064.6014595031738
1702376569658,1268.104019165039,1064.6014595031738
1702376569669,1268.104019165039,1064.6014595031738
1702376569680,1278.7905883789062,927.8354930877686
1702376569691,1278.7905883789062,927.8354930877686
1702376569702,1278.7905883789062,927.8354930877686
1702376569714,1303.5502624511719,1025.4632663726807
1702376569746,1303.5502624511719,1025.4632663726807
1702376569747,1303.5502624511719,1025.4632663726807
1702376569763,1284.5552062988281,964.4502639770508
1702376569769,1284.5552062988281,964.4502639770508
1702376569781,nan,nan
1702376569791,nan,nan
1702376569802,nan,nan
1702376569813,nan,nan
1702376569824,nan,nan
1702376569835,nan,nan
1702376569846,nan,nan
1702376569858,1165.4000091552734,845.0191783905029
1702376569897,1165.4000091552734,845.0191783905029
1702376569902,1158.8098907470703,864.1007137298584
1702376569914,1161.1590576171875,865.7850551605225
1702376569927,1173.8800811767578,855.3050422668457
1702376569936,1171.1603546142578,857.722978591919
1702376569947,1168.6917877197266,864.049129486084
1702376569958,1173.3008575439453,864.5145034790039
1702376569969,1166.3036346435547,847.0288181304932
1702376569980,1174.8432159423828,827.4001979827881
1702376569992,1160.221176147461,825.9534358978271
1702376570002,1153.3851623535156,837.4377536773682
1702376570014,1137.9964447021484,861.082820892334
1702376570048,1138.9291381835938,849.8060417175293
1702376570049,1186.2314224243164,896.8349504470825
1702376570065,1147.6516723632812,874.8116540908813
1702376570071,1135.628547668457,873.399224281311
1702376570084,1025.9999084472656,900.0643730163574
1702376570094,555.6421279907227,967.1761178970337
1702376570104,543.2341957092285,972.0700550079346
1702376570115,511.29993438720703,966.2011241912842
1702376570126,462.60507583618164,992.8125858306885
1702376570137,452.1907424926758,989.8930549621582
1702376570179,449.2140769958496,997.3909664154053
1702376570180,442.33219146728516,990.7107210159302
1702376570182,444.98939514160156,988.1276035308838
1702376570199,446.1098098754883,984.578161239624
1702376570205,443.9447021484375,988.2953596115112
1702376570215,439.6916198730469,980.4712915420532
1702376570226,429.5061683654785,989.4289684295654
1702376570237,430.6695747375488,991.7763948440552
1702376570249,435.8032417297363,997.3282670974731
1702376570260,436.4829635620117,998.3761310577393
1702376570271,434.2976188659668,998.188419342041
1702376570282,429.1093063354492,998.4322643280029
1702376570293,426.48828506469727,993.183331489563
1702376570332,432.5398635864258,1000.6500864028931
1702376570333,438.4010124206543,999.3322849273682
1702376570338,458.0904960632324,990.9009647369385
1702376570349,480.66089630126953,991.8947553634644
1702376570360,559.0138053894043,1009.8494625091553
1702376570371,556.4385986328125,1011.5747022628784
1702376570382,552.8938293457031,1011.2138271331787
1702376570393,553.7033081054688,1014.9885320663452
1702376570404,555.4932594299316,1010.0714635848999
1702376570415,554.9583435058594,1010.071849822998
1702376570427,559.6091079711914,1002.5647115707397
1702376570438,559.6085357666016,1000.2188730239868
1702376570449,562.2833061218262,1008.7378263473511
1702376570482,727.1783447265625,1133.3401250839233
1702376570498,nan,nan
1702376570503,nan,nan
1702376570515,nan,nan
1702376570526,nan,nan
1702376570536,nan,nan
1702376570547,nan,nan
1702376570558,nan,nan
1702376570569,nan,nan
1702376570580,nan,nan
1702376570618,nan,nan
1702376570625,nan,nan
1702376570635,nan,nan
1702376570645,nan,nan
1702376570657,nan,nan
1702376570668,nan,nan
1702376570679,nan,nan
1702376570690,nan,nan
1702376570701,nan,nan
1702376570712,nan,nan
1702376570724,nan,nan
1702376570745,nan,nan
1702376570768,nan,nan
1702376570769,nan,nan
1702376570785,nan,nan
1702376570791,nan,nan
1702376570802,nan,nan
1702376570813,nan,nan
1702376570824,nan,nan
1702376570835,nan,nan
1702376570846,nan,nan
1702376570856,nan,nan
1702376570867,nan,nan
1702376570878,nan,nan
1702376570915,nan,nan
1702376570916,nan,nan
1702376570923,nan,nan
1702376570934,nan,nan
1702376570946,nan,nan
1702376570956,nan,nan
1702376570967,nan,nan
1702376570978,nan,nan
1702376570989,nan,nan
1702376571001,nan,nan
1702376571012,nan,nan
1702376571023,nan,nan
1702376571041,nan,nan
1702376571067,nan,nan
1702376571068,726.1528015136719,839.108362197876
1702376571083,785.0308990478516,823.8240623474121
1702376571091,858.8825988769531,773.0893707275391
1702376571102,875.4428863525391,749.2728996276855
1702376571113,879.7409820556641,727.6027965545654
1702376571124,872.8858947753906,696.838846206665
1702376571136,864.3751525878906,715.4226922988892
1702376571146,863.5758972167969,722.0290374755859
1702376571159,866.6239929199219,728.1655883789062
1702376571171,889.6267318725586,727.5537014007568
1702376571182,887.7622222900391,735.8117294311523
1702376571216,895.7515335083008,735.496301651001
1702376571217,896.450080871582,739.6492624282837
1702376571233,892.4373626708984,743.3513116836548
1702376571236,893.9845657348633,747.4327754974365
1702376571249,900.1673126220703,744.4166421890259
1702376571259,905.7424545288086,750.0710391998291
1702376571270,902.7700805664062,755.5878496170044
1702376571281,819.2286682128906,815.4858684539795
1702376571292,587.1039772033691,940.2520608901978
1702376571303,576.9653511047363,945.7490873336792
1702376571314,574.9158477783203,946.1074733734131
1702376571325,588.0793952941895,948.4037017822266
1702376571366,579.1584014892578,959.0658903121948
1702376571370,583.9126777648926,943.2505989074707
1702376571384,587.6933097839355,950.0788593292236
1702376571392,579.2376518249512,953.0034112930298
1702376571403,580.8997917175293,948.064112663269
1702376571414,578.3416938781738,951.1813545227051
1702376571426,582.2346305847168,959.5527648925781
1702376571437,574.9426078796387,963.2500076293945
1702376571448,576.1902809143066,964.4106101989746
1702376571459,580.2104187011719,965.0116395950317
1702376571470,583.9047431945801,963.4291791915894
1702376571481,585.410099029541,958.5486316680908
1702376571516,586.2310600280762,960.6440162658691
1702376571517,589.1584587097168,969.8787117004395
1702376571534,585.0993728637695,979.234127998352
1702376571537,589.0651893615723,968.9462041854858
1702376571550,595.036735534668,963.6251306533813
1702376571559,678.0965423583984,938.857741355896
1702376571571,748.0850982666016,925.5741548538208
1702376571581,848.7405776977539,893.1320428848267
1702376571593,1033.6820983886719,826.167368888855
1702376571603,1051.6827392578125,821.5754699707031
1702376571614,1045.9920501708984,829.1531610488892
1702376571625,1068.827133178711,841.3300037384033
1702376571665,1070.5398178100586,843.3440208435059
1702376571666,1074.6162414550781,839.8748302459717
1702376571670,1083.0438232421875,842.852897644043
1702376571683,1086.106071472168,845.7160806655884
1702376571692,1081.9227981567383,843.5766649246216
1702376571704,1081.5805435180664,839.1273736953735
1702376571715,1077.1856689453125,838.3233118057251
1702376571726,1073.875503540039,839.8978757858276
1702376571737,1074.1337585449219,841.4294385910034
1702376571748,1073.715476989746,835.5449295043945
1702376571759,1063.7542343139648,841.8025875091553
1702376571771,1063.105697631836,837.3765993118286
1702376571781,1064.8949432373047,841.3820171356201
1702376571818,1088.7164688110352,833.21608543396
1702376571826,1210.9889602661133,835.8787679672241
1702376571837,1207.0380783081055,843.4017848968506
1702376571848,1216.6222381591797,842.9978656768799
1702376571859,1210.6285858154297,846.6248559951782
1702376571870,1209.5380401611328,841.4626979827881
1702376571881,1202.2072982788086,844.9825716018677
1702376571892,1207.2417831420898,839.0327882766724
1702376571904,1202.761573791504,836.9641828536987
1702376571914,1209.1421127319336,841.2397527694702
1702376571926,1206.247329711914,846.329984664917
1702376571967,1210.3068542480469,850.5844402313232
1702376571970,1201.3562393188477,834.715461730957
1702376571986,1268.0269622802734,868.568286895752
1702376571992,1495.0198364257812,910.3249597549438
1702376572002,1605.9008026123047,948.8032007217407
1702376572012,1744.1189575195312,863.6040115356445
1702376572023,nan,nan
1702376572034,nan,nan
1702376572045,nan,nan
1702376572056,nan,nan
1702376572068,nan,nan
1702376572079,nan,nan
1702376572117,nan,nan
1702376572118,nan,nan
1702376572121,nan,nan
1702376572138,nan,nan
1702376572159,nan,nan
1702376572170,nan,nan
1702376572182,nan,nan
1702376572193,nan,nan
1702376572203,nan,nan
1702376572215,nan,nan
1702376572226,nan,nan
1702376572246,nan,nan
1702376572267,nan,nan
1702376572270,nan,nan
1702376572283,nan,nan
1702376572292,nan,nan
1702376572305,nan,nan
1702376572316,nan,nan
1702376572325,nan,nan
1702376572337,nan,nan
1702376572349,nan,nan
1702376572358,nan,nan
1702376572369,nan,nan
1702376572382,nan,nan
1702376572418,nan,nan
1702376572419,nan,nan
1702376572425,nan,nan
1702376572437,nan,nan
1702376572450,nan,nan
1702376572458,nan,nan
1702376572470,nan,nan
1702376572483,nan,nan
1702376572491,nan,nan
1702376572503,nan,nan
1702376572516,nan,nan
1702376572525,nan,nan
1702376572545,nan,nan
1702376572565,nan,nan
1702376572569,nan,nan
1702376572582,nan,nan
1702376572591,nan,nan
1702376572603,nan,nan
1702376572615,nan,nan
1702376572624,nan,nan
1702376572637,nan,nan
1702376572648,nan,nan
1702376572658,nan,nan
1702376572703,nan,nan
1702376572704,nan,nan
1702376572722,nan,nan
1702376572725,nan,nan
1702376572738,nan,nan
1702376572749,nan,nan
1702376572758,nan,nan
1702376572771,nan,nan
1702376572782,nan,nan
1702376572791,nan,nan
1702376572804,nan,nan
1702376572815,nan,nan
1702376572825,nan,nan
1702376572867,nan,nan
1702376572868,nan,nan
1702376572871,nan,nan
1702376572883,nan,nan
1702376572892,nan,nan
1702376572905,nan,nan
1702376572915,nan,nan
1702376572925,nan,nan
1702376572937,nan,nan
1702376572948,nan,nan
1702376572957,nan,nan
1702376572970,nan,nan
1702376572981,nan,nan
1702376573016,nan,nan
1702376573024,nan,nan
1702376573038,nan,nan
1702376573048,nan,nan
1702376573058,nan,nan
1702376573070,nan,nan
1702376573081,nan,nan
1702376573091,nan,nan
1702376573103,nan,nan
1702376573115,nan,nan
1702376573151,nan,nan
1702376573152,nan,nan
1702376573159,nan,nan
1702376573170,nan,nan
1702376573182,nan,nan
1702376573192,nan,nan
1702376573203,nan,nan
1702376573215,nan,nan
1702376573225,nan,nan
1702376573237,nan,nan
1702376573248,nan,nan
1702376573259,nan,nan
1702376573270,nan,nan
1702376573302,nan,nan
1702376573303,nan,nan
1702376573321,nan,nan
1702376573325,nan,nan
1702376573336,nan,nan
1702376573348,nan,nan
1702376573358,nan,nan
1702376573369,nan,nan
1702376573381,nan,nan
1702376573391,nan,nan
1702376573403,nan,nan
1702376573414,nan,nan
1702376573451,nan,nan
1702376573452,nan,nan
1702376573458,nan,nan
1702376573471,nan,nan
1702376573481,nan,nan
1702376573491,nan,nan
1702376573502,nan,nan
1702376573515,nan,nan
1702376573524,nan,nan
1702376573536,nan,nan
1702376573548,nan,nan
1702376573557,nan,nan
1702376573569,nan,nan
1702376573603,nan,nan
1702376573614,nan,nan
1702376573625,nan,nan
1702376573637,nan,nan
1702376573648,nan,nan
1702376573659,nan,nan
1702376573670,nan,nan
1702376573681,1207.818832397461,857.0860290527344
1702376573691,1207.818832397461,857.0860290527344
1702376573703,1207.818832397461,857.0860290527344
1702376573714,1233.6028289794922,830.8950519561768
1702376573752,1233.6028289794922,830.8950519561768
1702376573753,1252.5715637207031,880.9083366394043
1702376573759,1251.628189086914,855.28564453125
1702376573771,1241.7108154296875,849.3493366241455
1702376573781,1245.3063201904297,833.6202621459961
1702376573792,1235.5857849121094,820.8077144622803
1702376573803,1242.8311920166016,821.5268039703369
1702376573814,1241.0945892333984,828.0886459350586
1702376573826,1244.5122528076172,825.7376575469971
1702376573837,1246.5901184082031,823.1192207336426
1702376573848,1253.658447265625,816.0448837280273
1702376573859,1247.550277709961,816.7251777648926
1702376573900,1243.6161804199219,824.1185474395752
1702376573901,1239.8063659667969,810.7026100158691
1702376573903,1238.770751953125,808.1624507904053
1702376573920,1238.6556243896484,810.221529006958
1702376573926,1231.7633056640625,811.8451023101807
1702376573937,1235.4131317138672,811.703052520752
1702376573948,1237.6904296875,815.4882717132568
1702376573959,1238.6946868896484,818.1467056274414
1702376573970,1236.0997772216797,819.8054695129395
1702376573982,1232.3287963867188,818.4047985076904
1702376573992,1234.6796417236328,816.6068172454834
1702376574004,1233.2534790039062,814.4505786895752
1702376574015,1232.7922821044922,824.7027111053467
1702376574051,1226.3316345214844,819.904260635376
1702376574058,1219.5344543457031,831.8780708312988
1702376574069,1219.5344543457031,831.8780708312988
1702376574082,1185.9467315673828,813.284740447998
1702376574092,1162.4954986572266,789.957160949707
1702376574102,1162.4954986572266,789.957160949707
1702376574114,1175.6031036376953,806.072473526001
1702376574125,1169.671859741211,815.0695037841797
1702376574136,1169.671859741211,815.0695037841797
1702376574147,1176.2979888916016,826.9572257995605
1702376574158,1175.4447174072266,837.8544616699219
1702376574182,1175.4447174072266,837.8544616699219
1702376574202,1208.7678527832031,863.8906002044678
1702376574203,1206.4682006835938,854.2864036560059
1702376574221,1111.646728515625,861.2806606292725
1702376574225,1104.9349212646484,863.0466270446777
1702376574237,1104.9349212646484,863.0466270446777
1702376574247,1186.8427276611328,840.4741859436035
1702376574259,1188.2583618164062,854.6297264099121
1702376574270,1182.8106689453125,845.945634841919
1702376574281,1216.9319152832031,833.5991477966309
1702376574292,1559.6359252929688,858.9159393310547
1702376574335,1649.1366577148438,870.2509117126465
1702376574336,1713.3828735351562,869.4192123413086
1702376574351,nan,nan
1702376574358,nan,nan
1702376574369,nan,nan
1702376574380,nan,nan
1702376574391,nan,nan
1702376574402,nan,nan
1702376574413,nan,nan
1702376574424,nan,nan
1702376574435,nan,nan
1702376574446,nan,nan
1702376574486,nan,nan
1702376574487,nan,nan
1702376574491,nan,nan
1702376574502,nan,nan
1702376574513,nan,nan
1702376574523,nan,nan
1702376574541,nan,nan
1702376574562,nan,nan
1702376574571,nan,nan
1702376574585,nan,nan
1702376574594,nan,nan
1702376574635,nan,nan
1702376574638,nan,nan
1702376574651,nan,nan
1702376574659,nan,nan
1702376574671,nan,nan
1702376574684,nan,nan
1702376574693,nan,nan
1702376574711,nan,nan
1702376574728,nan,nan
1702376574738,nan,nan
1702376574749,nan,nan
1702376574784,nan,nan
1702376574785,nan,nan
1702376574801,nan,nan
1702376574803,nan,nan
1702376574821,nan,nan
1702376574840,nan,nan
1702376574852,nan,nan
1702376574861,nan,nan
1702376574873,nan,nan
1702376574886,nan,nan
1702376574895,nan,nan
1702376574914,nan,nan
1702376574933,nan,nan
1702376574934,nan,nan
1702376574940,nan,nan
1702376574953,nan,nan
1702376574962,nan,nan
1702376574974,nan,nan
1702376574986,nan,nan
1702376574995,nan,nan
1702376575008,nan,nan
1702376575020,nan,nan
1702376575029,nan,nan
1702376575067,nan,nan
1702376575068,nan,nan
1702376575074,nan,nan
1702376575086,nan,nan
1702376575097,nan,nan
1702376575108,nan,nan
1702376575120,nan,nan
1702376575129,nan,nan
1702376575141,nan,nan
1702376575153,nan,nan
1702376575162,nan,nan
1702376575175,nan,nan
1702376575197,nan,nan
1702376575218,nan,nan
1702376575233,nan,nan
1702376575241,nan,nan
1702376575252,nan,nan
1702376575261,nan,nan
1702376575274,nan,nan
1702376575285,nan,nan
1702376575295,nan,nan
1702376575307,nan,nan
1702376575319,nan,nan
1702376575328,nan,nan
1702376575348,nan,nan
1702376575369,nan,nan
1702376575370,nan,nan
1702376575374,nan,nan
1702376575386,nan,nan
1702376575395,nan,nan
1702376575407,nan,nan
1702376575419,nan,nan
1702376575429,nan,nan
1702376575440,nan,nan
1702376575453,nan,nan
1702376575462,nan,nan
1702376575501,nan,nan
1702376575502,nan,nan
1702376575507,nan,nan
1702376575521,nan,nan
1702376575529,nan,nan
1702376575540,nan,nan
1702376575552,nan,nan
1702376575563,nan,nan
1702376575574,nan,nan
1702376575586,nan,nan
1702376575595,nan,nan
1702376575607,nan,nan
1702376575619,nan,nan
1702376575652,nan,nan
1702376575653,nan,nan
1702376575659,nan,nan
1702376575672,nan,nan
1702376575684,nan,nan
1702376575695,nan,nan
1702376575706,nan,nan
1702376575717,nan,nan
1702376575728,nan,nan
1702376575739,nan,nan
1702376575750,nan,nan
1702376575763,nan,nan
1702376575784,nan,nan
1702376575804,755.4914474487305,1007.2672462463379
1702376575805,755.4914474487305,1007.2672462463379
1702376575808,755.4914474487305,1007.2672462463379
1702376575824,776.8380355834961,1006.7090034484863
1702376575830,813.5334396362305,973.7383460998535
1702376575843,820.9341049194336,971.6518449783325
1702376575853,812.2584915161133,976.1778259277344
1702376575864,811.5045547485352,968.9086961746216
1702376575875,803.7316513061523,969.7441291809082
1702376575887,819.3152618408203,967.381854057312
1702376575897,821.9358825683594,968.6220645904541
1702376575908,821.9358825683594,968.6220645904541
1702376575920,745.5724334716797,999.4925308227539
1702376575957,619.060230255127,1028.494634628296
1702376575958,637.1614456176758,1035.5651950836182
1702376575964,610.2532577514648,1042.3195552825928
1702376575975,598.8763046264648,1039.144206047058
1702376575986,600.0688552856445,1038.055443763733
1702376575997,590.2254295349121,1022.1589994430542
1702376576008,585.2328300476074,1020.0815534591675
1702376576020,585.5987167358398,1016.5347719192505
1702376576030,583.0607223510742,1015.7859420776367
1702376576041,580.2640914916992,1013.3841848373413
1702376576053,580.8114433288574,1018.7598037719727
1702376576064,579.198169708252,1024.0825080871582
1702376576104,578.5537528991699,1022.3808288574219
1702376576105,578.2639122009277,1013.4439659118652
1702376576108,570.2785301208496,989.1206216812134
1702376576124,570.2086639404297,991.4386940002441
1702376576131,563.7227821350098,990.6736850738525
1702376576143,569.1718292236328,994.243597984314
1702376576153,571.5699768066406,997.7283668518066
1702376576164,570.0675773620605,990.3169298171997
1702376576175,561.2275123596191,986.0720872879028
1702376576187,525.7664680480957,987.6714992523193
1702376576197,402.4646759033203,1007.2566890716553
1702376576209,379.22197341918945,1035.830111503601
1702376576220,382.6179313659668,1037.1434926986694
1702376576254,388.5415458679199,1032.1553134918213
1702376576255,382.93983459472656,1025.1501989364624
1702376576271,386.1237335205078,1016.7077207565308
1702376576275,380.31715393066406,1015.4085874557495
1702376576287,377.68455505371094,1018.9373874664307
1702376576298,364.7772216796875,1021.7885541915894
1702376576309,374.0325164794922,1007.1640777587891
1702376576320,374.8382377624512,1011.731128692627
1702376576330,377.237491607666,1011.3055372238159
1702376576341,368.87807846069336,1002.8428888320923
1702376576352,369.65078353881836,1000.5886316299438
1702376576363,367.6334762573242,1003.5484600067139
1702376576403,375.5890083312988,1021.4328718185425
1702376576408,366.88764572143555,1013.742527961731
1702376576419,359.84493255615234,1008.2155466079712
1702376576431,360.997257232666,998.6128520965576
1702376576441,366.7222785949707,1009.0077638626099
1702376576452,367.78480529785156,1012.4812889099121
1702376576463,367.1271324157715,1013.1629133224487
1702376576475,366.0296058654785,1019.8084402084351
1702376576486,369.1714668273926,1023.4574890136719
1702376576497,361.22961044311523,1032.2419595718384
1702376576508,359.2917823791504,1030.353684425354
1702376576519,362.95562744140625,1030.3247594833374
1702376576554,525.068473815918,1099.5681953430176
1702376576555,644.3598556518555,1147.2472286224365
1702376576571,nan,nan
1702376576575,nan,nan
1702376576588,nan,nan
1702376576597,nan,nan
1702376576608,nan,nan
1702376576619,nan,nan
1702376576629,nan,nan
1702376576640,nan,nan
1702376576651,nan,nan
1702376576663,nan,nan
1702376576704,nan,nan
1702376576706,nan,nan
1702376576721,nan,nan
1702376576729,nan,nan
1702376576741,nan,nan
1702376576750,nan,nan
1702376576762,nan,nan
1702376576773,nan,nan
1702376576784,nan,nan
1702376576795,nan,nan
1702376576837,nan,nan
1702376576838,nan,nan
1702376576840,nan,nan
1702376576854,nan,nan
1702376576863,nan,nan
1702376576873,nan,nan
1702376576884,nan,nan
1702376576895,nan,nan
1702376576906,nan,nan
1702376576917,nan,nan
1702376576928,nan,nan
1702376576939,nan,nan
1702376576950,nan,nan
1702376576968,nan,nan
1702376576989,nan,nan
1702376576997,nan,nan
1702376577015,nan,nan
1702376577030,nan,nan
1702376577041,nan,nan
1702376577053,452.4545669555664,1111.8510818481445
1702376577064,398.40030670166016,1160.063123703003
1702376577075,391.01226806640625,1168.8970756530762
1702376577086,385.6797790527344,1174.1942882537842
1702376577122,385.1116943359375,1158.085412979126
1702376577123,384.76268768310547,1154.518461227417
1702376577131,403.09057235717773,1151.7894744873047
1702376577142,395.4659652709961,1154.4299697875977
1702376577154,408.3420181274414,1164.496192932129
1702376577164,403.806209564209,1158.0073070526123
1702376577176,412.5960350036621,1154.699091911316
1702376577187,410.1048278808594,1148.2171154022217
1702376577198,409.1132926940918,1156.1649084091187
1702376577209,405.6098747253418,1160.0206804275513
1702376577220,388.195743560791,1147.9194974899292
1702376577231,316.10342025756836,1054.65651512146
1702376577274,292.8575801849365,1031.377215385437
1702376577275,291.3844585418701,1006.6419267654419
1702376577276,299.91527557373047,990.0917959213257
1702376577292,300.36120414733887,996.5436029434204
1702376577299,302.93137550354004,994.8117542266846
1702376577311,295.8082962036133,990.9978675842285
1702376577320,291.0378074645996,985.0144815444946
1702376577331,291.67555809020996,984.6931743621826
1702376577342,299.3955898284912,987.7767705917358
1702376577353,307.82697677612305,995.0367164611816
1702376577364,513.3585357666016,958.3616495132446
1702376577376,592.6730537414551,940.0597143173218
1702376577387,764.5148086547852,905.209150314331
1702376577423,1054.1328048706055,853.6214733123779
1702376577424,1082.7974319458008,849.4657230377197
1702376577431,1115.7312393188477,849.9276638031006
1702376577442,1114.2052459716797,849.9438858032227
1702376577454,1116.8132019042969,856.6962718963623
1702376577465,1118.603744506836,859.5367956161499
1702376577476,1119.7908782958984,856.6005706787109
1702376577487,1120.6925582885742,850.3772449493408
1702376577498,1121.8203735351562,844.8035717010498
1702376577509,1124.883155822754,850.281286239624
1702376577521,1125.9096145629883,859.0883302688599
1702376577531,1128.387107849121,862.1580219268799
1702376577573,1124.4528579711914,855.7884407043457
1702376577574,1119.9030685424805,857.7400588989258
1702376577576,1126.5201568603516,870.1828908920288
1702376577591,1127.846565246582,865.9178781509399
1702376577598,1128.8192749023438,863.7164926528931
1702376577611,1121.1698913574219,860.3318881988525
1702376577621,1115.1768493652344,865.5391931533813
1702376577632,1110.3853607177734,871.861138343811
1702376577642,1117.2954559326172,877.446870803833
1702376577653,1123.856201171875,874.0545845031738
1702376577664,1124.2062377929688,873.7267541885376
1702376577675,1125.3511428833008,874.848518371582
1702376577686,1121.496353149414,879.0245676040649
1702376577724,1118.797950744629,879.8316335678101
1702376577725,1110.7371520996094,875.3176689147949
1702376577731,1112.3463821411133,878.1750583648682
1702376577742,1116.2847900390625,884.1785287857056
1702376577753,1122.9732131958008,891.6878986358643
1702376577764,1197.7167892456055,883.2052516937256
1702376577775,1211.3249206542969,881.3418674468994
1702376577786,1224.5245361328125,874.7553062438965
1702376577798,1204.3055725097656,879.9142026901245
1702376577809,1211.1554718017578,891.6788005828857
1702376577820,1210.4182434082031,890.3141355514526
1702376577831,1212.4832916259766,891.4034986495972
1702376577871,1209.5376205444336,878.5526704788208
1702376577875,1215.8903121948242,895.5709218978882
1702376577887,1215.4465103149414,890.9603977203369
1702376577897,1210.6837463378906,890.6100368499756
1702376577908,1207.0813369750977,887.2341442108154
1702376577919,1207.1625137329102,891.9715690612793
1702376577931,1208.0618286132812,898.6116027832031
1702376577942,1209.144401550293,895.5433702468872
1702376577953,1206.834373474121,895.3091382980347
1702376577964,1207.6045227050781,892.6669692993164
1702376577975,1209.0210723876953,893.8237953186035
1702376577986,1206.9336318969727,892.5986909866333
1702376578022,1207.4685668945312,896.628270149231
1702376578023,1206.8363952636719,897.2875356674194
1702376578038,1290.1675033569336,927.9021835327148
1702376578041,1359.3754577636719,947.3207330703735
1702376578053,1407.9859924316406,949.9419164657593
1702376578063,1839.0461730957031,1126.8988752365112
1702376578074,2190.7814025878906,1114.1861057281494
1702376578084,2190.7814025878906,1114.1861057281494
1702376578095,nan,nan
1702376578106,nan,nan
1702376578117,nan,nan
1702376578128,nan,nan
1702376578173,nan,nan
1702376578174,nan,nan
1702376578189,nan,nan
1702376578195,nan,nan
1702376578205,nan,nan
1702376578222,nan,nan
1702376578243,nan,nan
1702376578256,nan,nan
1702376578264,nan,nan
1702376578276,nan,nan
1702376578298,nan,nan
1702376578323,nan,nan
1702376578325,nan,nan
1702376578331,nan,nan
1702376578343,nan,nan
1702376578358,nan,nan
1702376578365,nan,nan
1702376578377,nan,nan
1702376578391,nan,nan
1702376578398,nan,nan
1702376578409,nan,nan
1702376578423,nan,nan
1702376578431,nan,nan
1702376578473,nan,nan
1702376578474,nan,nan
1702376578476,nan,nan
1702376578490,nan,nan
1702376578498,nan,nan
1702376578509,nan,nan
1702376578522,nan,nan
1702376578531,nan,nan
1702376578543,nan,nan
1702376578555,nan,nan
1702376578565,nan,nan
1702376578606,nan,nan
1702376578607,nan,nan
1702376578611,nan,nan
1702376578625,nan,nan
1702376578632,nan,nan
1702376578644,nan,nan
1702376578656,nan,nan
1702376578665,nan,nan
1702376578677,nan,nan
1702376578689,nan,nan
1702376578698,nan,nan
1702376578711,nan,nan
1702376578722,nan,nan
1702376578756,nan,nan
1702376578757,nan,nan
1702376578765,nan,nan
1702376578777,nan,nan
1702376578790,nan,nan
1702376578797,nan,nan
1702376578810,nan,nan
1702376578821,nan,nan
1702376578830,nan,nan
1702376578844,nan,nan
1702376578855,nan,nan
1702376578864,nan,nan
1702376578905,nan,nan
1702376578906,nan,nan
1702376578910,nan,nan
1702376578924,nan,nan
1702376578930,nan,nan
1702376578943,nan,nan
1702376578955,nan,nan
1702376578964,nan,nan
1702376578976,nan,nan
1702376578988,nan,nan
1702376578998,nan,nan
1702376579039,nan,nan
1702376579043,nan,nan
1702376579056,nan,nan
1702376579065,nan,nan
1702376579076,nan,nan
1702376579088,nan,nan
1702376579099,nan,nan
1702376579110,nan,nan
1702376579122,nan,nan
1702376579132,nan,nan
1702376579143,nan,nan
1702376579154,nan,nan
1702376579193,nan,nan
1702376579198,nan,nan
1702376579210,nan,nan
1702376579223,nan,nan
1702376579231,nan,nan
1702376579242,nan,nan
1702376579255,nan,nan
1702376579265,nan,nan
1702376579276,nan,nan
1702376579289,nan,nan
1702376579298,nan,nan
1702376579341,nan,nan
1702376579342,nan,nan
1702376579343,nan,nan
1702376579359,nan,nan
1702376579365,nan,nan
1702376579377,nan,nan
1702376579389,nan,nan
1702376579397,nan,nan
1702376579410,nan,nan
1702376579422,nan,nan
1702376579431,nan,nan
1702376579443,nan,nan
1702376579456,nan,nan
1702376579491,nan,nan
1702376579492,nan,nan
1702376579498,nan,nan
1702376579510,nan,nan
1702376579522,nan,nan
1702376579530,nan,nan
1702376579543,nan,nan
1702376579555,nan,nan
1702376579564,nan,nan
1702376579576,nan,nan
1702376579589,nan,nan
1702376579598,nan,nan
1702376579641,nan,nan
1702376579643,nan,nan
1702376579659,nan,nan
1702376579664,nan,nan
1702376579678,nan,nan
1702376579690,nan,nan
1702376579698,nan,nan
1702376579710,nan,nan
1702376579722,nan,nan
1702376579730,nan,nan
1702376579743,nan,nan
1702376579756,nan,nan
1702376579790,nan,nan
1702376579791,nan,nan
1702376579797,nan,nan
1702376579810,nan,nan
1702376579822,nan,nan
1702376579830,nan,nan
1702376579844,nan,nan
1702376579856,nan,nan
1702376579864,nan,nan
1702376579877,nan,nan
1702376579889,nan,nan
1702376579897,nan,nan
1702376579919,nan,nan
1702376579940,nan,nan
1702376579944,nan,nan
1702376579958,nan,nan
1702376579964,nan,nan
1702376579977,nan,nan
1702376579989,nan,nan
1702376579998,nan,nan
1702376580011,nan,nan
1702376580022,nan,nan
1702376580031,nan,nan
1702376580044,nan,nan
1702376580056,nan,nan
1702376580091,nan,nan
1702376580097,nan,nan
1702376580118,nan,nan
1702376580130,nan,nan
1702376580141,nan,nan
1702376580152,nan,nan
1702376580163,nan,nan
1702376580175,nan,nan
1702376580186,nan,nan
1702376580226,nan,nan
1702376580227,nan,nan
1702376580229,nan,nan
1702376580246,nan,nan
1702376580267,nan,nan
1702376580278,nan,nan
1702376580290,nan,nan
1702376580300,nan,nan
1702376580311,nan,nan
1702376580324,nan,nan
1702376580333,nan,nan
1702376580374,nan,nan
1702376580375,nan,nan
1702376580378,nan,nan
1702376580391,nan,nan
1702376580400,nan,nan
1702376580412,nan,nan
1702376580424,nan,nan
1702376580433,nan,nan
1702376580445,nan,nan
1702376580457,nan,nan
1702376580467,nan,nan
1702376580478,nan,nan
1702376580523,nan,nan
1702376580524,nan,nan
1702376580538,nan,nan
1702376580545,nan,nan
1702376580558,nan,nan
1702376580566,nan,nan
1702376580578,nan,nan
1702376580590,nan,nan
1702376580599,nan,nan
1702376580611,nan,nan
1702376580623,nan,nan
1702376580633,nan,nan
1702376580674,nan,nan
1702376580678,nan,nan
1702376580691,nan,nan
1702376580700,nan,nan
1702376580712,nan,nan
1702376580723,nan,nan
1702376580733,nan,nan
1702376580744,nan,nan
1702376580757,nan,nan
1702376580765,nan,nan
1702376580777,nan,nan
1702376580789,nan,nan
1702376580822,nan,nan
1702376580823,nan,nan
1702376580838,nan,nan
1702376580844,nan,nan
1702376580856,nan,nan
1702376580865,nan,nan
1702376580877,nan,nan
1702376580889,nan,nan
1702376580899,nan,nan
1702376580910,nan,nan
1702376580923,nan,nan
1702376580932,nan,nan
1702376580972,nan,nan
1702376580977,nan,nan
1702376580989,nan,nan
1702376580999,nan,nan
1702376581010,nan,nan
1702376581021,nan,nan
1702376581033,nan,nan
1702376581044,nan,nan
1702376581055,nan,nan
1702376581067,nan,nan
1702376581079,nan,nan
1702376581090,1393.5128784179688,883.8429737091064
1702376581125,1393.5128784179688,883.8429737091064
1702376581126,1393.5128784179688,883.8429737091064
1702376581140,1410.5641174316406,938.4195327758789
1702376581146,1416.1568450927734,934.0454721450806
1702376581158,1393.5966491699219,958.502025604248
1702376581167,1353.6308288574219,953.893518447876
1702376581178,1251.9319152832031,988.0457210540771
1702376581189,1074.7209167480469,1001.7030143737793
1702376581201,1139.7523880004883,952.0026683807373
1702376581212,1152.3253631591797,947.4675035476685
1702376581224,1140.192756652832,952.1511554718018
1702376581235,1138.579216003418,947.8149890899658
1702376581277,1139.9658584594727,952.4294185638428
1702376581279,1131.2718963623047,931.4266920089722
1702376581294,1134.7568130493164,926.0051107406616
1702376581301,1131.1616897583008,916.4096260070801
1702376581312,1122.3175811767578,921.7296695709229
1702376581324,1124.2199325561523,925.3003120422363
1702376581335,1124.1831588745117,927.6281690597534
1702376581345,1124.1831588745117,927.6281690597534
1702376581357,1123.8785552978516,922.566089630127
1702376581368,1122.2560119628906,908.1802225112915
1702376581379,1127.6861953735352,911.952223777771
1702376581391,1131.1994171142578,917.6593637466431
1702376581427,1136.200180053711,906.1158227920532
1702376581428,1135.8619689941406,897.5591897964478
1702376581435,1131.729965209961,904.5579099655151
1702376581446,1137.1678924560547,909.6931171417236
1702376581458,1137.374267578125,904.307370185852
1702376581469,1135.9226989746094,901.4586496353149
1702376581479,1132.3410415649414,901.5357685089111
1702376581491,1131.7594146728516,901.8158769607544
1702376581502,1122.2492980957031,901.1007356643677
1702376581512,1120.262107849121,896.7464590072632
1702376581523,1125.9945678710938,889.7778224945068
1702376581534,1134.6545028686523,887.3871803283691
1702376581574,1134.7142028808594,889.7134494781494
1702376581575,1126.2890625,896.8849897384644
1702376581578,1114.7582244873047,884.9852085113525
1702376581590,1017.3056030273438,902.4532985687256
1702376581603,459.4276428222656,1005.5864238739014
1702376581611,459.4276428222656,1005.5864238739014
1702376581623,382.220458984375,1027.5778770446777
1702376581635,212.77134895324707,1068.0481624603271
1702376581645,210.1798152923584,1071.2572002410889
1702376581657,209.32159423828125,1062.2838592529297
1702376581668,192.73544311523438,1060.3404808044434
1702376581679,181.84289932250977,1055.5149936676025
1702376581690,180.98904609680176,1053.7874794006348
1702376581726,178.9286184310913,1061.6485834121704
1702376581727,180.3176498413086,1065.1875114440918
1702376581742,183.53472709655762,1065.2523565292358
1702376581746,182.90010452270508,1067.2029876708984
1702376581757,175.68845748901367,1058.4243965148926
1702376581768,168.63269805908203,1060.435881614685
1702376581779,173.43805313110352,1048.9237117767334
1702376581790,178.0246925354004,1052.1007347106934
1702376581801,176.80797576904297,1047.778000831604
1702376581813,173.0869960784912,1048.2962036132812
1702376581824,175.79400062561035,1047.187442779541
1702376581835,308.4479522705078,1137.407898902893
1702376581876,396.1829376220703,1182.5172901153564
1702376581877,530.6122207641602,1281.5335893630981
1702376581879,nan,nan
1702376581893,nan,nan
1702376581900,nan,nan
1702376581911,nan,nan
1702376581923,nan,nan
1702376581934,nan,nan
1702376581945,nan,nan
1702376581956,nan,nan
1702376581967,nan,nan
1702376581978,nan,nan
1702376581988,nan,nan
1702376582027,nan,nan
1702376582033,nan,nan
1702376582044,nan,nan
1702376582055,nan,nan
1702376582067,nan,nan
1702376582078,nan,nan
1702376582089,nan,nan
1702376582101,nan,nan
1702376582112,nan,nan
1702376582123,nan,nan
1702376582160,nan,nan
1702376582161,nan,nan
1702376582167,nan,nan
1702376582178,nan,nan
1702376582191,nan,nan
1702376582199,nan,nan
1702376582211,nan,nan
1702376582222,nan,nan
1702376582233,nan,nan
1702376582244,nan,nan
1702376582254,nan,nan
1702376582265,nan,nan
1702376582290,nan,nan
1702376582310,nan,nan
1702376582311,66.18352890014648,1210.476894378662
1702376582328,141.65481567382812,1083.5472106933594
1702376582335,171.87053680419922,996.5766048431396
1702376582345,203.2318115234375,1001.7876434326172
1702376582356,202.71394729614258,1003.8889503479004
1702376582367,192.61018753051758,1011.5672779083252
1702376582378,192.61018753051758,1011.5672779083252
1702376582389,170.8064079284668,1008.4631252288818
1702376582400,168.30928802490234,1001.6110897064209
1702376582411,143.05438041687012,995.6795883178711
1702376582423,151.79709434509277,999.6946620941162
1702376582460,146.437406539917,989.1129398345947
1702376582461,172.39965438842773,993.3525466918945
1702376582467,151.2861156463623,1005.1875686645508
1702376582478,151.2861156463623,1005.1875686645508
1702376582492,164.54998016357422,1010.9214878082275
1702376582500,163.53572845458984,997.1212005615234
1702376582511,163.53572845458984,997.1212005615234
1702376582523,152.38764762878418,1002.1241855621338
1702376582534,158.80517959594727,1005.0359916687012
1702376582545,158.80517959594727,1005.0359916687012
1702376582556,160.51828384399414,998.2490158081055
1702376582567,151.50434494018555,998.9429569244385
1702376582588,189.93135452270508,1002.1568012237549
1702376582609,292.41573333740234,989.6188259124756
1702376582610,773.3322143554688,946.1800003051758
1702376582612,910.8431243896484,917.7877235412598
1702376582627,969.1194915771484,918.5988235473633
1702376582633,1063.2337188720703,907.0660972595215
1702376582644,1064.2516326904297,918.6970138549805
1702376582656,1065.9540557861328,915.858850479126
1702376582666,1056.883316040039,917.1225357055664
1702376582678,1059.3685150146484,919.7008037567139
1702376582689,1061.9561004638672,927.0933151245117
1702376582700,1073.00537109375,934.1467952728271
1702376582711,1074.4573974609375,933.1830883026123
1702376582722,1075.9210205078125,932.2970581054688
1702376582759,1072.490234375,935.2643966674805
1702376582774,1076.2435913085938,922.5012016296387
1702376582778,1083.437271118164,933.4586048126221
1702376582790,1080.5455017089844,934.0421676635742
1702376582800,1075.8578491210938,938.6082744598389
1702376582811,1076.9902038574219,932.3133659362793
1702376582822,1075.1219940185547,929.5447254180908
1702376582833,1082.5849914550781,922.4404335021973
1702376582845,1083.6894226074219,929.6951866149902
1702376582856,1085.9183502197266,931.8411254882812
1702376582895,1083.1842803955078,941.2691116333008
1702376582896,1079.6769714355469,940.4267692565918
1702376582900,1086.0530853271484,950.9476375579834
1702376582915,1088.1079864501953,953.0337524414062
1702376582923,1082.045669555664,955.8348369598389
1702376582934,1078.3515167236328,953.8358402252197
1702376582945,1080.827865600586,944.2065811157227
1702376582956,1081.2335205078125,940.3141593933105
1702376582967,1081.0891723632812,939.8752212524414
1702376582978,1090.1300811767578,946.3422203063965
1702376582989,1150.810775756836,981.4825916290283
1702376583000,1494.168701171875,1116.3913536071777
1702376583010,1664.2315673828125,1161.4853382110596
1702376583043,1724.2819213867188,1167.6418018341064
1702376583044,nan,nan
1702376583062,nan,nan
1702376583064,nan,nan
1702376583076,nan,nan
1702376583087,nan,nan
1702376583097,nan,nan
1702376583108,nan,nan
1702376583120,nan,nan
1702376583130,nan,nan
1702376583142,nan,nan
1702376583153,nan,nan
1702376583193,nan,nan
1702376583194,nan,nan
1702376583197,nan,nan
1702376583212,nan,nan
1702376583226,nan,nan
1702376583245,nan,nan
1702376583257,nan,nan
1702376583266,nan,nan
1702376583278,nan,nan
1702376583292,nan,nan
1702376583300,nan,nan
1702376583312,nan,nan
1702376583346,nan,nan
1702376583347,nan,nan
1702376583365,nan,nan
1702376583367,nan,nan
1702376583379,nan,nan
1702376583392,nan,nan
1702376583400,nan,nan
1702376583413,nan,nan
1702376583425,nan,nan
1702376583434,nan,nan
1702376583447,nan,nan
1702376583458,nan,nan
1702376583497,nan,nan
1702376583498,nan,nan
1702376583500,nan,nan
1702376583516,nan,nan
1702376583526,nan,nan
1702376583535,nan,nan
1702376583548,nan,nan
1702376583559,nan,nan
1702376583567,nan,nan
1702376583580,nan,nan
1702376583591,nan,nan
1702376583600,nan,nan
1702376583644,nan,nan
1702376583647,nan,nan
1702376583662,nan,nan
1702376583667,nan,nan
1702376583680,nan,nan
1702376583691,nan,nan
1702376583701,nan,nan
1702376583714,nan,nan
1702376583725,nan,nan
1702376583734,nan,nan
1702376583746,nan,nan
1702376583758,nan,nan
1702376583791,nan,nan
1702376583792,nan,nan
1702376583807,nan,nan
1702376583814,nan,nan
1702376583824,nan,nan
1702376583834,nan,nan
1702376583845,nan,nan
1702376583858,nan,nan
1702376583867,nan,nan
1702376583879,nan,nan
1702376583891,nan,nan
1702376583901,nan,nan
1702376583922,nan,nan
1702376583943,nan,nan
1702376583946,nan,nan
1702376583959,nan,nan
1702376583966,nan,nan
1702376583979,nan,nan
1702376583991,nan,nan
1702376584001,nan,nan
1702376584012,nan,nan
1702376584024,nan,nan
1702376584034,nan,nan
1702376584045,nan,nan
1702376584079,nan,nan
1702376584080,nan,nan
1702376584097,nan,nan
1702376584101,nan,nan
1702376584112,nan,nan
1702376584124,nan,nan
1702376584134,nan,nan
1702376584145,nan,nan
1702376584157,nan,nan
1702376584166,nan,nan
1702376584178,nan,nan
1702376584191,nan,nan
1702376584228,nan,nan
1702376584229,nan,nan
1702376584233,nan,nan
1702376584246,nan,nan
1702376584257,nan,nan
1702376584266,nan,nan
1702376584278,nan,nan
1702376584291,nan,nan
1702376584300,nan,nan
1702376584312,nan,nan
1702376584324,nan,nan
1702376584333,nan,nan
1702376584345,nan,nan
1702376584377,nan,nan
1702376584378,nan,nan
1702376584395,nan,nan
1702376584399,nan,nan
1702376584412,nan,nan
1702376584424,nan,nan
1702376584433,nan,nan
1702376584445,nan,nan
1702376584458,nan,nan
1702376584467,nan,nan
1702376584510,nan,nan
1702376584511,nan,nan
1702376584512,nan,nan
1702376584525,nan,nan
1702376584532,nan,nan
1702376584545,nan,nan
1702376584557,nan,nan
1702376584566,nan,nan
1702376584578,nan,nan
1702376584590,nan,nan
1702376584599,nan,nan
1702376584612,nan,nan
1702376584623,nan,nan
1702376584659,nan,nan
1702376584660,nan,nan
1702376584666,nan,nan
1702376584679,nan,nan
1702376584692,nan,nan
1702376584699,nan,nan
1702376584712,nan,nan
1702376584724,nan,nan
1702376584732,nan,nan
1702376584745,nan,nan
1702376584758,nan,nan
1702376584766,nan,nan
1702376584807,nan,nan
1702376584808,nan,nan
1702376584825,nan,nan
1702376584832,nan,nan
1702376584844,nan,nan
1702376584855,nan,nan
1702376584865,nan,nan
1702376584877,nan,nan
1702376584888,nan,nan
1702376584898,nan,nan
1702376584909,nan,nan
1702376584919,nan,nan
1702376584958,nan,nan
1702376584959,nan,nan
1702376584974,nan,nan
1702376584980,nan,nan
1702376584993,nan,nan
1702376585001,nan,nan
1702376585012,nan,nan
1702376585025,nan,nan
1702376585034,nan,nan
1702376585045,nan,nan
1702376585058,nan,nan
1702376585068,nan,nan
1702376585108,nan,nan
1702376585109,nan,nan
1702376585112,nan,nan
1702376585125,nan,nan
1702376585135,nan,nan
1702376585145,nan,nan
1702376585159,nan,nan
1702376585168,nan,nan
1702376585179,nan,nan
1702376585192,nan,nan
1702376585201,nan,nan
1702376585242,nan,nan
1702376585243,nan,nan
1702376585246,nan,nan
1702376585259,nan,nan
1702376585267,nan,nan
1702376585279,nan,nan
1702376585291,nan,nan
1702376585300,nan,nan
1702376585312,nan,nan
1702376585325,nan,nan
1702376585334,nan,nan
1702376585345,nan,nan
1702376585358,nan,nan
1702376585394,nan,nan
1702376585395,nan,nan
1702376585400,nan,nan
1702376585412,nan,nan
1702376585426,nan,nan
1702376585433,nan,nan
1702376585445,nan,nan
1702376585458,nan,nan
1702376585467,nan,nan
1702376585479,nan,nan
1702376585491,nan,nan
1702376585500,nan,nan
1702376585512,nan,nan
1702376585543,nan,nan
1702376585544,nan,nan
1702376585546,nan,nan
1702376585561,nan,nan
1702376585567,nan,nan
1702376585579,nan,nan
1702376585591,nan,nan
1702376585600,nan,nan
1702376585612,nan,nan
1702376585624,nan,nan
1702376585634,nan,nan
1702376585677,nan,nan
1702376585678,nan,nan
1702376585693,nan,nan
1702376585700,nan,nan
1702376585712,nan,nan
1702376585724,nan,nan
1702376585733,nan,nan
1702376585745,nan,nan
1702376585758,nan,nan
1702376585767,nan,nan
1702376585779,nan,nan
1702376585791,nan,nan
1702376585808,nan,nan
1702376585830,nan,nan
1702376585834,nan,nan
1702376585846,nan,nan
1702376585858,nan,nan
1702376585866,nan,nan
1702376585878,nan,nan
1702376585891,nan,nan
1702376585899,nan,nan
1702376585912,nan,nan
1702376585924,nan,nan
1702376585959,nan,nan
1702376585965,nan,nan
1702376585979,nan,nan
1702376585990,nan,nan
1702376586001,nan,nan
1702376586012,nan,nan
1702376586024,1138.33984375,1168.1003093719482
1702376586035,1138.33984375,1168.1003093719482
1702376586047,1138.33984375,1168.1003093719482
1702376586059,1060.8074188232422,1085.9661769866943
1702376586069,1060.8074188232422,1085.9661769866943
1702376586091,1060.8074188232422,1085.9661769866943
1702376586113,1019.8663330078125,1093.1944942474365
1702376586114,1019.8663330078125,1093.1944942474365
1702376586131,990.543098449707,1116.1756610870361
1702376586137,990.543098449707,1116.1756610870361
1702376586148,1126.3846969604492,1095.722894668579
1702376586160,1146.0118103027344,1087.0381593704224
1702376586170,1137.2895431518555,1078.3536386489868
1702376586181,1077.9287338256836,1091.594738960266
1702376586192,1100.0724792480469,1075.7795333862305
1702376586203,1115.783576965332,1054.1280126571655
1702376586243,1120.263671875,1050.2260208129883
1702376586244,1116.7072677612305,1052.7651929855347
1702376586247,1104.8370361328125,1042.5334882736206
1702376586261,1109.446029663086,1032.1723937988281
1702376586270,1101.174659729004,1031.2156820297241
1702376586281,1105.917854309082,1030.6765794754028
1702376586292,1111.7327117919922,1029.4789838790894
1702376586304,1108.3230209350586,1020.7551527023315
1702376586315,1116.6388320922852,1027.166576385498
1702376586326,1112.9479217529297,1027.8362274169922
1702376586337,1110.413589477539,1021.5586566925049
1702376586348,1107.5067138671875,1012.9179954528809
1702376586359,1111.5847396850586,1008.187050819397
1702376586399,1110.1630020141602,1006.9147396087646
1702376586404,1116.172866821289,1015.7699775695801
1702376586417,1111.0344314575195,1013.6385440826416
1702376586426,1110.6682205200195,1010.9710550308228
1702376586437,1108.2009887695312,1007.0824098587036
1702376586448,1108.2322692871094,1007.7759218215942
1702376586459,1106.2374114990234,1006.1677551269531
1702376586470,1108.977279663086,995.2242994308472
1702376586481,1113.2615661621094,996.2840938568115
1702376586492,1113.2103729248047,996.483907699585
1702376586503,1112.919578552246,995.6908321380615
1702376586514,1109.9597930908203,993.3710432052612
1702376586547,1109.4769287109375,992.721905708313
1702376586548,1108.1294631958008,987.4523305892944
1702376586565,1101.1418914794922,988.8932991027832
1702376586570,1091.0197067260742,996.8068885803223
1702376586582,1089.504165649414,993.660249710083
1702376586592,1138.078498840332,975.1297044754028
1702376586603,1293.3258056640625,918.502607345581
1702376586614,1329.4551086425781,907.7451038360596
1702376586626,1332.8108978271484,903.5309886932373
1702376586637,1342.6040649414062,891.3668489456177
1702376586648,1334.5366668701172,891.9832849502563
1702376586659,1330.3488159179688,893.4783267974854
1702376586698,1342.5713348388672,893.5960865020752
1702376586699,1351.6590881347656,896.1574029922485
1702376586704,1354.8438262939453,898.2622718811035
1702376586717,1351.148452758789,895.9778451919556
1702376586726,1351.5794372558594,898.3232975006104
1702376586737,1349.70458984375,899.7809600830078
1702376586748,1352.7677154541016,902.4977159500122
1702376586759,1351.3795471191406,898.3146286010742
1702376586770,1355.9843444824219,899.7526788711548
1702376586781,1356.3656616210938,902.6727247238159
1702376586793,1301.7101287841797,896.0263824462891
1702376586804,978.3504486083984,778.8077545166016
1702376586844,903.9540100097656,742.0321798324585
1702376586845,798.5446929931641,693.8193225860596
1702376586847,559.0921020507812,615.5016303062439
1702376586861,558.3988952636719,607.9333591461182
1702376586869,549.8776245117188,607.2191619873047
1702376586881,550.5810928344727,605.4962396621704
1702376586892,546.5542411804199,599.0132975578308
1702376586903,541.7588424682617,598.7780141830444
1702376586914,535.7612800598145,597.9655623435974
1702376586925,537.0556831359863,615.8509826660156
1702376586936,544.2577934265137,622.7374148368835
1702376586980,552.484073638916,626.2082147598267
1702376586981,550.9911346435547,619.1738319396973
1702376586999,546.6532897949219,611.3502788543701
1702376587003,543.6847877502441,610.2134728431702
1702376587015,541.384220123291,607.8252983093262
1702376587026,547.6738739013672,613.7397193908691
1702376587036,617.8484725952148,615.5169725418091
1702376587047,633.4044456481934,618.878960609436
1702376587059,645.3900718688965,607.4706888198853
1702376587070,639.7374153137207,610.5878019332886
1702376587081,640.2756690979004,612.0624589920044
1702376587092,638.7800788879395,621.9617629051208
1702376587132,633.2189178466797,615.9797716140747
1702376587133,637.756462097168,614.9942636489868
1702376587137,631.6564559936523,623.7588214874268
1702376587149,637.4515724182129,622.9860663414001
1702376587159,638.5737228393555,611.0785388946533
1702376587170,639.6499443054199,607.9862523078918
1702376587181,627.4536895751953,605.1872277259827
1702376587192,626.8634605407715,606.6350197792053
1702376587203,627.3269081115723,610.4737973213196
1702376587213,632.2830200195312,612.1776008605957
1702376587225,641.2571907043457,610.8709573745728
1702376587236,639.6639823913574,605.2032351493835
1702376587247,646.7523002624512,615.8562397956848
1702376587282,656.2264251708984,637.5018167495728
1702376587283,890.0477600097656,655.4802775382996
1702376587291,1029.8566436767578,652.853193283081
1702376587301,1274.3484497070312,808.104772567749
1702376587312,nan,nan
1702376587324,nan,nan
1702376587334,nan,nan
1702376587345,nan,nan
1702376587357,nan,nan
1702376587367,nan,nan
1702376587379,nan,nan
1702376587390,nan,nan
1702376587433,nan,nan
1702376587434,nan,nan
1702376587449,nan,nan
1702376587456,nan,nan
1702376587468,nan,nan
1702376587478,nan,nan
1702376587489,nan,nan
1702376587500,nan,nan
1702376587511,nan,nan
1702376587522,nan,nan
1702376587533,nan,nan
1702376587544,nan,nan
1702376587580,nan,nan
1702376587598,nan,nan
1702376587602,nan,nan
1702376587614,nan,nan
1702376587626,nan,nan
1702376587636,nan,nan
1702376587647,nan,nan
1702376587659,nan,nan
1702376587670,nan,nan
1702376587681,nan,nan
1702376587693,nan,nan
1702376587712,nan,nan
1702376587731,nan,nan
1702376587732,nan,nan
1702376587735,nan,nan
1702376587750,nan,nan
1702376587759,nan,nan
1702376587769,nan,nan
1702376587781,nan,nan
1702376587793,nan,nan
1702376587802,nan,nan
1702376587815,nan,nan
1702376587834,nan,nan
1702376587847,nan,nan
1702376587881,nan,nan
1702376587882,nan,nan
1702376587892,nan,nan
1702376587904,1461.56982421875,859.438304901123
1702376587916,1461.56982421875,859.438304901123
1702376587926,1476.0565185546875,828.634786605835
1702376587937,1484.1957092285156,760.0177001953125
1702376587948,1478.3453369140625,767.186450958252
1702376587958,1482.9153442382812,770.5644035339355
1702376587969,1474.3643188476562,771.1707973480225
1702376587980,1479.6128845214844,764.6167659759521
1702376587992,1479.3797302246094,775.7081508636475
1702376588031,1474.8504638671875,780.4352760314941
1702376588036,1472.6048278808594,786.798849105835
1702376588051,1473.86474609375,783.8939094543457
1702376588059,1467.8114318847656,789.352912902832
1702376588071,1470.9068298339844,794.4303131103516
1702376588081,1470.7847595214844,797.4756717681885
1702376588092,1470.4071044921875,790.674877166748
1702376588103,1477.152099609375,778.3069324493408
1702376588114,1469.5787048339844,774.8476982116699
1702376588126,1465.4212951660156,775.4059410095215
1702376588136,1426.3320922851562,769.8841094970703
1702376588148,1391.8461608886719,760.4744911193848
1702376588182,1370.6423950195312,765.111837387085
1702376588201,1287.4293518066406,760.0896263122559
1702376588203,1293.7300109863281,771.2539672851562
1702376588216,1298.2069396972656,777.1580028533936
1702376588226,1295.4052734375,773.9456176757812
1702376588236,1295.9376525878906,777.7834510803223
1702376588248,1295.57373046875,771.7607975006104
1702376588259,1304.3882751464844,771.9891929626465
1702376588270,1297.9396057128906,768.6686611175537
1702376588281,1292.3501586914062,772.972469329834
1702376588293,1289.2459106445312,776.9622230529785
1702376588303,1300.9368896484375,774.2492008209229
1702376588315,1307.933349609375,776.7898750305176
1702376588347,1310.2091979980469,776.7098808288574
1702376588348,1303.7432861328125,773.3985328674316
1702376588359,1295.8682250976562,767.6654720306396
1702376588369,1297.7690124511719,771.300745010376
1702376588381,1305.732421875,774.5738124847412
1702376588392,1304.4064331054688,775.0242519378662
1702376588403,1304.6176147460938,776.1281204223633
1702376588414,1307.2274780273438,772.1012878417969
1702376588425,1309.359130859375,775.5144309997559
1702376588436,1304.9064636230469,779.6108722686768
1702376588447,1303.4330749511719,782.1691417694092
1702376588459,1301.5620422363281,775.5666160583496
1702376588499,1302.2434997558594,773.5011005401611
1702376588503,1298.5002136230469,790.449914932251
1702376588518,1295.2142333984375,784.1836738586426
1702376588526,1295.5459594726562,776.93115234375
1702376588537,1296.0244750976562,785.4724216461182
1702376588547,1299.0237426757812,791.4064121246338
