timestamp,x,y
1704792474218,388.4602165222168,222.52547979354858
1704792474219,394.6318244934082,222.32015132904053
1704792474232,364.5275115966797,209.36893343925476
1704792474241,358.23015213012695,214.17875111103058
1704792474253,350.08148193359375,210.86059033870697
1704792474263,340.700626373291,206.67009741067886
1704792474274,334.28866386413574,197.7424156665802
1704792474286,334.668607711792,207.6874405145645
1704792474297,369.50730323791504,217.44215190410614
1704792474308,363.08027267456055,225.29825627803802
1704792474319,354.97097969055176,217.21682488918304
1704792474330,350.8319854736328,229.2698621749878
1704792474347,363.77171516418457,221.20807528495789
1704792474372,371.619291305542,226.7694854736328
1704792474373,368.8370895385742,213.54754149913788
1704792474374,377.06360816955566,223.5917866230011
1704792474389,412.8414535522461,229.27383184432983
1704792474397,563.3708000183105,220.88020205497742
1704792474408,593.1173133850098,213.02418887615204
1704792474419,597.4558258056641,202.98109710216522
1704792474430,589.5437812805176,212.89860785007477
1704792474441,592.0314788818359,211.27354323863983
1704792474453,581.590461730957,211.9170105457306
1704792474464,589.9503707885742,222.3491621017456
1704792474475,588.2474136352539,224.654021859169
1704792474486,592.0853614807129,227.45750963687897
1704792474497,581.8084716796875,209.504052400589
1704792474537,586.981315612793,211.15284383296967
1704792474538,599.7514915466309,220.190327167511
1704792474542,820.4303741455078,241.3090431690216
1704792474553,862.1004104614258,226.4152729511261
1704792474563,899.6860122680664,241.939115524292
1704792474574,913.5456466674805,239.5401906967163
1704792474586,910.3629684448242,244.52869176864624
1704792474596,910.9300994873047,237.67942428588867
1704792474608,912.2100067138672,235.99637031555176
1704792474619,911.1178588867188,233.69332909584045
1704792474630,917.9454040527344,240.78072309494019
1704792474641,911.9080352783203,240.97344517707825
1704792474652,913.0181884765625,248.6685848236084
1704792474663,905.6135177612305,245.5624794960022
1704792474674,902.9795837402344,250.41425228118896
1704792474713,903.903694152832,235.29875993728638
1704792474714,917.3208618164062,242.23011374473572
1704792474719,905.9399795532227,262.93291568756104
1704792474730,995.5231094360352,242.0470154285431
1704792474743,1043.4869766235352,240.82986116409302
1704792474752,1120.3245544433594,241.42449617385864
1704792474763,1279.4137954711914,264.61946725845337
1704792474774,1305.2628707885742,264.8714232444763
1704792474786,1308.4428787231445,246.60876631736755
1704792474797,1300.4488372802734,241.11473321914673
1704792474808,1295.4791641235352,232.45105862617493
1704792474819,1292.0664978027344,243.40200304985046
1704792474859,1274.2185974121094,246.64916038513184
1704792474864,1292.9768371582031,237.47397780418396
1704792474877,1296.0428619384766,244.69130873680115
1704792474886,1304.3327331542969,263.29611897468567
1704792474897,1287.4735260009766,277.9521918296814
1704792474908,1285.9802627563477,254.92251992225647
1704792474919,1277.8822708129883,239.34094548225403
1704792474930,1282.7131652832031,197.01780080795288
1704792474941,1281.7688751220703,186.03108644485474
1704792474952,1283.9677429199219,187.07162261009216
1704792474992,1291.5830993652344,201.0757040977478
1704792474996,1282.1784973144531,201.1839473247528
1704792475011,1273.9632034301758,215.1225507259369
1704792475019,1265.3589630126953,227.0374059677124
1704792475029,1266.4407348632812,229.75554585456848
1704792475040,1263.6576843261719,231.0932493209839
1704792475052,1247.941017150879,223.14400792121887
1704792475062,1137.8779602050781,124.17011976242065
1704792475074,1137.5104522705078,116.35097421705723
1704792475085,1144.545783996582,126.07684180140495
1704792475096,1191.065788269043,253.1427776813507
1704792475108,1190.5218887329102,273.8340353965759
1704792475150,1188.7347030639648,288.60708475112915
1704792475151,1148.8742065429688,226.42608761787415
1704792475152,1171.7165756225586,200.5125206708908
1704792475170,1213.9602661132812,469.06251311302185
1704792475173,1226.4971160888672,544.1633248329163
1704792475185,1235.2374649047852,574.1088366508484
1704792475195,nan,nan
1704792475206,nan,nan
1704792475217,nan,nan
1704792475229,1531.2052917480469,601.1016225814819
1704792475240,1548.5475158691406,555.9177732467651
1704792475252,1469.6441650390625,370.7881987094879
1704792475296,1524.854736328125,236.61333203315735
1704792475297,1520.8193969726562,201.22150897979736
1704792475315,1520.3068542480469,174.75265502929688
1704792475318,1532.256088256836,189.09971058368683
1704792475330,1525.616683959961,197.3723566532135
1704792475340,1520.8748626708984,207.6828646659851
1704792475352,1489.019775390625,202.21256375312805
1704792475363,1502.9344940185547,306.15493297576904
1704792475372,1506.72119140625,338.7913656234741
1704792475383,1653.6962890625,541.1367416381836
1704792475394,nan,nan
1704792475405,nan,nan
1704792475416,nan,nan
1704792475461,nan,nan
1704792475462,nan,nan
1704792475473,nan,nan
1704792475485,2096.4132690429688,455.2692747116089
1704792475497,1703.7712097167969,536.6350078582764
1704792475506,1694.5474243164062,497.05753326416016
1704792475518,1654.5891571044922,438.8276982307434
1704792475529,1639.9175262451172,222.97859072685242
1704792475540,1642.2380828857422,227.4581801891327
1704792475552,1642.8459167480469,219.01857733726501
1704792475563,1646.4595794677734,195.70334672927856
1704792475574,1655.8809661865234,186.59510672092438
1704792475616,1654.9578094482422,193.53577315807343
1704792475618,1656.932373046875,194.1336750984192
1704792475619,1658.3978271484375,187.6193082332611
1704792475638,1786.5873718261719,209.51642274856567
1704792475640,1831.2921142578125,203.74819815158844
1704792475652,1867.0321655273438,206.65686070919037
1704792475663,1903.5169219970703,162.92538464069366
1704792475674,1889.1502380371094,173.94370079040527
1704792475685,1886.9419860839844,177.98185765743256
1704792475695,1871.95068359375,179.80993330478668
1704792475707,1887.8170013427734,184.56514656543732
1704792475719,1892.2611236572266,181.36978805065155
1704792475729,1903.1974029541016,180.36551535129547
1704792475740,1890.7837677001953,177.52317309379578
1704792475784,1881.1260986328125,178.76896798610687
1704792475786,1874.534912109375,177.50413477420807
1704792475810,1894.7290802001953,184.20429825782776
1704792475811,1882.8936004638672,170.64306020736694
1704792475818,1895.2873229980469,157.3682177066803
1704792475832,1895.5944061279297,162.75681853294373
1704792475841,1900.7632446289062,178.22409331798553
1704792475852,1893.7750244140625,181.8308275938034
1704792475863,1893.5446166992188,191.5662431716919
1704792475874,1905.536880493164,187.4690455198288
1704792475885,1926.003189086914,191.4771455526352
1704792475896,1965.8604431152344,210.4696637392044
1704792475907,1980.6681060791016,202.49358415603638
1704792475949,1979.9722290039062,204.8646354675293
1704792475950,1987.316665649414,206.20957553386688
1704792475951,1987.8981018066406,191.17003262043
1704792475965,1974.6895599365234,208.03250133991241
1704792475973,1967.1015930175781,231.08763813972473
1704792475984,1973.9358520507812,227.68794894218445
1704792475995,1988.9775085449219,199.7332262992859
1704792476007,1991.9566345214844,212.52611339092255
1704792476018,1988.4458923339844,210.00125348567963
1704792476029,2003.3505249023438,214.29004669189453
1704792476040,2010.8314514160156,204.3348240852356
1704792476051,2006.8135070800781,201.79286241531372
1704792476092,2010.552749633789,198.2603931427002
1704792476096,1909.641342163086,188.9741027355194
1704792476108,1879.1407775878906,175.42680144309998
1704792476118,1850.7964324951172,190.09228885173798
1704792476131,1822.6997375488281,191.03412508964539
1704792476140,1832.330093383789,192.02300190925598
1704792476152,1854.405746459961,181.13535225391388
1704792476163,1869.1719055175781,170.38836300373077
1704792476174,1861.331558227539,174.90699470043182
1704792476185,1864.6693420410156,179.00527596473694
1704792476196,1878.685073852539,166.15794003009796
1704792476207,1897.6042938232422,155.45540034770966
1704792476248,1893.877182006836,152.2360736131668
1704792476252,1862.7481842041016,152.20416069030762
1704792476263,1866.170654296875,135.83679020404816
1704792476275,1873.863525390625,155.27210891246796
1704792476285,1879.1572570800781,142.71363615989685
1704792476296,1875.714340209961,153.08023989200592
1704792476306,1889.4198608398438,150.15892267227173
1704792476318,1920.4405975341797,156.76407158374786
1704792476328,1996.4641571044922,173.86126041412354
1704792476340,2011.7731475830078,162.60472655296326
1704792476351,2019.7895812988281,158.6918020248413
1704792476390,2028.829116821289,144.0574336051941
1704792476391,2019.6421813964844,135.5040407180786
1704792476395,2034.2236328125,131.58786535263062
1704792476407,2029.548568725586,146.66784524917603
1704792476417,1982.0484161376953,164.92418825626373
1704792476428,1336.4490509033203,156.84749901294708
1704792476439,1243.8212203979492,176.74165785312653
1704792476450,1165.2386093139648,169.03626143932343
1704792476461,711.0121917724609,121.4633846282959
1704792476472,595.8845138549805,27.011813521385193
1704792476484,326.6801071166992,20.375158041715622
1704792476495,399.3647766113281,308.2932221889496
1704792476505,393.48191261291504,297.8462219238281
1704792476543,382.7587604522705,301.0709881782532
1704792476544,291.8522834777832,224.86774563789368
1704792476550,284.0570259094238,220.24455070495605
1704792476561,316.614408493042,233.0201804637909
1704792476572,324.045934677124,236.99909806251526
1704792476584,325.56652069091797,226.94191932678223
1704792476595,315.3085422515869,213.09916198253632
1704792476605,307.20659255981445,213.03400039672852
1704792476617,293.9471435546875,203.04722428321838
1704792476628,203.19151878356934,149.8684085905552
1704792476639,188.6708641052246,174.68059211969376
1704792476651,186.16743564605713,194.86467361450195
1704792476662,226.69078826904297,235.6939458847046
1704792476673,208.58963012695312,222.88421988487244
1704792476711,203.6550521850586,226.44652605056763
1704792476712,110.04547595977783,135.7986679673195
1704792476716,64.49465900659561,178.73221099376678
1704792476732,177.98423290252686,248.41843128204346
1704792476741,179.8965358734131,252.85924673080444
1704792476751,181.56938552856445,240.43317317962646
1704792476761,166.61373615264893,181.53529107570648
1704792476772,302.3372459411621,191.45654618740082
1704792476783,360.63804626464844,226.05401158332825
1704792476795,435.157413482666,201.48133993148804
1704792476806,425.79219818115234,195.1470673084259
1704792476817,420.8905029296875,183.67476046085358
1704792476829,464.90774154663086,202.34208226203918
1704792476862,469.24909591674805,195.34994423389435
1704792476863,478.8785934448242,190.44030010700226
1704792476879,456.2423515319824,190.98116755485535
1704792476885,435.2716636657715,206.20506405830383
1704792476896,339.62743759155273,205.44010877609253
1704792476904,275.8322334289551,234.84870672225952
1704792476915,315.70308685302734,416.5559434890747
1704792476926,nan,nan
1704792476937,nan,nan
1704792476948,nan,nan
1704792476961,870.0796508789062,437.95647382736206
1704792476972,857.432746887207,414.9218773841858
1704792477009,857.432746887207,414.9218773841858
1704792477010,906.3055801391602,141.60227358341217
1704792477017,905.6132125854492,119.49241697788239
1704792477028,914.6094131469727,118.71828854084015
1704792477039,928.4818267822266,130.40895402431488
1704792477050,955.2402877807617,173.2939249277115
1704792477062,948.0281829833984,168.7828141450882
1704792477072,945.4217529296875,173.74608635902405
1704792477084,929.4173431396484,150.5590546131134
1704792477095,927.890625,156.09790205955505
1704792477105,926.9208908081055,150.78284204006195
1704792477117,916.1877059936523,160.15684068202972
1704792477128,990.3445053100586,157.16597378253937
1704792477179,1001.2165069580078,162.64251351356506
1704792477180,1161.4629745483398,154.6659940481186
1704792477184,1169.0068054199219,144.2458587884903
1704792477201,1177.7778625488281,147.36343324184418
1704792477205,1174.2786407470703,141.10568404197693
1704792477220,1169.3457794189453,137.7693110704422
1704792477228,1185.1794815063477,147.0818817615509
1704792477239,1188.7430572509766,147.79913127422333
1704792477251,1187.320327758789,149.1687422990799
1704792477262,1164.2528533935547,133.01084697246552
1704792477271,1174.7578048706055,139.21193718910217
1704792477283,1224.3730926513672,145.2614289522171
1704792477294,1347.3977661132812,154.39164698123932
1704792477336,1362.9264831542969,152.20865070819855
1704792477338,1371.5988159179688,163.6102169752121
1704792477356,1122.8126907348633,73.33688512444496
1704792477361,1340.2969360351562,166.79584980010986
1704792477373,1355.4574584960938,172.80945897102356
1704792477383,1357.9104614257812,180.76704740524292
1704792477394,1345.3829956054688,181.60078525543213
1704792477405,1340.4733276367188,187.4280023574829
1704792477416,1346.6514587402344,183.23858499526978
1704792477426,1408.8737487792969,175.59263706207275
1704792477437,1434.4047546386719,161.50823950767517
1704792477448,1453.9128112792969,160.91365814208984
1704792477460,1541.8437194824219,105.60767769813538
1704792477492,1550.5197143554688,111.55129194259644
1704792477493,1563.6241149902344,104.98109221458435
1704792477510,1579.4032287597656,115.84295511245728
1704792477515,1577.1412658691406,123.20641279220581
1704792477526,1574.8312377929688,131.3992953300476
1704792477537,1581.4006042480469,146.6484797000885
1704792477548,1582.8526306152344,145.07877588272095
1704792477560,1590.3981018066406,158.74114394187927
1704792477571,1613.7748718261719,161.1682426929474
1704792477582,1644.1769409179688,178.38229537010193
1704792477593,1772.120361328125,194.03752326965332
1704792477605,1776.0014343261719,175.35263299942017
1704792477624,1787.6763916015625,153.5620129108429
1704792477643,1838.7345886230469,183.61985564231873
1704792477650,1837.4264526367188,186.09685957431793
1704792477661,1831.592788696289,179.90126252174377
1704792477674,1831.380615234375,180.70385456085205
1704792477683,1832.138442993164,173.89800131320953
1704792477694,1830.0868225097656,192.28504300117493
1704792477705,1832.3060607910156,204.78033900260925
1704792477716,1844.6107482910156,211.20781302452087
1704792477727,1850.9683990478516,227.67844319343567
1704792477738,1851.5068054199219,226.34576082229614
1704792477750,1802.9883575439453,278.92276525497437
1704792477762,1612.8636932373047,583.2870769500732
1704792477795,1565.4782104492188,675.3057074546814
1704792477796,1551.4104461669922,697.0170736312866
1704792477814,1544.6038055419922,715.888237953186
1704792477817,1548.7158966064453,726.8212652206421
1704792477830,1547.8755187988281,715.5955767631531
1704792477839,1544.3362426757812,706.0964155197144
1704792477850,1539.0457916259766,702.5024914741516
1704792477861,1529.6440124511719,702.4570441246033
1704792477872,1542.3885345458984,725.8777713775635
1704792477884,1546.5695190429688,723.6889815330505
1704792477895,1568.0181121826172,740.3802394866943
1704792477906,1561.2726593017578,732.7544617652893
1704792477958,1550.6759643554688,748.2836580276489
1704792477959,1545.6094360351562,744.4257187843323
1704792477961,1684.8086547851562,1257.3702335357666
1704792477976,1698.7699890136719,1327.23886013031
1704792477981,1710.99365234375,1384.2281198501587
1704792477993,nan,nan
1704792478004,nan,nan
1704792478014,nan,nan
1704792478026,nan,nan
1704792478037,nan,nan
1704792478048,nan,nan
1704792478059,nan,nan
1704792478070,nan,nan
1704792478090,nan,nan
1704792478111,nan,nan
1704792478114,nan,nan
1704792478125,nan,nan
1704792478136,nan,nan
1704792478155,nan,nan
1704792478172,nan,nan
1704792478183,nan,nan
1704792478194,nan,nan
1704792478213,nan,nan
1704792478259,nan,nan
1704792478260,nan,nan
1704792478262,nan,nan
1704792478278,nan,nan
1704792478285,nan,nan
1704792478297,nan,nan
1704792478306,nan,nan
1704792478325,nan,nan
1704792478343,nan,nan
1704792478354,nan,nan
1704792478363,nan,nan
1704792478376,nan,nan
1704792478411,nan,nan
1704792478412,nan,nan
1704792478420,nan,nan
1704792478431,nan,nan
1704792478445,nan,nan
1704792478454,nan,nan
1704792478464,nan,nan
1704792478476,nan,nan
1704792478487,nan,nan
1704792478498,nan,nan
1704792478509,nan,nan
1704792478521,nan,nan
1704792478538,nan,nan
1704792478561,nan,nan
1704792478563,nan,nan
1704792478581,nan,nan
1704792478589,nan,nan
1704792478597,nan,nan
1704792478609,nan,nan
1704792478620,nan,nan
1704792478630,nan,nan
1704792478642,nan,nan
1704792478654,nan,nan
1704792478664,nan,nan
1704792478676,nan,nan
1704792478709,nan,nan
1704792478710,nan,nan
1704792478725,nan,nan
1704792478731,nan,nan
1704792478744,nan,nan
1704792478754,nan,nan
1704792478764,nan,nan
1704792478775,nan,nan
1704792478786,nan,nan
1704792478797,nan,nan
1704792478809,nan,nan
1704792478820,nan,nan
1704792478858,nan,nan
1704792478862,nan,nan
1704792478877,nan,nan
1704792478889,nan,nan
1704792478899,nan,nan
1704792478911,nan,nan
1704792478921,nan,nan
1704792478932,nan,nan
1704792478944,nan,nan
1704792478955,nan,nan
1704792478991,nan,nan
1704792478992,nan,nan
1704792479006,nan,nan
1704792479025,nan,nan
1704792479042,nan,nan
1704792479059,nan,nan
1704792479070,nan,nan
1704792479081,nan,nan
1704792479093,nan,nan
1704792479128,nan,nan
1704792479137,922.0596313476562,193.9917540550232
1704792479147,949.4773101806641,202.59827613830566
1704792479158,942.5617980957031,200.89887142181396
1704792479171,964.6689224243164,250.78896760940552
1704792479182,956.884651184082,266.89314365386963
1704792479193,963.7168502807617,270.84912300109863
1704792479205,962.5391006469727,273.8769721984863
1704792479215,972.630729675293,275.299369096756
1704792479226,969.635124206543,268.76973509788513
1704792479238,975.3631591796875,272.0253252983093
1704792479259,973.088264465332,261.43675804138184
1704792479279,970.7675552368164,268.89973640441895
1704792479282,966.1382675170898,273.9432764053345
1704792479297,972.8003311157227,276.77024960517883
1704792479305,964.4684219360352,277.80896186828613
1704792479316,970.4434967041016,286.03484630584717
1704792479326,966.1590576171875,283.2957100868225
1704792479338,980.7627868652344,297.280490398407
1704792479349,970.070915222168,288.71062874794006
1704792479360,972.8160858154297,283.7360751628876
1704792479371,1062.0553970336914,384.63303208351135
1704792479409,1113.2932662963867,439.30800676345825
1704792479415,1312.5584030151367,666.8066239356995
1704792479427,1320.0267028808594,674.2194771766663
1704792479437,1333.477554321289,692.5516891479492
1704792479448,1339.8372650146484,701.8656063079834
1704792479459,1323.9612579345703,708.2268404960632
1704792479470,1328.193588256836,703.4249567985535
1704792479481,1326.5074920654297,704.8819756507874
1704792479492,1349.3939208984375,688.0196785926819
1704792479504,1350.7942962646484,695.142982006073
1704792479515,1353.4335327148438,698.5303544998169
1704792479526,1348.574447631836,690.7179808616638
1704792479559,1348.5504913330078,681.5101504325867
1704792479560,1339.0106964111328,691.5680694580078
1704792479575,1336.8244934082031,693.3728957176208
1704792479582,1367.259750366211,703.692147731781
1704792479593,1463.5963439941406,673.1970620155334
1704792479604,1835.4772186279297,634.1839456558228
1704792479615,2003.3914184570312,529.6017837524414
1704792479626,2054.041290283203,523.8882493972778
1704792479638,2050.179214477539,514.9494981765747
1704792479650,2047.9768371582031,507.62972831726074
1704792479660,2048.755416870117,495.28435707092285
1704792479671,2041.5641784667969,508.5641670227051
1704792479714,2039.0056610107422,506.38893842697144
1704792479715,2020.8799743652344,516.6492033004761
1704792479716,2021.0289764404297,509.8052787780762
1704792479731,2035.9029388427734,498.3663868904114
1704792479739,2035.8284759521484,490.87929010391235
1704792479748,2035.5360412597656,486.96993827819824
1704792479759,2034.1671752929688,493.14290285110474
1704792479770,2042.8616333007812,487.23180770874023
1704792479781,2034.8036193847656,499.7604274749756
1704792479792,2035.937728881836,499.06320333480835
1704792479804,1978.3032989501953,466.7365336418152
1704792479815,1966.5855407714844,471.86283588409424
1704792479827,1962.0903778076172,466.43616914749146
1704792479864,1976.9181823730469,480.67408561706543
1704792479871,1976.5965270996094,473.1123375892639
1704792479882,1975.7063293457031,508.83631467819214
1704792479893,1965.0894927978516,527.4450731277466
1704792479904,1933.0029296875,727.179479598999
1704792479914,nan,nan
1704792479924,nan,nan
1704792479935,nan,nan
1704792479946,nan,nan
1704792479957,nan,nan
1704792479968,nan,nan
1704792480013,nan,nan
1704792480014,nan,nan
1704792480024,nan,nan
1704792480036,nan,nan
1704792480044,nan,nan
1704792480061,nan,nan
1704792480080,nan,nan
1704792480091,nan,nan
1704792480102,nan,nan
1704792480113,nan,nan
1704792480125,nan,nan
1704792480163,nan,nan
1704792480164,nan,nan
1704792480169,nan,nan
1704792480181,nan,nan
1704792480192,nan,nan
1704792480202,nan,nan
1704792480214,nan,nan
1704792480225,nan,nan
1704792480235,nan,nan
1704792480246,nan,nan
1704792480258,nan,nan
1704792480268,nan,nan
1704792480310,nan,nan
1704792480311,nan,nan
1704792480313,nan,nan
1704792480328,nan,nan
1704792480335,nan,nan
1704792480347,nan,nan
1704792480358,nan,nan
1704792480369,nan,nan
1704792480380,nan,nan
1704792480392,nan,nan
1704792480402,nan,nan
1704792480414,nan,nan
1704792480424,nan,nan
1704792480460,nan,nan
1704792480461,nan,nan
1704792480468,nan,nan
1704792480480,nan,nan
1704792480492,nan,nan
1704792480502,nan,nan
1704792480514,nan,nan
1704792480525,nan,nan
1704792480535,nan,nan
1704792480547,nan,nan
1704792480558,nan,nan
1704792480594,nan,nan
1704792480595,nan,nan
1704792480602,nan,nan
1704792480614,nan,nan
1704792480625,nan,nan
1704792480635,nan,nan
1704792480646,nan,nan
1704792480657,nan,nan
1704792480668,nan,nan
1704792480679,nan,nan
1704792480691,nan,nan
1704792480701,nan,nan
1704792480743,nan,nan
1704792480745,nan,nan
1704792480747,nan,nan
1704792480765,nan,nan
1704792480781,nan,nan
1704792480793,nan,nan
1704792480804,nan,nan
1704792480816,nan,nan
1704792480828,1621.6595458984375,592.5259351730347
1704792480839,1545.7588195800781,618.5601425170898
1704792480877,1557.4085998535156,624.2877745628357
1704792480878,1548.1969451904297,635.8461213111877
1704792480884,1550.6486511230469,641.8949747085571
1704792480895,1552.7462768554688,631.539158821106
1704792480908,1562.0056915283203,629.7976326942444
1704792480917,1558.4468841552734,607.8807878494263
1704792480929,1559.8814392089844,609.8659443855286
1704792480939,1486.0320281982422,601.5177297592163
1704792480951,1417.8339385986328,612.0735740661621
1704792480962,1342.6497268676758,668.8595652580261
1704792480973,1316.1642456054688,670.1856279373169
1704792480985,1317.787094116211,664.4022274017334
1704792480996,1307.8045272827148,653.8560390472412
1704792481029,1299.9165725708008,653.216986656189
1704792481030,1319.0093231201172,676.0719180107117
1704792481041,1331.8415069580078,677.6681971549988
1704792481051,1319.1608428955078,670.8300232887268
1704792481063,1319.468765258789,668.1233310699463
1704792481073,1306.4835357666016,673.9579081535339
1704792481084,1312.3184204101562,688.3501267433167
1704792481094,1303.9360046386719,689.7126460075378
1704792481106,1307.1484375,708.2884454727173
1704792481117,1302.6156997680664,700.4866719245911
1704792481129,1311.833267211914,707.6393723487854
1704792481140,1314.738998413086,699.0885758399963
1704792481159,1317.2954559326172,703.9175391197205
1704792481181,1314.8628234863281,695.7496547698975
1704792481182,1310.0287628173828,693.1170988082886
1704792481183,1315.571060180664,693.8671731948853
1704792481199,1318.3467102050781,687.6598334312439
1704792481207,1316.382827758789,691.6495442390442
1704792481218,1314.56298828125,688.965425491333
1704792481228,1320.6039428710938,692.6211905479431
1704792481239,1326.3715362548828,696.363000869751
1704792481250,1319.9471282958984,688.6786222457886
1704792481261,1356.6299438476562,706.9094252586365
1704792481273,1697.1949768066406,992.3339939117432
1704792481282,1766.7024230957031,1040.44273853302
1704792481293,1801.1050415039062,1095.4185390472412
1704792481330,nan,nan
1704792481331,nan,nan
1704792481337,nan,nan
1704792481348,nan,nan
1704792481360,nan,nan
1704792481370,nan,nan
1704792481380,nan,nan
1704792481392,nan,nan
1704792481403,nan,nan
1704792481414,nan,nan
1704792481426,nan,nan
1704792481436,nan,nan
1704792481448,nan,nan
1704792481480,nan,nan
1704792481481,nan,nan
1704792481498,nan,nan
1704792481502,nan,nan
1704792481520,nan,nan
1704792481538,nan,nan
1704792481549,nan,nan
1704792481561,nan,nan
1704792481571,nan,nan
1704792481583,nan,nan
1704792481594,nan,nan
1704792481629,nan,nan
1704792481630,nan,nan
1704792481638,nan,nan
1704792481650,nan,nan
1704792481661,nan,nan
1704792481671,nan,nan
1704792481683,nan,nan
1704792481694,nan,nan
1704792481704,nan,nan
1704792481716,nan,nan
1704792481734,nan,nan
1704792481760,nan,nan
1704792481761,nan,nan
1704792481776,nan,nan
1704792481783,nan,nan
1704792481795,nan,nan
1704792481805,nan,nan
1704792481816,nan,nan
1704792481828,nan,nan
1704792481838,nan,nan
1704792481849,nan,nan
1704792481860,nan,nan
1704792481871,nan,nan
1704792481912,nan,nan
1704792481913,nan,nan
1704792481917,nan,nan
1704792481934,nan,nan
1704792481951,nan,nan
1704792481960,nan,nan
1704792481971,nan,nan
1704792481982,nan,nan
1704792481994,nan,nan
1704792482005,nan,nan
1704792482016,nan,nan
1704792482047,nan,nan
1704792482048,nan,nan
1704792482049,nan,nan
1704792482065,nan,nan
1704792482071,nan,nan
1704792482083,nan,nan
1704792482093,nan,nan
1704792482104,nan,nan
1704792482115,nan,nan
1704792482127,nan,nan
1704792482138,nan,nan
1704792482149,nan,nan
1704792482160,nan,nan
1704792482194,nan,nan
1704792482211,nan,nan
1704792482215,nan,nan
1704792482226,nan,nan
1704792482237,nan,nan
1704792482249,nan,nan
1704792482260,nan,nan
1704792482271,nan,nan
1704792482282,nan,nan
1704792482293,nan,nan
1704792482327,nan,nan
1704792482328,nan,nan
1704792482343,nan,nan
1704792482349,nan,nan
1704792482361,nan,nan
1704792482371,nan,nan
1704792482382,nan,nan
1704792482393,nan,nan
1704792482404,nan,nan
1704792482415,nan,nan
1704792482426,nan,nan
1704792482437,nan,nan
1704792482478,nan,nan
1704792482479,nan,nan
1704792482482,nan,nan
1704792482494,nan,nan
1704792482504,nan,nan
1704792482515,nan,nan
1704792482527,nan,nan
1704792482538,nan,nan
1704792482549,nan,nan
1704792482560,nan,nan
1704792482571,nan,nan
1704792482583,nan,nan
1704792482593,nan,nan
1704792482631,nan,nan
1704792482632,nan,nan
1704792482637,nan,nan
1704792482657,nan,nan
1704792482674,nan,nan
1704792482686,nan,nan
1704792482697,nan,nan
1704792482708,nan,nan
1704792482719,nan,nan
1704792482736,nan,nan
1704792482761,nan,nan
1704792482762,nan,nan
1704792482763,nan,nan
1704792482778,nan,nan
1704792482785,nan,nan
1704792482797,nan,nan
1704792482807,nan,nan
1704792482819,nan,nan
1704792482830,nan,nan
1704792482841,nan,nan
1704792482852,nan,nan
1704792482864,nan,nan
1704792482875,nan,nan
1704792482913,nan,nan
1704792482914,nan,nan
1704792482919,nan,nan
1704792482930,nan,nan
1704792482941,nan,nan
1704792482952,nan,nan
1704792482963,nan,nan
1704792482974,nan,nan
1704792482985,nan,nan
1704792482997,nan,nan
1704792483007,nan,nan
1704792483046,nan,nan
1704792483047,nan,nan
1704792483052,nan,nan
1704792483063,nan,nan
1704792483075,nan,nan
1704792483085,nan,nan
1704792483096,nan,nan
1704792483107,nan,nan
1704792483118,nan,nan
1704792483130,nan,nan
1704792483140,nan,nan
1704792483152,nan,nan
1704792483195,nan,nan
1704792483215,nan,nan
1704792483218,nan,nan
1704792483231,nan,nan
1704792483241,nan,nan
1704792483252,nan,nan
1704792483263,nan,nan
1704792483274,nan,nan
1704792483285,nan,nan
1704792483296,nan,nan
1704792483329,nan,nan
1704792483330,nan,nan
1704792483347,nan,nan
1704792483352,nan,nan
1704792483364,nan,nan
1704792483373,nan,nan
1704792483384,nan,nan
1704792483396,nan,nan
1704792483406,nan,nan
1704792483418,nan,nan
1704792483429,nan,nan
1704792483439,nan,nan
1704792483479,nan,nan
1704792483480,nan,nan
1704792483496,nan,nan
1704792483512,nan,nan
1704792483522,nan,nan
1704792483533,nan,nan
1704792483544,nan,nan
1704792483556,1423.6996459960938,608.307409286499
1704792483567,1420.5213928222656,576.7378306388855
1704792483579,1382.7661895751953,488.6157417297363
1704792483614,1382.091064453125,480.0045418739319
1704792483630,1376.4588928222656,466.98810338974
1704792483635,1380.5858612060547,475.5167555809021
1704792483645,1385.3589630126953,485.1945734024048
1704792483656,1401.246109008789,495.7491946220398
1704792483667,1432.6962280273438,490.67638635635376
1704792483679,1828.4610748291016,524.3850588798523
1704792483690,1878.8571166992188,527.890899181366
1704792483701,1888.7244415283203,529.7075486183167
1704792483712,1894.0763092041016,519.6064352989197
1704792483723,1900.015640258789,513.1587910652161
1704792483744,1906.7926788330078,508.62130880355835
1704792483764,1905.2440643310547,496.95977210998535
1704792483768,1890.5145263671875,499.7723150253296
1704792483785,1895.2388763427734,497.73250579833984
1704792483791,1893.3324432373047,499.7443127632141
1704792483802,1880.1038360595703,512.0822596549988
1704792483812,1890.5913543701172,506.1460590362549
1704792483824,1902.3680114746094,495.0064158439636
1704792483834,1902.461929321289,487.4676489830017
1704792483846,1987.488021850586,483.97361040115356
1704792483857,2001.1090087890625,481.2892556190491
1704792483868,2040.8081817626953,473.4428930282593
1704792483878,2045.0104522705078,459.8768377304077
1704792483918,2045.4346466064453,457.21932649612427
1704792483923,2047.5447845458984,431.59850120544434
1704792483936,2045.9822845458984,434.8246192932129
1704792483945,2029.7950744628906,461.7324757575989
1704792483956,2024.4163513183594,470.5342626571655
1704792483967,2030.9270477294922,464.23641443252563
1704792483978,2032.9811096191406,457.8134250640869
1704792483990,2039.9907684326172,450.2910304069519
1704792484000,2043.5315704345703,453.2381343841553
1704792484012,2042.3770141601562,435.54441690444946
1704792484023,2034.4486236572266,441.7414140701294
1704792484043,2025.7051086425781,436.4279365539551
1704792484063,2035.0111389160156,454.8150157928467
1704792484067,2081.4241790771484,441.5307855606079
1704792484080,2134.7533416748047,468.0148959159851
1704792484091,2140.7644653320312,482.2864365577698
1704792484101,2129.1903686523438,477.3537039756775
1704792484112,2123.886184692383,494.3144702911377
1704792484123,2131.3597106933594,494.81093645095825
1704792484134,2123.7191772460938,509.8259210586548
1704792484145,2141.822280883789,480.3271150588989
1704792484157,2136.6674041748047,502.0014238357544
1704792484197,2135.363006591797,507.6538038253784
1704792484198,2232.010726928711,568.4576153755188
1704792484200,2345.3134155273438,573.6614012718201
1704792484213,2556.409378051758,571.8007850646973
1704792484222,nan,nan
1704792484233,nan,nan
1704792484243,nan,nan
1704792484254,nan,nan
1704792484265,nan,nan
1704792484276,nan,nan
1704792484287,nan,nan
1704792484298,nan,nan
1704792484310,nan,nan
1704792484347,nan,nan
1704792484352,nan,nan
1704792484369,nan,nan
1704792484389,nan,nan
1704792484400,nan,nan
1704792484410,nan,nan
1704792484421,nan,nan
1704792484433,nan,nan
1704792484443,nan,nan
1704792484482,nan,nan
1704792484483,nan,nan
1704792484488,nan,nan
1704792484501,nan,nan
1704792484510,nan,nan
1704792484521,nan,nan
1704792484533,nan,nan
1704792484543,nan,nan
1704792484555,nan,nan
1704792484566,nan,nan
1704792484577,nan,nan
1704792484588,nan,nan
1704792484600,nan,nan
1704792484630,nan,nan
1704792484631,nan,nan
1704792484633,nan,nan
1704792484649,nan,nan
1704792484655,nan,nan
1704792484667,nan,nan
1704792484677,nan,nan
1704792484688,nan,nan
1704792484699,nan,nan
1704792484710,nan,nan
1704792484721,nan,nan
1704792484733,nan,nan
1704792484744,nan,nan
1704792484783,nan,nan
1704792484784,nan,nan
1704792484789,nan,nan
1704792484801,nan,nan
1704792484810,nan,nan
1704792484821,nan,nan
1704792484832,nan,nan
1704792484844,nan,nan
1704792484854,nan,nan
1704792484866,nan,nan
1704792484877,nan,nan
1704792484888,nan,nan
1704792484900,nan,nan
1704792484931,nan,nan
1704792484932,nan,nan
1704792484933,nan,nan
1704792484949,nan,nan
1704792484955,nan,nan
1704792484966,nan,nan
1704792484977,nan,nan
1704792484996,nan,nan
1704792485011,nan,nan
1704792485022,nan,nan
1704792485034,nan,nan
1704792485046,nan,nan
1704792485082,nan,nan
1704792485083,1483.3627319335938,901.7582416534424
1704792485100,1473.6701965332031,899.2481660842896
1704792485102,1575.5060577392578,890.8655548095703
1704792485114,1571.1157989501953,884.023003578186
1704792485125,1572.8691864013672,890.5578517913818
1704792485136,1489.0316772460938,860.116024017334
1704792485147,1489.153823852539,875.044641494751
1704792485158,1489.1602325439453,871.0240316390991
1704792485170,1470.4035186767578,834.5558595657349
1704792485181,1346.02294921875,642.7044224739075
1704792485214,1347.094955444336,651.4172673225403
1704792485215,1337.9205322265625,656.8331408500671
1704792485230,1333.8005828857422,667.8425788879395
1704792485236,1337.12890625,670.4153752326965
1704792485249,1344.8567962646484,674.2459344863892
1704792485258,1338.2316589355469,673.1982636451721
1704792485269,1330.5744934082031,666.0713338851929
1704792485280,1314.9028778076172,662.2043180465698
1704792485291,1318.1987762451172,672.4576306343079
1704792485303,1326.4860534667969,675.1532506942749
1704792485314,1332.3954772949219,680.1242208480835
1704792485325,1336.224594116211,678.3675241470337
1704792485342,1339.3645477294922,683.6013507843018
1704792485364,1333.2814025878906,677.8227138519287
1704792485369,1327.5702667236328,668.503303527832
1704792485380,1336.1994934082031,824.367241859436
1704792485391,1327.8597259521484,851.0099458694458
1704792485401,1324.7676086425781,866.283860206604
1704792485412,nan,nan
1704792485424,nan,nan
1704792485434,nan,nan
1704792485445,nan,nan
1704792485457,nan,nan
1704792485468,nan,nan
1704792485499,nan,nan
1704792485500,nan,nan
1704792485517,nan,nan
1704792485523,nan,nan
1704792485535,nan,nan
1704792485544,nan,nan
1704792485556,nan,nan
1704792485566,nan,nan
1704792485577,nan,nan
1704792485588,nan,nan
1704792485599,nan,nan
1704792485611,nan,nan
1704792485650,nan,nan
1704792485655,nan,nan
1704792485669,nan,nan
1704792485677,nan,nan
1704792485689,nan,nan
1704792485699,nan,nan
1704792485710,nan,nan
1704792485722,nan,nan
1704792485733,nan,nan
1704792485744,nan,nan
1704792485755,nan,nan
1704792485766,nan,nan
1704792485799,nan,nan
1704792485800,nan,nan
1704792485816,nan,nan
1704792485823,nan,nan
1704792485834,nan,nan
1704792485844,nan,nan
1704792485855,nan,nan
1704792485866,nan,nan
1704792485878,nan,nan
1704792485889,nan,nan
1704792485931,nan,nan
1704792485932,nan,nan
1704792485947,nan,nan
1704792485955,nan,nan
1704792485966,nan,nan
1704792485977,nan,nan
1704792485988,nan,nan
1704792485999,nan,nan
1704792486011,nan,nan
1704792486021,nan,nan
1704792486032,nan,nan
1704792486064,nan,nan
1704792486065,nan,nan
1704792486066,nan,nan
1704792486083,nan,nan
1704792486089,nan,nan
1704792486101,nan,nan
1704792486110,nan,nan
1704792486121,nan,nan
1704792486133,nan,nan
1704792486144,nan,nan
1704792486155,nan,nan
1704792486166,nan,nan
1704792486177,nan,nan
1704792486196,nan,nan
1704792486218,nan,nan
1704792486219,nan,nan
1704792486222,nan,nan
1704792486237,nan,nan
1704792486244,nan,nan
1704792486256,nan,nan
1704792486266,nan,nan
1704792486277,nan,nan
1704792486289,nan,nan
1704792486300,nan,nan
1704792486311,nan,nan
1704792486322,nan,nan
1704792486332,nan,nan
1704792486364,nan,nan
1704792486365,nan,nan
1704792486382,nan,nan
1704792486388,nan,nan
1704792486400,nan,nan
1704792486410,nan,nan
1704792486421,nan,nan
1704792486432,nan,nan
1704792486444,nan,nan
1704792486454,nan,nan
1704792486466,nan,nan
1704792486478,nan,nan
1704792486515,nan,nan
1704792486516,nan,nan
1704792486521,nan,nan
1704792486532,nan,nan
1704792486544,nan,nan
1704792486555,nan,nan
1704792486566,nan,nan
1704792486577,nan,nan
1704792486588,nan,nan
1704792486599,nan,nan
1704792486611,nan,nan
1704792486622,nan,nan
1704792486633,nan,nan
1704792486666,nan,nan
1704792486683,nan,nan
1704792486697,nan,nan
1704792486712,nan,nan
1704792486723,nan,nan
1704792486735,1417.2407531738281,727.3513340950012
1704792486747,1400.3507995605469,671.9529461860657
1704792486758,1406.9465637207031,675.6795859336853
1704792486800,1402.0111846923828,661.9282007217407
1704792486801,1406.507797241211,654.6210694313049
1704792486803,1368.1787872314453,657.7960324287415
1704792486816,1281.5215682983398,669.8748993873596
1704792486825,1269.4944381713867,668.2374429702759
1704792486836,1280.2761840820312,672.0145297050476
1704792486847,1277.706184387207,660.9633350372314
1704792486858,1277.1150207519531,667.7327585220337
1704792486869,1283.3241271972656,659.5637154579163
1704792486881,1282.640266418457,666.6792941093445
1704792486892,1283.67431640625,659.6774625778198
1704792486903,1280.955810546875,660.0665545463562
1704792486914,1285.615463256836,664.2347073554993
1704792486952,1284.346694946289,667.9254913330078
1704792486953,1289.5320892333984,666.186625957489
1704792486959,1296.3702011108398,672.4260663986206
1704792486972,1286.3579177856445,670.5110549926758
1704792486981,1287.138900756836,665.2970767021179
1704792486994,1280.3508377075195,658.151478767395
1704792487003,1283.913917541504,658.2660627365112
1704792487014,1283.4050750732422,652.8651022911072
1704792487026,1286.9737243652344,656.6114401817322
1704792487036,1292.5946807861328,659.4904160499573
1704792487048,1299.9909591674805,657.7632880210876
1704792487059,1298.8777160644531,658.4736227989197
1704792487070,1285.2620697021484,663.1926155090332
1704792487103,1292.1069717407227,659.6858310699463
1704792487104,1291.4265441894531,664.1324615478516
1704792487120,1278.1570434570312,659.6404266357422
1704792487125,1269.2570114135742,638.3537077903748
1704792487137,1290.7880020141602,636.2209224700928
1704792487147,1295.451889038086,637.1781706809998
1704792487158,1309.4176483154297,653.7055563926697
1704792487170,1298.0110931396484,648.4236216545105
1704792487181,1303.072280883789,653.6934328079224
1704792487192,1298.3017349243164,656.4848828315735
1704792487232,1309.5172119140625,660.1504111289978
1704792487233,1458.4881591796875,725.8956027030945
1704792487236,1482.1683502197266,735.8738493919373
1704792487250,1527.2026062011719,749.1353130340576
1704792487259,1516.8657684326172,738.5541915893555
1704792487270,1507.8123474121094,747.4967408180237
1704792487280,1505.2043914794922,744.4329285621643
1704792487291,1507.2554016113281,760.5131149291992
1704792487302,1519.705581665039,759.6151757240295
1704792487314,1516.656265258789,760.0477194786072
1704792487325,1519.1600036621094,755.894501209259
1704792487336,1521.9945526123047,751.5687203407288
1704792487347,1565.1338195800781,765.3270792961121
1704792487383,1613.7235260009766,780.3970813751221
1704792487384,1667.1730041503906,788.6000061035156
1704792487401,1841.6563415527344,787.4069166183472
1704792487402,1829.5500946044922,783.8613796234131
1704792487415,1846.6532135009766,771.9056367874146
1704792487425,1846.195068359375,762.3320174217224
1704792487436,1862.5467681884766,751.4942193031311
1704792487447,1857.5135040283203,756.2654829025269
1704792487458,1859.9590301513672,764.867434501648
1704792487469,1858.512191772461,775.776858329773
1704792487480,1854.5425415039062,783.8977289199829
1704792487491,1846.0183715820312,780.0063800811768
1704792487502,1848.7151336669922,782.7894401550293
1704792487533,1855.1813507080078,773.3069086074829
1704792487535,1849.5333099365234,786.7519855499268
1704792487551,1853.5881042480469,785.4974842071533
1704792487558,1850.3108215332031,784.792857170105
1704792487569,1861.1651611328125,765.43621301651
1704792487580,1918.1316375732422,808.3442401885986
1704792487591,1925.3871154785156,817.3794651031494
1704792487602,1935.740737915039,829.8897171020508
1704792487613,1939.37744140625,819.318037033081
1704792487624,1940.3556060791016,815.8461427688599
1704792487636,1926.1381530761719,807.0017194747925
1704792487647,1918.6116027832031,796.3013362884521
1704792487684,1915.8141326904297,803.8772678375244
1704792487691,1932.9668426513672,803.3905220031738
1704792487702,1940.8912658691406,814.2773723602295
1704792487714,2032.0919036865234,913.7934637069702
1704792487724,2268.643264770508,1042.0252418518066
1704792487735,nan,nan
1704792487745,nan,nan
1704792487756,nan,nan
1704792487767,nan,nan
1704792487778,nan,nan
1704792487789,nan,nan
1704792487800,nan,nan
1704792487835,nan,nan
1704792487836,nan,nan
1704792487844,nan,nan
1704792487854,nan,nan
1704792487872,nan,nan
1704792487890,nan,nan
1704792487902,nan,nan
1704792487912,nan,nan
1704792487924,nan,nan
1704792487935,nan,nan
1704792487946,nan,nan
1704792487987,nan,nan
1704792487988,nan,nan
1704792487991,nan,nan
1704792488005,nan,nan
1704792488013,nan,nan
1704792488025,nan,nan
1704792488035,nan,nan
1704792488046,nan,nan
1704792488056,nan,nan
1704792488067,nan,nan
1704792488079,nan,nan
1704792488090,nan,nan
1704792488134,nan,nan
1704792488135,nan,nan
1704792488151,nan,nan
1704792488158,nan,nan
1704792488168,nan,nan
1704792488179,nan,nan
1704792488190,nan,nan
1704792488201,nan,nan
1704792488212,nan,nan
1704792488223,nan,nan
1704792488235,nan,nan
1704792488246,nan,nan
1704792488263,nan,nan
1704792488283,nan,nan
1704792488284,nan,nan
1704792488290,nan,nan
1704792488301,nan,nan
1704792488314,nan,nan
1704792488324,nan,nan
1704792488335,nan,nan
1704792488346,nan,nan
1704792488357,nan,nan
1704792488368,nan,nan
1704792488379,nan,nan
1704792488418,nan,nan
1704792488419,nan,nan
1704792488424,nan,nan
1704792488434,nan,nan
1704792488447,nan,nan
1704792488456,nan,nan
1704792488467,nan,nan
1704792488479,nan,nan
1704792488490,nan,nan
1704792488501,nan,nan
1704792488512,nan,nan
1704792488523,nan,nan
1704792488534,nan,nan
1704792488566,nan,nan
1704792488567,nan,nan
1704792488583,nan,nan
1704792488591,nan,nan
1704792488602,nan,nan
1704792488614,nan,nan
1704792488625,nan,nan
1704792488636,nan,nan
1704792488648,nan,nan
1704792488659,nan,nan
1704792488671,2090.0584411621094,680.8953666687012
1704792488683,2051.553421020508,602.5972867012024
1704792488719,2058.7989807128906,599.8036479949951
1704792488720,1646.919937133789,640.2182722091675
1704792488728,1452.861328125,676.5609812736511
1704792488738,1351.0026168823242,700.7653212547302
1704792488752,1363.4070587158203,668.9849638938904
1704792488761,1363.2063293457031,675.4438090324402
1704792488772,1370.5667114257812,673.6972188949585
1704792488784,1388.3929443359375,676.4247035980225
1704792488794,1390.6881713867188,685.6514596939087
1704792488805,1384.4367218017578,691.655445098877
1704792488816,1388.8127899169922,694.0965342521667
1704792488827,1374.7050476074219,688.8069820404053
1704792488866,1376.8644714355469,688.2346844673157
1704792488871,1400.2559661865234,687.2880578041077
1704792488884,1394.2835998535156,684.0993189811707
1704792488894,1386.5450286865234,674.352536201477
1704792488905,1406.0462951660156,675.1897716522217
1704792488916,1456.778335571289,699.6453380584717
1704792488927,1468.864517211914,708.5451006889343
1704792488938,1463.1841278076172,705.1281595230103
1704792488949,1478.3560180664062,706.9378352165222
1704792488961,1480.487060546875,704.988899230957
1704792488971,1471.499252319336,708.2395005226135
1704792488983,1467.5570678710938,720.1632928848267
1704792489016,1464.1436767578125,714.9357962608337
1704792489017,1464.6159362792969,692.1629619598389
1704792489033,1462.1536254882812,689.5328736305237
1704792489039,1468.6356353759766,695.503191947937
1704792489050,1459.7248077392578,704.8776626586914
1704792489061,1460.6889343261719,702.9418158531189
1704792489072,1465.54443359375,705.3263640403748
1704792489083,1472.0439910888672,699.1136384010315
1704792489094,1480.330581665039,698.9583706855774
1704792489105,1472.8507995605469,683.9577198028564
1704792489117,1466.6883087158203,691.8510103225708
1704792489151,1456.8511199951172,688.6181974411011
1704792489167,1441.0372161865234,684.9793410301208
1704792489171,1431.9896697998047,676.1424493789673
1704792489184,1437.9431915283203,695.7138204574585
1704792489193,1460.1638793945312,704.6410059928894
1704792489204,1466.7906188964844,703.4510278701782
1704792489216,1387.4848937988281,734.3655681610107
1704792489226,1367.3042297363281,736.9819021224976
1704792489237,1364.0618133544922,735.864086151123
1704792489249,1373.5902404785156,728.082160949707
1704792489260,1375.2409362792969,739.7772789001465
1704792489299,1381.9644927978516,734.1859245300293
1704792489300,1376.0753631591797,736.5183091163635
1704792489304,1378.913803100586,734.0212154388428
1704792489316,1384.447021484375,729.9469184875488
1704792489329,1371.7854309082031,697.0556330680847
1704792489337,1372.746353149414,699.5279216766357
1704792489349,1367.8363037109375,698.5512542724609
1704792489360,1381.2252044677734,728.9382791519165
1704792489371,1378.0045318603516,733.905816078186
1704792489383,1384.2924499511719,727.7207279205322
1704792489394,1377.3696899414062,722.4095034599304
1704792489435,1374.713134765625,719.1648030281067
1704792489437,1626.3937377929688,841.7261552810669
1704792489452,2305.207061767578,1290.813388824463
1704792489459,nan,nan
1704792489471,nan,nan
1704792489481,nan,nan
1704792489492,nan,nan
1704792489503,nan,nan
1704792489514,nan,nan
1704792489525,nan,nan
1704792489536,nan,nan
1704792489547,nan,nan
1704792489557,nan,nan
1704792489590,nan,nan
1704792489607,nan,nan
1704792489611,nan,nan
1704792489629,nan,nan
1704792489648,nan,nan
1704792489659,nan,nan
1704792489671,nan,nan
1704792489681,nan,nan
1704792489693,nan,nan
1704792489704,nan,nan
1704792489737,nan,nan
1704792489748,nan,nan
1704792489760,nan,nan
1704792489772,nan,nan
1704792489781,nan,nan
1704792489793,nan,nan
1704792489804,nan,nan
1704792489815,nan,nan
1704792489827,nan,nan
1704792489867,nan,nan
1704792489868,nan,nan
1704792489871,nan,nan
1704792489883,nan,nan
1704792489894,nan,nan
1704792489904,nan,nan
1704792489915,nan,nan
1704792489927,nan,nan
1704792489937,nan,nan
1704792489948,nan,nan
1704792489959,nan,nan
1704792489970,nan,nan
1704792489981,nan,nan
1704792490019,nan,nan
1704792490026,nan,nan
1704792490037,nan,nan
1704792490048,nan,nan
1704792490059,nan,nan
1704792490070,nan,nan
1704792490081,nan,nan
1704792490093,nan,nan
1704792490104,nan,nan
1704792490115,nan,nan
1704792490155,nan,nan
1704792490156,nan,nan
1704792490159,nan,nan
1704792490173,nan,nan
1704792490181,nan,nan
1704792490193,nan,nan
1704792490204,nan,nan
1704792490215,nan,nan
1704792490226,nan,nan
1704792490237,nan,nan
1704792490248,nan,nan
1704792490260,nan,nan
1704792490271,nan,nan
1704792490303,nan,nan
1704792490304,nan,nan
1704792490319,nan,nan
1704792490325,nan,nan
1704792490336,nan,nan
1704792490347,nan,nan
1704792490359,nan,nan
1704792490370,nan,nan
1704792490381,nan,nan
1704792490392,nan,nan
1704792490403,nan,nan
1704792490414,nan,nan
1704792490433,nan,nan
1704792490454,nan,nan
1704792490459,nan,nan
1704792490472,nan,nan
1704792490481,nan,nan
1704792490492,nan,nan
1704792490503,nan,nan
1704792490514,nan,nan
1704792490526,nan,nan
1704792490537,nan,nan
1704792490548,nan,nan
1704792490587,nan,nan
1704792490592,nan,nan
1704792490604,nan,nan
1704792490614,nan,nan
1704792490625,nan,nan
1704792490636,nan,nan
1704792490647,nan,nan
1704792490659,nan,nan
1704792490670,nan,nan
1704792490681,nan,nan
1704792490692,nan,nan
1704792490713,nan,nan
1704792490734,nan,nan
1704792490736,nan,nan
1704792490750,nan,nan
1704792490758,nan,nan
1704792490769,nan,nan
1704792490781,nan,nan
1704792490792,nan,nan
1704792490803,nan,nan
1704792490814,nan,nan
1704792490825,nan,nan
1704792490836,nan,nan
1704792490870,nan,nan
1704792490871,nan,nan
1704792490887,nan,nan
1704792490893,nan,nan
1704792490905,nan,nan
1704792490914,nan,nan
1704792490925,nan,nan
1704792490937,nan,nan
1704792490947,nan,nan
1704792490959,nan,nan
1704792490970,nan,nan
1704792490981,nan,nan
1704792491019,nan,nan
1704792491026,nan,nan
1704792491037,nan,nan
1704792491050,nan,nan
1704792491059,nan,nan
1704792491071,nan,nan
1704792491080,nan,nan
1704792491092,nan,nan
1704792491109,nan,nan
1704792491152,nan,nan
1704792491153,nan,nan
1704792491159,nan,nan
1704792491170,2261.1029052734375,959.6603965759277
1704792491185,1834.1482543945312,714.563398361206
1704792491192,1834.1482543945312,714.563398361206
1704792491203,1820.5126953125,723.0814075469971
1704792491215,1816.6539001464844,711.6786289215088
1704792491225,1816.6539001464844,711.6786289215088
1704792491237,1781.7451477050781,706.8314695358276
1704792491248,1685.3984069824219,880.3787612915039
1704792491259,1709.9319458007812,861.3013458251953
1704792491280,1786.9157409667969,695.7540321350098
1704792491301,1555.9580993652344,730.2535057067871
1704792491304,1478.4559631347656,756.824369430542
1704792491316,1471.27197265625,718.1826639175415
1704792491326,1471.27197265625,718.1826639175415
1704792491338,1475.0529479980469,703.573808670044
1704792491349,1475.8074951171875,707.645959854126
1704792491359,1475.8074951171875,707.645959854126
1704792491371,1473.26904296875,696.1210441589355
1704792491382,1465.792236328125,709.9103021621704
1704792491393,1466.4692687988281,711.6136121749878
1704792491404,1458.6018371582031,726.447172164917
1704792491440,1460.7083129882812,726.9576930999756
1704792491441,1473.1307983398438,733.482027053833
1704792491448,1479.820556640625,641.8193578720093
1704792491461,1409.6427917480469,722.7108764648438
1704792491470,1463.9883422851562,884.2742729187012
1704792491481,1463.9883422851562,884.2742729187012
1704792491492,1523.9340209960938,822.6325607299805
1704792491503,1734.7894287109375,773.3872032165527
1704792491514,1826.6123962402344,793.3266162872314
1704792491526,1855.0523376464844,788.0448532104492
1704792491537,1849.637451171875,800.1315307617188
1704792491548,1873.983154296875,784.6299934387207
1704792491560,1879.2955017089844,807.2972774505615
1704792491592,1877.2882080078125,801.2360858917236
1704792491593,1887.3666381835938,769.7639465332031
1704792491608,1884.9526977539062,782.3648357391357
1704792491615,1823.9134216308594,845.7245349884033
1704792491626,1838.6308288574219,832.20139503479
1704792491637,1839.4410705566406,804.7354888916016
1704792491648,1868.4719848632812,784.6257019042969
1704792491659,1870.4557800292969,779.7972965240479
1704792491670,1879.9397277832031,792.2086715698242
1704792491682,1872.3298645019531,788.7164783477783
1704792491693,1869.0167236328125,787.1467208862305
1704792491704,1865.9272766113281,775.3738403320312
1704792491737,1878.4068298339844,787.8516483306885
1704792491738,1875.2059936523438,815.337381362915
1704792491748,1635.0222778320312,751.4400386810303
1704792491760,1603.0862426757812,707.9389429092407
1704792491772,1594.1148376464844,684.2902708053589
1704792491782,1545.9288024902344,695.3321313858032
1704792491793,1541.9287109375,696.21009349823
1704792491804,1539.8831176757812,698.0540370941162
1704792491815,1552.0088195800781,709.9674654006958
1704792491826,1559.8580932617188,710.7111883163452
1704792491867,1558.665771484375,698.8532066345215
1704792491868,1556.6220092773438,687.4895668029785
1704792491870,1554.5977783203125,721.2783622741699
1704792491883,1551.6525268554688,721.494312286377
1704792491892,1553.4384155273438,707.079348564148
1704792491903,1560.6256103515625,721.6373920440674
1704792491915,1867.4064636230469,914.6646881103516
1704792491926,1899.1513061523438,943.4311008453369
1704792491937,1958.6918640136719,952.9965877532959
1704792491948,1931.9505310058594,926.6421031951904
1704792491960,1941.98486328125,936.6351127624512
1704792491972,1908.8874816894531,981.3002014160156
1704792491984,1954.6581268310547,975.160346031189
1704792492021,1941.7988586425781,979.829363822937
1704792492022,1953.4226989746094,970.081958770752
1704792492028,1967.3262023925781,982.6051712036133
1704792492038,1952.420883178711,997.4710464477539
1704792492050,1948.838882446289,990.9077453613281
1704792492061,1943.1309509277344,997.7406406402588
1704792492072,1946.9790649414062,999.6191310882568
1704792492083,1970.3496551513672,1004.112753868103
1704792492094,2026.073989868164,1029.3195533752441
1704792492105,2045.4692840576172,1033.7548971176147
1704792492116,2388.483352661133,1362.8819847106934
1704792492126,nan,nan
1704792492137,nan,nan
1704792492171,nan,nan
1704792492172,nan,nan
1704792492187,nan,nan
1704792492193,nan,nan
1704792492203,nan,nan
1704792492213,nan,nan
1704792492224,nan,nan
1704792492235,nan,nan
1704792492246,nan,nan
1704792492256,nan,nan
1704792492305,nan,nan
1704792492321,nan,nan
1704792492328,nan,nan
1704792492339,nan,nan
1704792492350,nan,nan
1704792492361,nan,nan
1704792492372,nan,nan
1704792492383,nan,nan
1704792492394,nan,nan
1704792492406,nan,nan
1704792492416,nan,nan
1704792492454,nan,nan
1704792492455,nan,nan
1704792492461,nan,nan
1704792492472,nan,nan
1704792492485,nan,nan
1704792492495,nan,nan
1704792492506,nan,nan
1704792492517,nan,nan
1704792492528,nan,nan
1704792492539,nan,nan
1704792492550,nan,nan
1704792492562,nan,nan
1704792492573,nan,nan
1704792492608,nan,nan
1704792492609,nan,nan
1704792492616,nan,nan
1704792492627,nan,nan
1704792492642,nan,nan
1704792492650,nan,nan
1704792492661,nan,nan
1704792492672,nan,nan
1704792492683,nan,nan
1704792492694,nan,nan
1704792492705,nan,nan
1704792492716,nan,nan
1704792492756,nan,nan
1704792492761,nan,nan
1704792492775,nan,nan
1704792492783,nan,nan
1704792492794,nan,nan
1704792492805,nan,nan
1704792492816,nan,nan
1704792492828,nan,nan
1704792492839,nan,nan
1704792492850,nan,nan
1704792492861,nan,nan
1704792492872,nan,nan
1704792492906,nan,nan
1704792492907,nan,nan
1704792492917,nan,nan
1704792492928,nan,nan
1704792492940,nan,nan
1704792492949,nan,nan
1704792492960,nan,nan
1704792492979,nan,nan
1704792492995,nan,nan
1704792493006,nan,nan
1704792493018,nan,nan
1704792493055,nan,nan
1704792493072,nan,nan
1704792493074,nan,nan
1704792493086,1584.5182800292969,851.9918060302734
1704792493097,1603.6117553710938,859.1335201263428
1704792493108,1603.6117553710938,859.1335201263428
1704792493121,1581.3861083984375,743.0703663825989
1704792493132,1557.905502319336,740.2403998374939
1704792493142,1559.7119903564453,742.932071685791
1704792493153,1560.1915740966797,729.3686127662659
1704792493188,1579.3557739257812,741.8828773498535
1704792493189,1573.2373809814453,746.5495562553406
1704792493204,1561.1109161376953,751.0130739212036
1704792493209,1558.7710571289062,748.6511635780334
1704792493220,1570.8171081542969,747.5573587417603
1704792493231,1574.2904663085938,748.9645743370056
1704792493243,1568.551025390625,754.1120982170105
1704792493254,1566.437759399414,748.0516147613525
1704792493265,1571.2712860107422,748.8692164421082
1704792493276,1576.9497680664062,752.5946116447449
1704792493287,1573.5232543945312,760.9668374061584
1704792493298,1575.8322143554688,755.6605911254883
1704792493318,1584.4674682617188,752.5987529754639
1704792493340,1586.85791015625,760.4236793518066
1704792493341,1583.0754089355469,770.020923614502
1704792493342,1588.1962585449219,762.1704196929932
1704792493358,1592.6307678222656,751.6893553733826
1704792493365,1591.0704803466797,745.475492477417
1704792493376,1584.3873596191406,745.8253812789917
1704792493387,1581.301040649414,741.5498113632202
1704792493398,1573.8529968261719,732.6997232437134
1704792493409,1565.27099609375,734.1368293762207
1704792493420,1564.9064636230469,737.5047183036804
1704792493431,1610.9032440185547,731.4655637741089
1704792493441,1626.3143920898438,726.8078756332397
1704792493452,1966.3089752197266,702.471764087677
1704792493488,nan,nan
1704792493489,nan,nan
1704792493502,nan,nan
1704792493507,nan,nan
1704792493519,nan,nan
1704792493529,nan,nan
1704792493540,nan,nan
1704792493551,nan,nan
1704792493561,nan,nan
1704792493579,nan,nan
1704792493622,nan,nan
1704792493623,nan,nan
1704792493639,nan,nan
1704792493643,nan,nan
1704792493655,nan,nan
1704792493665,nan,nan
1704792493676,nan,nan
1704792493687,nan,nan
1704792493698,nan,nan
1704792493710,nan,nan
1704792493720,nan,nan
1704792493732,nan,nan
1704792493753,nan,nan
1704792493774,nan,nan
1704792493776,nan,nan
1704792493792,nan,nan
1704792493799,nan,nan
1704792493811,nan,nan
1704792493820,nan,nan
1704792493832,nan,nan
1704792493843,nan,nan
1704792493854,nan,nan
1704792493865,nan,nan
1704792493877,nan,nan
1704792493888,nan,nan
1704792493928,nan,nan
1704792493929,nan,nan
1704792493931,nan,nan
1704792493949,nan,nan
1704792493953,nan,nan
1704792493965,nan,nan
1704792493976,nan,nan
1704792493987,nan,nan
1704792493998,nan,nan
1704792494009,nan,nan
1704792494020,nan,nan
1704792494032,nan,nan
1704792494073,nan,nan
1704792494074,nan,nan
1704792494076,nan,nan
1704792494093,nan,nan
1704792494098,nan,nan
1704792494110,nan,nan
1704792494120,nan,nan
1704792494132,nan,nan
1704792494143,nan,nan
1704792494154,nan,nan
1704792494165,nan,nan
1704792494176,nan,nan
1704792494187,nan,nan
1704792494220,nan,nan
1704792494221,nan,nan
1704792494236,nan,nan
1704792494243,nan,nan
1704792494254,nan,nan
1704792494265,nan,nan
1704792494275,nan,nan
1704792494286,nan,nan
1704792494298,nan,nan
1704792494309,nan,nan
1704792494320,nan,nan
1704792494331,nan,nan
1704792494370,nan,nan
1704792494371,nan,nan
1704792494375,nan,nan
1704792494386,nan,nan
1704792494399,nan,nan
1704792494409,nan,nan
1704792494420,nan,nan
1704792494431,nan,nan
1704792494442,nan,nan
1704792494453,nan,nan
1704792494465,nan,nan
1704792494509,nan,nan
1704792494510,nan,nan
1704792494526,nan,nan
1704792494532,nan,nan
1704792494544,nan,nan
1704792494553,nan,nan
1704792494565,nan,nan
1704792494576,nan,nan
1704792494587,nan,nan
1704792494598,nan,nan
1704792494609,nan,nan
1704792494620,nan,nan
1704792494658,nan,nan
1704792494659,nan,nan
1704792494664,nan,nan
1704792494675,nan,nan
1704792494686,nan,nan
1704792494697,nan,nan
1704792494709,nan,nan
1704792494719,nan,nan
1704792494731,nan,nan
1704792494742,nan,nan
1704792494753,nan,nan
1704792494764,nan,nan
1704792494807,nan,nan
1704792494808,nan,nan
1704792494809,nan,nan
1704792494823,nan,nan
1704792494831,nan,nan
1704792494842,nan,nan
1704792494852,nan,nan
1704792494864,nan,nan
1704792494875,nan,nan
1704792494886,nan,nan
1704792494897,nan,nan
1704792494909,nan,nan
1704792494919,nan,nan
1704792494958,nan,nan
1704792494959,nan,nan
1704792494964,nan,nan
1704792494975,nan,nan
1704792494986,nan,nan
1704792494998,nan,nan
1704792495009,nan,nan
1704792495019,nan,nan
1704792495031,nan,nan
1704792495042,nan,nan
1704792495053,nan,nan
1704792495064,nan,nan
1704792495075,nan,nan
1704792495107,nan,nan
1704792495108,nan,nan
1704792495109,nan,nan
1704792495126,nan,nan
1704792495132,nan,nan
1704792495143,nan,nan
1704792495153,nan,nan
1704792495165,nan,nan
1704792495176,nan,nan
1704792495187,nan,nan
1704792495198,nan,nan
1704792495238,nan,nan
1704792495239,nan,nan
1704792495241,nan,nan
1704792495255,nan,nan
1704792495264,nan,nan
1704792495275,nan,nan
1704792495286,nan,nan
1704792495297,nan,nan
1704792495308,nan,nan
1704792495319,nan,nan
1704792495330,nan,nan
1704792495342,nan,nan
1704792495353,nan,nan
1704792495390,nan,nan
1704792495391,nan,nan
1704792495397,nan,nan
1704792495408,nan,nan
1704792495420,nan,nan
1704792495431,nan,nan
1704792495442,nan,nan
1704792495453,nan,nan
1704792495464,nan,nan
1704792495475,nan,nan
1704792495486,nan,nan
1704792495525,nan,nan
1704792495531,nan,nan
1704792495542,nan,nan
1704792495554,nan,nan
1704792495564,nan,nan
1704792495575,nan,nan
1704792495585,nan,nan
1704792495597,nan,nan
1704792495608,nan,nan
1704792495619,nan,nan
1704792495660,nan,nan
1704792495663,nan,nan
1704792495677,nan,nan
1704792495685,nan,nan
1704792495697,nan,nan
1704792495708,nan,nan
1704792495719,nan,nan
1704792495730,nan,nan
1704792495742,nan,nan
1704792495753,nan,nan
1704792495764,nan,nan
1704792495806,nan,nan
1704792495807,nan,nan
1704792495808,nan,nan
1704792495823,nan,nan
1704792495830,nan,nan
1704792495842,nan,nan
1704792495852,nan,nan
1704792495863,nan,nan
1704792495875,nan,nan
1704792495885,nan,nan
1704792495897,nan,nan
1704792495941,nan,nan
1704792495943,nan,nan
1704792495952,nan,nan
1704792495964,nan,nan
1704792495975,nan,nan
1704792495986,nan,nan
1704792495997,nan,nan
1704792496008,nan,nan
1704792496019,nan,nan
1704792496030,nan,nan
1704792496041,nan,nan
1704792496070,nan,nan
1704792496092,nan,nan
1704792496093,nan,nan
1704792496109,nan,nan
1704792496125,nan,nan
1704792496136,nan,nan
1704792496147,nan,nan
1704792496157,nan,nan
1704792496169,nan,nan
1704792496180,nan,nan
1704792496190,nan,nan
1704792496226,nan,nan
1704792496234,nan,nan
1704792496246,nan,nan
1704792496256,nan,nan
1704792496266,nan,nan
1704792496286,nan,nan
1704792496304,nan,nan
1704792496315,nan,nan
1704792496327,nan,nan
1704792496338,nan,nan
1704792496378,nan,nan
1704792496382,nan,nan
1704792496397,nan,nan
1704792496405,nan,nan
1704792496416,nan,nan
1704792496427,nan,nan
1704792496438,nan,nan
1704792496449,nan,nan
1704792496460,nan,nan
1704792496472,nan,nan
1704792496482,nan,nan
1704792496524,nan,nan
1704792496525,nan,nan
1704792496526,nan,nan
1704792496545,nan,nan
1704792496561,nan,nan
1704792496572,nan,nan
1704792496583,nan,nan
1704792496594,nan,nan
1704792496605,nan,nan
1704792496617,nan,nan
1704792496628,nan,nan
1704792496638,nan,nan
1704792496678,nan,nan
1704792496679,nan,nan
1704792496696,nan,nan
1704792496710,nan,nan
1704792496721,nan,nan
1704792496730,nan,nan
1704792496743,1484.666748046875,404.95978832244873
1704792496754,1531.0660552978516,589.0416598320007
1704792496766,1514.1932678222656,619.5459723472595
1704792496810,1521.078109741211,636.6340899467468
1704792496811,1530.7856750488281,640.5791258811951
1704792496826,1516.557846069336,644.5933842658997
1704792496833,1520.2086639404297,641.3953971862793
1704792496844,1517.0597839355469,638.4050989151001
1704792496854,1516.9598388671875,638.6189889907837
1704792496866,1525.4918670654297,637.541298866272
1704792496877,1521.1034393310547,638.7977743148804
1704792496888,1513.4970092773438,641.0455298423767
1704792496898,1507.6307678222656,649.3787026405334
1704792496910,1515.105209350586,653.6524057388306
1704792496921,1520.2322387695312,659.4799447059631
1704792496958,1519.327621459961,662.9234075546265
1704792496959,1509.7935485839844,659.7537231445312
1704792496965,1526.3955688476562,657.2697186470032
1704792496976,1531.6216278076172,669.0951919555664
1704792496989,1541.9984436035156,675.2148342132568
1704792496999,1816.2393188476562,822.6752185821533
1704792497010,2018.4766387939453,920.8767700195312
1704792497021,2193.1095123291016,961.6887044906616
1704792497032,2254.224319458008,1024.4132995605469
1704792497043,2253.4857177734375,1031.8826293945312
1704792497054,2266.961135864258,1042.8287029266357
1704792497092,2251.818161010742,1025.3372240066528
1704792497093,2259.194564819336,1022.2578763961792
1704792497099,2266.287155151367,1018.8485527038574
1704792497110,2253.5194396972656,1021.7634057998657
1704792497122,2245.995864868164,1027.5372791290283
1704792497132,2211.0800170898438,1051.7445373535156
1704792497143,2233.293914794922,1041.2180042266846
1704792497154,2226.1278533935547,1020.2037334442139
1704792497166,2160.060577392578,992.993860244751
1704792497176,2154.185333251953,993.0177211761475
1704792497188,2152.0358276367188,993.7432050704956
1704792497199,2179.3912506103516,1001.4870643615723
1704792497210,2169.742889404297,1001.7015981674194
1704792497244,2157.7144622802734,1010.8590888977051
1704792497245,2160.2691650390625,1007.7912855148315
1704792497262,2159.4764709472656,996.6572856903076
1704792497266,2152.4212646484375,986.217098236084
1704792497276,2157.0433807373047,987.3125553131104
1704792497287,2148.4371948242188,997.2930765151978
1704792497298,2144.3753051757812,1006.8221712112427
1704792497309,2155.190658569336,1010.5050373077393
1704792497320,2169.8480224609375,1012.8120374679565
1704792497331,nan,nan
1704792497341,nan,nan
1704792497352,nan,nan
1704792497373,nan,nan
1704792497394,nan,nan
1704792497395,nan,nan
1704792497396,nan,nan
1704792497412,nan,nan
1704792497419,nan,nan
1704792497428,nan,nan
1704792497445,nan,nan
1704792497465,nan,nan
1704792497476,nan,nan
1704792497487,nan,nan
1704792497524,nan,nan
1704792497525,nan,nan
1704792497531,nan,nan
1704792497543,nan,nan
1704792497555,nan,nan
1704792497564,nan,nan
1704792497576,nan,nan
1704792497587,nan,nan
1704792497598,nan,nan
1704792497609,nan,nan
1704792497620,nan,nan
1704792497631,nan,nan
1704792497643,nan,nan
1704792497677,nan,nan
1704792497678,nan,nan
1704792497686,nan,nan
1704792497697,nan,nan
1704792497710,nan,nan
1704792497720,nan,nan
1704792497730,nan,nan
1704792497742,nan,nan
1704792497753,nan,nan
1704792497764,nan,nan
1704792497776,nan,nan
1704792497786,nan,nan
1704792497826,nan,nan
1704792497827,nan,nan
1704792497830,nan,nan
1704792497842,nan,nan
1704792497856,nan,nan
1704792497864,nan,nan
1704792497876,nan,nan
1704792497886,nan,nan
1704792497897,nan,nan
1704792497909,nan,nan
1704792497920,nan,nan
1704792497931,nan,nan
1704792497943,nan,nan
1704792497982,nan,nan
1704792497983,nan,nan
1704792497987,nan,nan
1704792497999,nan,nan
1704792498009,nan,nan
1704792498019,nan,nan
1704792498030,nan,nan
1704792498041,nan,nan
1704792498052,nan,nan
1704792498063,nan,nan
1704792498075,nan,nan
1704792498086,nan,nan
1704792498127,nan,nan
1704792498143,nan,nan
1704792498152,nan,nan
1704792498163,nan,nan
1704792498175,nan,nan
1704792498186,nan,nan
1704792498197,nan,nan
1704792498208,nan,nan
1704792498218,nan,nan
1704792498263,nan,nan
1704792498272,nan,nan
1704792498290,nan,nan
1704792498301,1574.627685546875,651.9385385513306
1704792498312,1552.6288604736328,644.6965742111206
1704792498324,1558.2699584960938,655.975649356842
1704792498335,1557.8543090820312,663.2235789299011
1704792498346,1580.3782653808594,695.2808904647827
1704792498357,1593.604507446289,699.9627184867859
1704792498369,1648.108139038086,721.7710947990417
1704792498409,1660.9764099121094,719.3956017494202
1704792498412,1678.4585571289062,713.9690208435059
1704792498425,1684.100112915039,717.4161958694458
1704792498434,1677.9548645019531,718.9862537384033
1704792498446,1673.57666015625,721.4073872566223
1704792498456,1681.6209411621094,711.9364428520203
1704792498468,1672.9891204833984,711.3881134986877
1704792498479,1685.0326538085938,705.6162786483765
1704792498490,1668.9173889160156,709.8753476142883
1704792498501,1667.2976684570312,708.3677744865417
1704792498543,1660.9671783447266,721.5671610832214
1704792498544,1681.3355255126953,728.345103263855
1704792498559,nan,nan
1704792498566,nan,nan
1704792498577,nan,nan
1704792498588,nan,nan
1704792498599,nan,nan
1704792498611,nan,nan
1704792498622,nan,nan
1704792498631,nan,nan
1704792498643,nan,nan
1704792498654,nan,nan
1704792498703,nan,nan
1704792498704,nan,nan
1704792498718,nan,nan
1704792498735,nan,nan
1704792498746,nan,nan
1704792498757,nan,nan
1704792498767,nan,nan
1704792498779,nan,nan
1704792498789,nan,nan
1704792498800,nan,nan
1704792498822,nan,nan
1704792498842,nan,nan
1704792498846,nan,nan
1704792498859,nan,nan
1704792498867,nan,nan
1704792498879,nan,nan
1704792498890,nan,nan
1704792498901,nan,nan
1704792498912,nan,nan
1704792498923,nan,nan
1704792498934,nan,nan
1704792498977,nan,nan
1704792498978,nan,nan
1704792498994,nan,nan
1704792499001,nan,nan
1704792499013,nan,nan
1704792499023,nan,nan
1704792499034,nan,nan
1704792499045,nan,nan
1704792499056,nan,nan
1704792499067,nan,nan
1704792499079,nan,nan
1704792499090,nan,nan
1704792499127,nan,nan
1704792499134,nan,nan
1704792499145,nan,nan
1704792499156,nan,nan
1704792499167,nan,nan
1704792499179,nan,nan
1704792499190,nan,nan
1704792499201,nan,nan
1704792499212,nan,nan
1704792499223,nan,nan
1704792499234,nan,nan
1704792499277,nan,nan
1704792499279,nan,nan
1704792499294,nan,nan
1704792499301,nan,nan
1704792499313,nan,nan
1704792499324,nan,nan
1704792499333,nan,nan
1704792499345,nan,nan
1704792499356,nan,nan
1704792499367,nan,nan
1704792499378,nan,nan
1704792499389,nan,nan
1704792499425,nan,nan
1704792499426,nan,nan
1704792499434,nan,nan
1704792499445,nan,nan
1704792499457,nan,nan
1704792499467,nan,nan
1704792499479,nan,nan
1704792499490,nan,nan
1704792499500,nan,nan
1704792499512,nan,nan
1704792499523,nan,nan
1704792499534,nan,nan
1704792499556,nan,nan
1704792499576,nan,nan
1704792499579,nan,nan
1704792499591,nan,nan
1704792499600,nan,nan
1704792499612,nan,nan
1704792499623,nan,nan
1704792499634,nan,nan
1704792499646,nan,nan
1704792499656,nan,nan
1704792499667,nan,nan
1704792499711,nan,nan
1704792499712,nan,nan
1704792499729,nan,nan
1704792499733,nan,nan
1704792499745,nan,nan
1704792499756,nan,nan
1704792499766,nan,nan
1704792499778,nan,nan
1704792499789,nan,nan
1704792499800,nan,nan
1704792499812,nan,nan
1704792499823,nan,nan
1704792499860,nan,nan
1704792499861,nan,nan
1704792499867,nan,nan
1704792499878,nan,nan
1704792499891,nan,nan
1704792499900,nan,nan
1704792499912,nan,nan
1704792499923,nan,nan
1704792499933,nan,nan
1704792499946,nan,nan
1704792499956,nan,nan
1704792499992,nan,nan
1704792499993,nan,nan
1704792500000,nan,nan
1704792500012,nan,nan
1704792500024,nan,nan
1704792500033,nan,nan
1704792500045,nan,nan
1704792500056,nan,nan
1704792500067,nan,nan
1704792500079,nan,nan
1704792500089,nan,nan
1704792500127,nan,nan
1704792500133,nan,nan
1704792500144,nan,nan
1704792500156,nan,nan
1704792500166,nan,nan
1704792500178,nan,nan
1704792500189,nan,nan
1704792500199,nan,nan
1704792500211,nan,nan
1704792500223,nan,nan
1704792500233,nan,nan
1704792500245,nan,nan
1704792500279,nan,nan
1704792500296,nan,nan
1704792500300,nan,nan
1704792500313,nan,nan
1704792500323,nan,nan
1704792500333,nan,nan
1704792500345,nan,nan
1704792500356,nan,nan
1704792500367,nan,nan
1704792500378,nan,nan
1704792500389,nan,nan
1704792500427,nan,nan
1704792500430,nan,nan
1704792500446,nan,nan
1704792500457,nan,nan
1704792500467,nan,nan
1704792500478,nan,nan
1704792500490,nan,nan
1704792500500,nan,nan
1704792500512,nan,nan
1704792500522,nan,nan
1704792500562,nan,nan
1704792500579,nan,nan
1704792500594,nan,nan
1704792500604,1809.5027923583984,760.9384274482727
1704792500616,1800.6720733642578,771.7759251594543
1704792500627,1800.6720733642578,771.7759251594543
1704792500639,1553.3761596679688,710.2031564712524
1704792500650,1543.5726928710938,716.2117767333984
1704792500661,1545.245132446289,723.8873147964478
1704792500672,1576.8824005126953,760.8076858520508
1704792500684,1580.5020904541016,762.083215713501
1704792500720,1584.1639709472656,752.2297883033752
1704792500728,1588.5529327392578,756.6929626464844
1704792500739,1577.3857116699219,744.8860716819763
1704792500752,1570.602798461914,737.8066492080688
1704792500761,1579.5690155029297,728.9762163162231
1704792500772,1587.3414611816406,717.38525390625
1704792500784,1595.2986907958984,722.8729033470154
1704792500794,1591.12548828125,728.5399603843689
1704792500806,1581.8789672851562,741.7717266082764
1704792500817,1577.3417663574219,732.3069834709167
1704792500827,1581.8553924560547,734.8458123207092
1704792500860,1585.2555847167969,735.3180527687073
1704792500874,1586.4446258544922,732.8819632530212
1704792500883,1585.3338623046875,728.3018016815186
1704792500894,1591.4242553710938,738.2946610450745
1704792500905,1593.7263488769531,739.8522305488586
1704792500916,1625.1770782470703,764.4187760353088
1704792500927,1680.8263397216797,773.4300756454468
1704792500938,2003.570327758789,862.7962589263916
1704792500950,2056.8885803222656,869.5886421203613
1704792500960,2053.9088439941406,867.1181774139404
1704792500972,2092.5952911376953,839.3350839614868
1704792501013,2091.439743041992,848.4382438659668
1704792501016,2095.3089141845703,840.561990737915
1704792501031,2098.3475494384766,841.6423845291138
1704792501038,2097.3094177246094,843.1005620956421
1704792501050,2099.850082397461,845.203070640564
1704792501061,2109.722900390625,828.3800411224365
1704792501072,2109.356155395508,825.1033687591553
1704792501083,2111.154327392578,807.8319597244263
1704792501094,2100.8584594726562,825.4291391372681
1704792501105,2090.6423950195312,827.9241943359375
1704792501117,2097.5121307373047,830.8030414581299
1704792501127,2100.6906127929688,829.2970991134644
1704792501162,2103.6264038085938,827.9335927963257
1704792501163,2099.5164489746094,841.4391374588013
1704792501179,2110.116653442383,859.4755983352661
1704792501183,2108.227005004883,851.5449714660645
1704792501196,2097.7429962158203,850.431661605835
1704792501205,2101.9317626953125,837.8312873840332
1704792501216,2107.7230072021484,834.8151540756226
1704792501226,2113.0118560791016,824.8327016830444
1704792501238,2110.404052734375,832.4622344970703
1704792501249,2104.2919921875,839.059009552002
1704792501260,2104.398193359375,845.8324670791626
1704792501271,2094.7796630859375,850.4441499710083
1704792501312,2108.7255859375,875.2624797821045
1704792501313,2120.6349182128906,878.1692218780518
1704792501314,nan,nan
1704792501327,nan,nan
1704792501336,nan,nan
1704792501348,nan,nan
1704792501358,nan,nan
1704792501370,nan,nan
1704792501381,nan,nan
1704792501392,nan,nan
1704792501403,nan,nan
1704792501412,nan,nan
1704792501462,nan,nan
1704792501463,nan,nan
1704792501478,nan,nan
1704792501482,nan,nan
1704792501495,nan,nan
1704792501504,nan,nan
1704792501516,nan,nan
1704792501527,nan,nan
1704792501537,nan,nan
1704792501549,nan,nan
1704792501560,nan,nan
1704792501595,nan,nan
1704792501596,nan,nan
1704792501604,nan,nan
1704792501615,nan,nan
1704792501626,nan,nan
1704792501637,nan,nan
1704792501649,nan,nan
1704792501660,nan,nan
1704792501670,nan,nan
1704792501682,nan,nan
1704792501693,nan,nan
1704792501731,nan,nan
1704792501737,nan,nan
1704792501749,nan,nan
1704792501759,nan,nan
1704792501770,nan,nan
1704792501782,nan,nan
1704792501792,nan,nan
1704792501803,nan,nan
1704792501815,nan,nan
1704792501826,nan,nan
1704792501836,nan,nan
1704792501855,nan,nan
1704792501880,nan,nan
1704792501882,nan,nan
1704792501898,nan,nan
1704792501904,nan,nan
1704792501915,nan,nan
1704792501926,nan,nan
1704792501937,nan,nan
1704792501949,nan,nan
1704792501960,nan,nan
1704792501970,nan,nan
1704792501982,nan,nan
1704792501993,nan,nan
1704792502011,nan,nan
1704792502032,nan,nan
1704792502037,nan,nan
1704792502051,nan,nan
1704792502059,nan,nan
1704792502070,nan,nan
1704792502082,nan,nan
1704792502093,nan,nan
1704792502104,nan,nan
1704792502116,nan,nan
1704792502126,nan,nan
1704792502163,nan,nan
1704792502164,nan,nan
1704792502171,nan,nan
1704792502181,nan,nan
1704792502192,nan,nan
1704792502203,nan,nan
1704792502223,nan,nan
1704792502237,nan,nan
1704792502248,nan,nan
1704792502259,nan,nan
1704792502271,2444.7621154785156,1007.5499725341797
1704792502291,2444.7621154785156,1007.5499725341797
1704792502313,2444.7621154785156,1007.5499725341797
1704792502314,2337.3301696777344,942.3999309539795
1704792502316,2337.3301696777344,942.3999309539795
1704792502330,2337.3301696777344,942.3999309539795
1704792502338,2299.2800903320312,874.989538192749
1704792502349,2290.238037109375,893.7050914764404
1704792502361,2287.6052856445312,887.6961708068848
1704792502372,2289.576873779297,869.6415996551514
1704792502382,2297.354736328125,850.6457233428955
1704792502394,2301.8089294433594,851.8338775634766
1704792502405,2296.184844970703,857.1828460693359
1704792502445,2264.358673095703,850.4004192352295
1704792502450,2149.772186279297,729.3480777740479
1704792502462,2149.772186279297,729.3480777740479
1704792502472,2156.529998779297,696.905837059021
1704792502483,2175.7936096191406,695.7106447219849
1704792502494,2161.6873168945312,672.7443265914917
1704792502505,2156.497802734375,685.6707286834717
1704792502516,2163.517608642578,672.7397346496582
1704792502528,2172.4974060058594,703.142294883728
1704792502539,2154.206085205078,715.823392868042
1704792502549,2147.7346801757812,736.6816234588623
1704792502560,2138.081512451172,742.8914737701416
1704792502595,2134.3096923828125,730.2886962890625
1704792502612,2128.22509765625,696.5754747390747
1704792502615,2136.6751098632812,703.6214876174927
1704792502627,2037.0457458496094,698.7072515487671
1704792502638,1482.2055053710938,602.7872514724731
1704792502648,1482.2055053710938,602.7872514724731
1704792502660,1462.6008605957031,576.7132616043091
1704792502671,1470.252685546875,574.5094728469849
1704792502683,1483.7246704101562,595.7303810119629
1704792502694,1507.0320129394531,598.3160305023193
1704792502705,1520.6460571289062,618.3877086639404
1704792502727,1532.4427795410156,623.9079523086548
1704792502747,1524.8283386230469,636.6741943359375
1704792502748,1528.1901550292969,589.3950891494751
1704792502749,1508.6767578125,581.9864845275879
1704792502764,1513.1520080566406,563.692831993103
1704792502771,1509.2774963378906,589.8047590255737
1704792502783,1496.3502502441406,559.31396484375
1704792502794,1496.1100769042969,560.4164600372314
1704792502805,1488.7422180175781,547.724289894104
1704792502816,1494.8193359375,563.6121511459351
1704792502827,1509.0859985351562,564.5186948776245
1704792502838,1506.0578918457031,577.4172019958496
1704792502880,1496.4468383789062,571.1708736419678
1704792502881,1477.7987670898438,579.6369981765747
1704792502883,1488.2159423828125,605.164589881897
1704792502897,1489.93408203125,604.0150165557861
1704792502905,1487.3222351074219,592.0467853546143
1704792502916,1483.7081909179688,572.0566034317017
1704792502926,1471.9677734375,582.4270963668823
1704792502937,1465.6440734863281,572.4570465087891
1704792502949,1468.15673828125,572.4288082122803
1704792502960,1477.2184753417969,568.0687379837036
1704792502971,1503.0496215820312,577.3722696304321
1704792502982,1513.8246154785156,586.5417766571045
1704792502993,1520.5856323242188,579.2214059829712
1704792503033,nan,nan
1704792503034,nan,nan
1704792503036,nan,nan
1704792503049,nan,nan
1704792503059,nan,nan
1704792503070,nan,nan
1704792503081,nan,nan
1704792503092,nan,nan
1704792503103,nan,nan
1704792503115,nan,nan
1704792503126,nan,nan
1704792503137,nan,nan
1704792503179,nan,nan
1704792503185,nan,nan
1704792503196,nan,nan
1704792503208,nan,nan
1704792503218,nan,nan
1704792503229,nan,nan
1704792503240,nan,nan
1704792503252,nan,nan
1704792503263,nan,nan
1704792503274,nan,nan
1704792503316,nan,nan
1704792503317,nan,nan
1704792503334,nan,nan
1704792503341,nan,nan
1704792503353,nan,nan
1704792503362,nan,nan
1704792503373,nan,nan
1704792503384,nan,nan
1704792503395,nan,nan
1704792503406,nan,nan
1704792503418,nan,nan
1704792503428,nan,nan
1704792503464,nan,nan
1704792503465,nan,nan
1704792503473,nan,nan
1704792503485,nan,nan
1704792503496,nan,nan
1704792503506,nan,nan
1704792503518,nan,nan
1704792503529,nan,nan
1704792503540,nan,nan
1704792503551,nan,nan
1704792503562,nan,nan
1704792503573,nan,nan
1704792503595,nan,nan
1704792503617,nan,nan
1704792503618,nan,nan
1704792503636,nan,nan
1704792503640,nan,nan
1704792503652,nan,nan
1704792503662,nan,nan
1704792503672,nan,nan
1704792503684,nan,nan
1704792503695,nan,nan
1704792503706,nan,nan
1704792503717,nan,nan
1704792503728,nan,nan
1704792503763,nan,nan
1704792503778,nan,nan
1704792503785,nan,nan
1704792503795,nan,nan
1704792503806,nan,nan
1704792503817,nan,nan
1704792503829,nan,nan
1704792503840,nan,nan
1704792503851,nan,nan
1704792503862,nan,nan
1704792503873,nan,nan
1704792503892,nan,nan
1704792503916,nan,nan
1704792503918,nan,nan
1704792503933,nan,nan
1704792503940,nan,nan
1704792503953,nan,nan
1704792503962,nan,nan
1704792503973,nan,nan
1704792503984,nan,nan
1704792503995,nan,nan
1704792504006,nan,nan
1704792504018,nan,nan
1704792504029,nan,nan
1704792504063,nan,nan
1704792504079,nan,nan
1704792504085,nan,nan
1704792504097,nan,nan
1704792504105,nan,nan
1704792504117,nan,nan
1704792504135,nan,nan
1704792504152,nan,nan
1704792504162,nan,nan
1704792504194,nan,nan
1704792504196,nan,nan
1704792504210,nan,nan
1704792504218,nan,nan
1704792504229,nan,nan
1704792504242,nan,nan
1704792504253,nan,nan
1704792504264,1882.3008728027344,564.1859292984009
1704792504276,1962.1794128417969,742.1662902832031
1704792504287,1963.0540466308594,802.7143478393555
1704792504298,1907.5532531738281,757.681474685669
1704792504340,1570.1445770263672,727.0958805084229
1704792504341,1531.5158081054688,717.924313545227
1704792504343,1520.831069946289,741.4169669151306
1704792504358,1519.1860961914062,731.5777230262756
1704792504365,1515.7984924316406,726.3197994232178
1704792504377,1536.7443084716797,723.0924367904663
1704792504388,1533.5718536376953,733.5904312133789
1704792504399,1542.836685180664,728.4647727012634
1704792504410,1545.3022003173828,719.534797668457
1704792504420,1548.7489318847656,718.091254234314
1704792504431,1550.9172821044922,729.4643783569336
1704792504443,1552.3469543457031,747.4886727333069
1704792504463,1557.595443725586,748.0321311950684
1704792504483,1560.3770446777344,733.3205151557922
1704792504484,1556.8006134033203,720.8132028579712
1704792504487,1549.8731994628906,712.4150133132935
1704792504503,1549.753646850586,719.7263932228088
1704792504510,1552.8521728515625,718.3747100830078
1704792504520,1561.3324737548828,722.7610015869141
1704792504531,1567.7310943603516,724.0231847763062
1704792504543,1558.3641052246094,722.3074507713318
1704792504554,1551.0691833496094,723.5385417938232
1704792504565,1539.8908996582031,718.1236553192139
1704792504576,1547.927017211914,711.1852955818176
1704792504587,1544.9833679199219,707.1466183662415
1704792504598,1545.3759002685547,698.6719536781311
1704792504616,1551.4204406738281,700.9826231002808
1704792504638,1560.8975219726562,716.1580681800842
1704792504643,1499.1629791259766,700.4169988632202
1704792504660,1468.5895538330078,683.8685417175293
1704792504665,1468.9910888671875,685.7307887077332
1704792504677,1433.8955688476562,696.4430809020996
1704792504688,1447.2728729248047,701.7799258232117
1704792504698,1435.0279998779297,703.4410929679871
1704792504710,1435.6874084472656,684.8841547966003
1704792504720,1434.2906188964844,687.9124546051025
1704792504731,1438.8417053222656,684.7686696052551
1704792504743,1443.1205749511719,686.4632034301758
1704792504754,1446.4543151855469,688.6850810050964
1704792504765,1446.7121124267578,680.2126049995422
1704792504799,1397.131576538086,696.6347193717957
1704792504817,744.2303657531738,928.340950012207
1704792504821,556.129150390625,1010.8423519134521
1704792504832,480.8891487121582,981.3844013214111
1704792504843,457.88822174072266,978.3318758010864
1704792504854,440.16027450561523,968.732099533081
1704792504865,436.06611251831055,971.5625381469727
1704792504876,444.01851654052734,958.4649467468262
1704792504887,442.18135833740234,960.2016019821167
1704792504898,443.5591506958008,955.8129072189331
1704792504910,447.79056549072266,960.752420425415
1704792504929,447.6865005493164,960.4324436187744
1704792504949,454.4985580444336,958.2390832901001
1704792504954,462.4474334716797,954.0214920043945
1704792504966,454.5320701599121,951.4294052124023
1704792504977,440.98052978515625,954.739294052124
1704792504987,435.2544403076172,958.7898588180542
1704792504998,429.98952865600586,959.137601852417
1704792505009,496.12083435058594,995.5220460891724
1704792505020,545.5261421203613,1007.2063064575195
1704792505031,565.1939010620117,1021.5130805969238
1704792505042,635.9139442443848,1080.3327226638794
1704792505082,615.7112312316895,1078.8483667373657
1704792505083,625.6545257568359,1078.9634227752686
1704792505087,633.6932563781738,1068.5996675491333
1704792505099,630.3709983825684,1068.1301307678223
1704792505109,828.8531494140625,1198.5490894317627
1704792505119,844.7784042358398,1217.747139930725
1704792505130,877.1844863891602,1234.2780876159668
1704792505141,nan,nan
1704792505152,nan,nan
1704792505163,nan,nan
1704792505174,nan,nan
1704792505185,nan,nan
1704792505196,nan,nan
1704792505230,nan,nan
1704792505246,nan,nan
1704792505252,nan,nan
1704792505263,nan,nan
1704792505273,nan,nan
1704792505284,nan,nan
1704792505295,nan,nan
1704792505305,nan,nan
1704792505325,nan,nan
1704792505362,nan,nan
1704792505363,nan,nan
1704792505364,nan,nan
1704792505378,nan,nan
1704792505387,nan,nan
1704792505398,nan,nan
1704792505408,nan,nan
1704792505420,nan,nan
1704792505431,nan,nan
1704792505442,nan,nan
1704792505453,nan,nan
1704792505465,nan,nan
1704792505475,nan,nan
1704792505493,nan,nan
1704792505514,nan,nan
1704792505521,nan,nan
1704792505538,nan,nan
1704792505553,nan,nan
1704792505564,nan,nan
1704792505576,nan,nan
1704792505587,nan,nan
1704792505598,nan,nan
1704792505609,nan,nan
1704792505649,nan,nan
1704792505650,nan,nan
1704792505654,nan,nan
1704792505666,nan,nan
1704792505676,nan,nan
1704792505687,nan,nan
1704792505698,nan,nan
1704792505709,nan,nan
1704792505721,nan,nan
1704792505731,nan,nan
1704792505742,nan,nan
1704792505753,nan,nan
1704792505764,nan,nan
1704792505799,nan,nan
1704792505800,nan,nan
1704792505815,nan,nan
1704792505820,nan,nan
1704792505831,nan,nan
1704792505842,nan,nan
1704792505853,nan,nan
1704792505864,nan,nan
1704792505876,nan,nan
1704792505886,nan,nan
1704792505898,nan,nan
1704792505909,nan,nan
1704792505929,nan,nan
1704792505949,nan,nan
1704792505953,nan,nan
1704792505965,nan,nan
1704792505975,nan,nan
1704792505987,nan,nan
1704792505998,nan,nan
1704792506010,nan,nan
1704792506021,nan,nan
1704792506032,nan,nan
1704792506043,nan,nan
1704792506081,nan,nan
1704792506082,nan,nan
1704792506088,nan,nan
1704792506099,nan,nan
1704792506112,1103.7512969970703,1018.0885219573975
1704792506121,1144.3563079833984,966.9129180908203
1704792506132,1144.3563079833984,966.9129180908203
1704792506144,1402.9109191894531,641.0487270355225
1704792506154,nan,nan
1704792506166,1096.4593887329102,770.7114744186401
1704792506177,1120.6563568115234,769.6101593971252
1704792506188,1120.6563568115234,769.6101593971252
1704792506209,1179.7138214111328,763.8240337371826
1704792506230,1130.7017517089844,744.0395879745483
1704792506233,1142.1102905273438,726.8527436256409
1704792506246,1141.632194519043,733.5629439353943
1704792506256,1148.3466339111328,735.9351754188538
1704792506267,1139.6159362792969,747.7389764785767
1704792506278,1142.0466995239258,740.9795308113098
1704792506289,1142.6364517211914,749.9733853340149
1704792506300,1186.083106994629,749.1482305526733
1704792506311,1384.1015625,728.9328074455261
1704792506322,1406.6484069824219,730.1087951660156
1704792506334,1417.0906829833984,734.5102572441101
1704792506366,1411.09619140625,739.0606784820557
1704792506367,1396.512680053711,716.3230562210083
1704792506383,1408.4260559082031,707.5917148590088
1704792506389,1424.5045471191406,714.4067788124084
1704792506400,1417.8826141357422,725.1823496818542
1704792506412,1413.2286071777344,725.2575588226318
1704792506423,1409.2306518554688,721.555380821228
1704792506434,1424.4847106933594,707.1836757659912
1704792506445,1419.752197265625,708.6361885070801
1704792506456,1409.3647766113281,702.2650408744812
1704792506467,1404.9081420898438,704.4315576553345
1704792506479,1409.6861267089844,706.7858719825745
1704792506516,1407.8649139404297,704.5777702331543
1704792506517,1406.8080139160156,715.823221206665
1704792506522,1420.2942657470703,722.2787404060364
1704792506535,1417.5328063964844,712.5800657272339
1704792506544,1416.2616729736328,721.3564896583557
1704792506555,1402.9657745361328,701.9969058036804
1704792506566,1402.059326171875,705.7416987419128
1704792506578,1403.1428527832031,704.8435235023499
1704792506589,1413.7109375,689.7370219230652
1704792506600,1404.1499328613281,700.2557873725891
1704792506611,1399.879150390625,688.4076976776123
1704792506622,1396.2749481201172,711.0515069961548
1704792506645,1405.0756072998047,701.6883873939514
1704792506664,1406.0095977783203,698.2455253601074
1704792506665,1416.6754913330078,695.2852463722229
1704792506666,1428.3077239990234,691.568112373352
1704792506680,1369.2250061035156,707.5292730331421
1704792506689,1360.202865600586,718.6308717727661
1704792506700,1329.7074127197266,721.1616325378418
1704792506711,1338.10791015625,711.882905960083
1704792506722,1338.1005859375,706.0848712921143
1704792506733,1352.0345306396484,715.2282857894897
1704792506745,1359.1609191894531,716.5454864501953
1704792506756,1356.2159729003906,722.5544714927673
1704792506800,1364.361801147461,701.8798112869263
1704792506815,1364.7023010253906,703.2104229927063
1704792506822,1346.4837646484375,698.8023734092712
1704792506833,1351.0599517822266,687.7643966674805
1704792506844,1360.049819946289,690.1545882225037
1704792506855,1380.5247497558594,701.6355800628662
1704792506865,1374.1499328613281,707.2796130180359
1704792506878,1790.9917449951172,1043.2400465011597
1704792506888,2087.427978515625,1282.4741649627686
1704792506898,2087.427978515625,1282.4741649627686
1704792506933,nan,nan
1704792506934,nan,nan
1704792506942,nan,nan
1704792506954,nan,nan
1704792506966,nan,nan
1704792506976,nan,nan
1704792506986,nan,nan
1704792506997,nan,nan
1704792507008,nan,nan
1704792507019,nan,nan
1704792507030,nan,nan
1704792507042,nan,nan
1704792507052,nan,nan
1704792507084,nan,nan
1704792507085,nan,nan
1704792507104,nan,nan
1704792507123,nan,nan
1704792507133,nan,nan
1704792507144,nan,nan
1704792507156,nan,nan
1704792507167,nan,nan
1704792507178,nan,nan
1704792507189,nan,nan
1704792507200,nan,nan
1704792507234,nan,nan
1704792507235,nan,nan
1704792507244,nan,nan
1704792507256,nan,nan
1704792507267,nan,nan
1704792507278,nan,nan
1704792507289,nan,nan
1704792507300,nan,nan
1704792507311,nan,nan
1704792507322,nan,nan
1704792507334,nan,nan
1704792507344,nan,nan
1704792507365,nan,nan
1704792507385,nan,nan
1704792507389,nan,nan
1704792507402,nan,nan
1704792507411,nan,nan
1704792507423,nan,nan
1704792507434,nan,nan
1704792507445,nan,nan
1704792507456,nan,nan
1704792507467,nan,nan
1704792507477,nan,nan
1704792507516,nan,nan
1704792507517,nan,nan
1704792507522,nan,nan
1704792507533,nan,nan
1704792507547,nan,nan
1704792507556,nan,nan
1704792507567,nan,nan
1704792507577,nan,nan
1704792507589,nan,nan
1704792507600,nan,nan
1704792507611,nan,nan
1704792507622,nan,nan
1704792507633,nan,nan
1704792507667,nan,nan
1704792507668,nan,nan
1704792507683,nan,nan
1704792507689,nan,nan
1704792507701,nan,nan
1704792507711,nan,nan
1704792507722,nan,nan
1704792507734,nan,nan
1704792507744,nan,nan
1704792507755,nan,nan
1704792507767,nan,nan
1704792507800,nan,nan
1704792507801,nan,nan
1704792507818,nan,nan
1704792507823,nan,nan
1704792507834,nan,nan
1704792507845,nan,nan
1704792507856,nan,nan
1704792507866,nan,nan
1704792507877,nan,nan
1704792507888,nan,nan
1704792507900,nan,nan
1704792507911,nan,nan
1704792507952,nan,nan
1704792507953,nan,nan
1704792507955,nan,nan
1704792507970,nan,nan
1704792507977,nan,nan
1704792507989,nan,nan
1704792508000,nan,nan
1704792508011,nan,nan
1704792508022,nan,nan
1704792508033,nan,nan
1704792508044,nan,nan
1704792508056,nan,nan
1704792508067,nan,nan
1704792508101,nan,nan
1704792508102,nan,nan
1704792508111,nan,nan
1704792508122,nan,nan
1704792508134,nan,nan
1704792508144,nan,nan
1704792508156,nan,nan
1704792508167,nan,nan
1704792508177,nan,nan
1704792508189,nan,nan
1704792508200,nan,nan
1704792508211,nan,nan
1704792508251,nan,nan
1704792508252,nan,nan
1704792508255,nan,nan
1704792508270,nan,nan
1704792508277,nan,nan
1704792508288,nan,nan
1704792508299,nan,nan
1704792508310,nan,nan
1704792508322,nan,nan
1704792508333,nan,nan
1704792508343,nan,nan
1704792508355,nan,nan
1704792508366,nan,nan
1704792508401,nan,nan
1704792508402,nan,nan
1704792508418,nan,nan
1704792508422,nan,nan
1704792508434,nan,nan
1704792508444,nan,nan
1704792508455,nan,nan
1704792508466,nan,nan
1704792508477,nan,nan
1704792508488,nan,nan
1704792508500,nan,nan
1704792508538,nan,nan
1704792508539,nan,nan
1704792508544,nan,nan
1704792508555,nan,nan
1704792508569,nan,nan
1704792508577,nan,nan
1704792508589,nan,nan
1704792508599,nan,nan
1704792508610,nan,nan
1704792508621,nan,nan
1704792508632,nan,nan
1704792508643,nan,nan
1704792508685,nan,nan
1704792508686,nan,nan
1704792508688,nan,nan
1704792508702,nan,nan
1704792508710,nan,nan
1704792508721,nan,nan
1704792508732,nan,nan
1704792508743,nan,nan
1704792508755,nan,nan
1704792508766,nan,nan
1704792508776,nan,nan
1704792508788,nan,nan
1704792508800,nan,nan
1704792508836,nan,nan
1704792508843,nan,nan
1704792508855,nan,nan
1704792508867,nan,nan
1704792508877,nan,nan
1704792508888,nan,nan
1704792508900,nan,nan
1704792508910,nan,nan
1704792508922,nan,nan
1704792508933,nan,nan
1704792508968,nan,nan
1704792508969,nan,nan
1704792508976,nan,nan
1704792508987,nan,nan
1704792509000,nan,nan
1704792509009,nan,nan
1704792509021,nan,nan
1704792509032,nan,nan
1704792509043,nan,nan
1704792509062,nan,nan
1704792509077,nan,nan
1704792509098,nan,nan
1704792509118,nan,nan
1704792509119,nan,nan
1704792509123,nan,nan
1704792509136,1646.79443359375,703.1506633758545
1704792509147,1452.3731231689453,684.8282146453857
1704792509157,1450.6200408935547,683.9701652526855
1704792509168,1440.645523071289,681.1675357818604
1704792509180,1440.2291107177734,676.4186954498291
1704792509191,1440.8460998535156,680.5444049835205
1704792509202,1440.9126281738281,680.6029200553894
1704792509214,1440.1480865478516,677.4352312088013
1704792509249,1457.0609283447266,679.5535111427307
1704792509250,1458.9698791503906,670.3340935707092
1704792509265,1463.1936645507812,703.2176113128662
1704792509268,1461.7585754394531,714.8914647102356
1704792509281,1453.3505249023438,714.108624458313
1704792509292,1442.374038696289,698.9258408546448
1704792509302,1443.0420684814453,695.3948521614075
1704792509314,1452.494125366211,685.9385848045349
1704792509325,1456.3931274414062,682.3967814445496
1704792509336,1467.8135681152344,684.5697569847107
1704792509347,1468.4165954589844,684.4172787666321
1704792509357,1475.4102325439453,698.2173085212708
1704792509381,1459.3859100341797,717.5985646247864
1704792509402,1471.0346984863281,721.1725544929504
1704792509418,1517.2393035888672,633.9198875427246
1704792509425,1521.9062805175781,640.4395651817322
1704792509436,1515.7640075683594,649.6665143966675
1704792509447,1522.5576782226562,648.2602858543396
1704792509458,1519.6087646484375,654.978768825531
1704792509468,1510.6556701660156,663.2791972160339
1704792509480,1507.9512786865234,655.0375843048096
1704792509491,1511.3676452636719,646.2555813789368
1704792509502,1519.2324829101562,625.1801991462708
1704792509514,1519.2646026611328,633.7959909439087
1704792509553,1512.9263305664062,638.8466334342957
1704792509554,1519.4580841064453,637.055926322937
1704792509558,1533.1209564208984,626.8897747993469
1704792509569,1514.2610931396484,637.4751877784729
1704792509582,1506.034164428711,644.876389503479
1704792509591,1504.3863677978516,644.5220375061035
1704792509602,1516.77734375,652.9532074928284
1704792509613,1522.4056243896484,652.9390668869019
1704792509624,1525.4499053955078,645.9253692626953
1704792509635,1514.6903991699219,637.7742004394531
1704792509646,1517.4787902832031,632.0450448989868
1704792509682,1521.2085723876953,642.5117540359497
1704792509699,1517.8884887695312,613.581748008728
1704792509703,1513.0799102783203,616.9949769973755
1704792509715,1525.5384063720703,617.1500730514526
1704792509724,1526.082763671875,627.6384544372559
1704792509735,1526.7768096923828,628.2956385612488
1704792509746,1527.255859375,621.2016463279724
1704792509757,1507.598648071289,625.8541417121887
1704792509768,1441.5460968017578,630.4454612731934
1704792509779,942.4053955078125,649.3069696426392
1704792509791,893.9963150024414,654.189190864563
1704792509802,869.531135559082,646.4903712272644
1704792509836,884.3232345581055,643.2779002189636
1704792509837,869.9964141845703,648.7023568153381
1704792509854,869.7169494628906,659.8519992828369
1704792509858,874.5397186279297,670.5491638183594
1704792509870,886.4828872680664,662.9613447189331
1704792509880,898.8169479370117,679.6033143997192
1704792509891,901.5375518798828,678.6082148551941
1704792509902,899.0839385986328,679.7709631919861
1704792509913,892.3638916015625,662.276566028595
1704792509924,875.6382369995117,663.2278275489807
1704792509966,844.3734741210938,695.0174117088318
1704792509967,631.031494140625,797.582573890686
1704792509968,599.9973678588867,813.1484842300415
1704792509983,592.6233100891113,822.5781011581421
1704792509990,586.1504745483398,825.6118726730347
1704792510003,594.7101020812988,817.8423070907593
1704792510013,591.5486526489258,809.9681568145752
1704792510023,586.5682029724121,804.2291307449341
1704792510035,585.6316375732422,812.9623603820801
1704792510046,586.6664123535156,815.3783655166626
1704792510057,581.2638664245605,808.3638954162598
1704792510068,576.1559677124023,819.7007131576538
1704792510080,593.7670135498047,838.3264017105103
1704792510099,633.4388542175293,857.856273651123
1704792510120,699.8946189880371,862.8952646255493
1704792510123,nan,nan
1704792510136,nan,nan
1704792510144,nan,nan
1704792510157,nan,nan
1704792510167,nan,nan
1704792510178,nan,nan
1704792510189,nan,nan
1704792510200,nan,nan
1704792510210,nan,nan
1704792510221,nan,nan
1704792510253,nan,nan
1704792510254,nan,nan
1704792510255,nan,nan
1704792510269,nan,nan
1704792510277,nan,nan
1704792510288,nan,nan
1704792510298,nan,nan
1704792510309,nan,nan
1704792510321,nan,nan
1704792510332,nan,nan
1704792510343,nan,nan
1704792510354,nan,nan
1704792510365,nan,nan
1704792510403,nan,nan
1704792510404,nan,nan
1704792510410,nan,nan
1704792510421,nan,nan
1704792510434,nan,nan
1704792510444,nan,nan
1704792510455,nan,nan
1704792510466,nan,nan
1704792510477,nan,nan
