timestamp,x,y
1706695955369,nan,nan
1706695955375,nan,nan
1706695955387,nan,nan
1706695955397,nan,nan
1706695955408,nan,nan
1706695955419,nan,nan
1706695955430,nan,nan
1706695955441,nan,nan
1706695955451,nan,nan
1706695955470,nan,nan
1706695955500,nan,nan
1706695955521,nan,nan
1706695955525,nan,nan
1706695955539,nan,nan
1706695955545,1480.99961809584,858.5527315735817
1706695955557,1506.828411824294,868.8526131212711
1706695955568,1494.093190853376,876.7772562801838
1706695955579,1440.598248989862,905.935388803482
1706695955589,1292.445214876287,970.0227573513985
1706695955601,1279.0589705328057,966.1064147949219
1706695955612,1240.7218188232494,999.0160137414932
1706695955623,1251.2970204314863,982.857982814312
1706695955635,1280.6143943825537,990.4058754444122
1706695955671,1287.4297582186168,992.4871906638145
1706695955679,1274.2450291781527,1001.7989620566368
1706695955694,1280.1932195123277,988.9350280165672
1706695955702,1284.6578715596654,991.1893874406815
1706695955713,1293.335101115861,985.8503565192223
1706695955724,1291.7643702764158,985.8343601226807
1706695955735,1292.021237446722,986.414335668087
1706695955746,1284.639807415098,989.5763844251633
1706695955757,1284.4317046790538,988.0793482065201
1706695955768,1285.4979726033494,987.2649475932121
1706695955779,1291.9022373354321,982.6300412416458
1706695955791,1287.6245250030138,981.2238588929176
1706695955828,1281.557152150389,980.9865459799767
1706695955829,1282.5717090537746,977.9689744114876
1706695955835,1290.6056160057647,972.6608887314796
1706695955849,1284.1789909663544,977.6588425040245
1706695955858,1284.316542833506,980.1554411649704
1706695955869,1281.227598058721,973.5994949936867
1706695955880,1287.9048592907434,966.7588979005814
1706695955891,1285.960723886104,965.7390639185905
1706695955902,1284.2518032658604,975.4037469625473
1706695955913,1283.1013168256154,1004.071781039238
1706695955924,1298.2242002836488,1037.4641880393028
1706695955935,1306.119641298821,1040.7835111021996
1706695955968,1312.6152678369363,1034.1070115566254
1706695955969,1311.3623810117028,1037.7016425132751
1706695955986,1312.106775913699,1040.2338862419128
1706695955990,1313.4649516245972,1038.1144061684608
1706695956002,1311.1461420275716,1039.4493266940117
1706695956012,1312.7614223387345,1037.3789966106415
1706695956023,1317.137107118022,1034.596897661686
1706695956035,1320.1884854004957,1034.0929120779037
1706695956046,1315.7955181643047,1036.1773699522018
1706695956057,1311.8696690350125,1036.5947768092155
1706695956068,1314.1669397213896,1038.5655894875526
1706695956079,1314.4804956221947,1041.9738978147507
1706695956124,1314.3474687271146,1045.1102390885353
1706695956125,1309.3721682217606,1040.2827814221382
1706695956142,1311.1097203128336,1025.5456268787384
1706695956146,1309.548980959229,1032.4164897203445
1706695956157,1301.0228282734338,1032.2719275951385
1706695956168,1300.0892846117654,1034.5369890332222
1706695956179,1305.1424922306915,1032.4539750814438
1706695956190,1309.4403178320044,1032.6808124780655
1706695956201,1311.752279972924,1032.6872110366821
1706695956212,1310.3442903609093,1033.430378139019
1706695956223,1310.9887584322698,1038.2072418928146
1706695956235,1311.5264519983948,1037.1502622961998
1706695956278,1312.3972977717224,1040.0249138474464
1706695956279,1312.5740415864018,1039.9236127734184
1706695956294,1317.9918047336603,1040.3497397899628
1706695956302,1327.1100049131865,1054.0593594312668
1706695956314,1332.4313871330419,1071.7718720436096
1706695956324,1347.1672772471625,1096.2758883833885
1706695956334,1350.5646078633417,1093.5330584645271
1706695956345,1344.1687197957776,1095.8291783928871
1706695956357,1341.853818220483,1094.8419883847237
1706695956368,1337.6307993606747,1095.9128126502037
1706695956379,1343.219275567542,1092.9197311401367
1706695956422,1342.3901703925815,1095.3245133161545
1706695956423,1327.3160979449476,1094.276537001133
1706695956440,1335.8731080825378,1096.3518217206001
1706695956445,1337.7555870502765,1095.857122540474
1706695956458,1343.3969303880544,1094.4049045443535
1706695956468,1342.3868798139406,1090.71364402771
1706695956479,1343.3601573582255,1092.687712609768
1706695956491,1343.6883298618318,1095.562420785427
1706695956502,1345.716228122067,1101.7994865775108
1706695956512,1350.533631388641,1097.3834618926048
1706695956523,1351.6802738178778,1092.3758253455162
1706695956534,1351.980274819579,1091.2697240710258
1706695956573,1347.3128707933165,1092.9336607456207
1706695956574,1306.5986845271595,1068.0800452828407
1706695956579,1264.2210605794553,1042.2044157981873
1706695956590,1258.5618043851987,1043.7204778194427
1706695956602,1258.623516699255,1042.791073024273
1706695956612,1256.2109492111595,1038.8312995433807
1706695956623,1256.492361170246,1036.84701025486
1706695956635,1256.2894434507848,1036.289967596531
1706695956646,1252.0285767938115,1039.8079857230186
1706695956657,1251.6836615972707,1039.5656615495682
1706695956668,1256.365581010748,1042.4385577440262
1706695956679,1258.5556070874568,1039.8193672299385
1706695956722,1259.835026115045,1039.1175359487534
1706695956723,1256.179515034717,1039.2117589712143
1706695956740,1255.8820970246338,1042.7296921610832
1706695956745,1254.4891410626105,1044.0442845225334
1706695956758,1254.034092737776,1043.5790583491325
1706695956768,1260.1654856691903,1041.1365076899529
1706695956778,1268.3544356436514,1032.9424738883972
1706695956790,1360.7944555754373,953.46889346838
1706695956801,1441.655562826357,882.0475876331329
1706695956812,1552.178152128732,786.1944191157818
1706695956823,1662.6372143211079,675.4284471273422
1706695956834,1686.5653045982867,639.6974518895149
1706695956873,1698.028944415755,619.5558723062277
1706695956874,1700.239128104672,613.5517805814743
1706695956879,1701.5619455641383,616.0553511232138
1706695956890,1701.096677350116,617.9527077823877
1706695956902,1700.7199754424512,617.7630797028542
1706695956912,1700.5078648820017,615.7815225422382
1706695956923,1697.7679604652203,613.3865293115377
1706695956934,1699.1583368533495,615.5704621225595
1706695956945,1700.6934206859833,616.6387099772692
1706695956956,1707.4776120505057,622.0100026577711
1706695956968,1708.8797336938392,620.9844708442688
1706695956979,1706.6778672263667,624.0390747785568
1706695956990,1703.761694034354,620.0440809130669
1706695957026,1704.7229354603903,616.5357809513807
1706695957027,1702.96362443115,618.1360010057688
1706695957034,1703.0986621612863,614.9090111255646
1706695957045,1702.8662421236654,576.9283421337605
1706695957057,1685.3400452515878,530.9609660878778
1706695957068,1681.0993502649535,512.5651879236102
1706695957078,1675.2947301075174,514.9871379137039
1706695957090,1678.4305784295323,516.0211987793446
1706695957101,1673.1809752558845,517.0921575278044
1706695957112,1676.21548387004,519.1705530509353
1706695957123,1674.8353723477153,521.5215101838112
1706695957134,1676.5779702985278,516.6593983769417
1706695957187,1677.6014016100385,513.7326488271356
1706695957188,1675.4180758280343,512.2443858534098
1706695957190,1682.5031601424084,515.3789222240448
1706695957205,1678.2834534084286,512.5517290085554
1706695957212,1662.794612177954,514.8040287196636
1706695957224,1519.5677707536602,517.6730815321207
1706695957233,1466.7567886542831,518.1343404576182
1706695957245,1156.1720002713291,540.7145848497748
1706695957256,787.9165470687177,557.8337939456105
1706695957267,773.1152953594446,556.883848644793
1706695957279,627.1037253870372,573.9548172801733
1706695957290,634.6150820677033,586.3609075546265
1706695957301,628.5112496859189,580.7878974825144
1706695957321,625.8886998519818,578.848072513938
1706695957348,628.6765906093644,576.110352948308
1706695957349,628.8919718698387,574.7785892337561
1706695957357,622.8205610902098,567.0940831303596
1706695957368,617.0004849956161,567.7888929843903
1706695957378,613.0591770978706,567.9241757839918
1706695957389,620.6809714675073,570.7354787737131
1706695957400,618.7301637430131,566.0561434924603
1706695957411,620.5181957648406,563.9891117811203
1706695957423,611.383372635755,564.4292674958706
1706695957434,610.4823145801511,565.3034564107656
1706695957445,605.9861526786921,562.6652896404266
1706695957489,598.5515432951222,550.3945458680391
1706695957490,598.9408024655672,539.6922063082457
1706695957507,610.4826303629841,522.4854877218604
1706695957512,608.566020559942,521.2488070130348
1706695957524,602.4767320757268,514.5941892638803
1706695957534,600.8475546035354,519.5139164105058
1706695957546,597.9698616969785,518.5707625001669
1706695957557,607.9759674010973,521.3823981583118
1706695957567,606.5342496461808,516.5563490241766
1706695957578,608.732397635327,519.5835113525391
1706695957589,604.3648582390986,521.0915397852659
1706695957600,603.838393090735,520.8976436406374
1706695957642,603.8424510734894,514.5981883630157
1706695957645,604.8756100437637,516.486056894064
1706695957660,622.2783538539577,527.714497409761
1706695957667,643.2868337963783,538.9193857088685
1706695957678,672.0740985581408,556.1827570199966
1706695957690,681.7434415494847,556.8680893629789
1706695957701,684.4497717291094,559.783036261797
1706695957712,679.169531153198,557.9386729747057
1706695957723,681.4453354213115,561.659661307931
1706695957734,680.3082853513713,557.8787714242935
1706695957745,686.3621546479121,559.2717319726944
1706695957756,681.4320725725277,557.7108446508646
1706695957798,681.6455596664136,561.4700686186552
1706695957799,681.1096547230328,564.9001490324736
1706695957800,680.1942845845301,563.9530207961798
1706695957815,735.5123533170881,591.5703818202019
1706695957822,844.6427288387121,628.8727257400751
1706695957832,945.6687587142679,682.3347710072994
1706695957843,1019.0796063459121,638.2828041911125
1706695957854,nan,nan
1706695957866,nan,nan
1706695957876,nan,nan
1706695957887,nan,nan
1706695957899,nan,nan
1706695957920,nan,nan
1706695957940,nan,nan
1706695957941,nan,nan
1706695957958,nan,nan
1706695957968,nan,nan
1706695957979,nan,nan
1706695957989,nan,nan
1706695958001,nan,nan
1706695958012,nan,nan
1706695958022,nan,nan
1706695958034,nan,nan
1706695958072,nan,nan
1706695958079,nan,nan
1706695958089,nan,nan
1706695958101,nan,nan
1706695958112,nan,nan
1706695958122,nan,nan
1706695958134,nan,nan
1706695958146,nan,nan
1706695958156,nan,nan
1706695958167,nan,nan
1706695958179,nan,nan
1706695958190,nan,nan
1706695958201,nan,nan
1706695958240,nan,nan
1706695958241,nan,nan
1706695958246,nan,nan
1706695958259,nan,nan
1706695958268,nan,nan
1706695958279,nan,nan
1706695958289,nan,nan
1706695958301,nan,nan
1706695958312,nan,nan
1706695958322,nan,nan
1706695958334,nan,nan
1706695958345,nan,nan
1706695958356,nan,nan
1706695958367,nan,nan
1706695958402,nan,nan
1706695958403,nan,nan
1706695958419,nan,nan
1706695958423,nan,nan
1706695958434,nan,nan
1706695958445,nan,nan
1706695958456,nan,nan
1706695958468,nan,nan
1706695958479,nan,nan
1706695958489,nan,nan
1706695958501,nan,nan
1706695958513,nan,nan
1706695958522,nan,nan
1706695958557,nan,nan
1706695958558,nan,nan
1706695958574,nan,nan
1706695958581,nan,nan
1706695958589,nan,nan
1706695958601,nan,nan
1706695958612,nan,nan
1706695958622,nan,nan
1706695958634,nan,nan
1706695958645,nan,nan
1706695958656,nan,nan
1706695958676,nan,nan
1706695958699,nan,nan
1706695958700,nan,nan
1706695958701,nan,nan
1706695958720,nan,nan
1706695958721,nan,nan
1706695958735,nan,nan
1706695958745,nan,nan
1706695958755,nan,nan
1706695958767,nan,nan
1706695958779,nan,nan
1706695958789,nan,nan
1706695958800,nan,nan
1706695958812,nan,nan
1706695958822,nan,nan
1706695958865,nan,nan
1706695958866,nan,nan
1706695958867,nan,nan
1706695958883,nan,nan
1706695958890,nan,nan
1706695958900,nan,nan
1706695958911,nan,nan
1706695958922,nan,nan
1706695958934,nan,nan
1706695958945,nan,nan
1706695958955,nan,nan
1706695958967,nan,nan
1706695959015,nan,nan
1706695959016,nan,nan
1706695959022,nan,nan
1706695959034,nan,nan
1706695959045,nan,nan
1706695959055,nan,nan
1706695959067,nan,nan
1706695959078,nan,nan
1706695959089,nan,nan
1706695959101,nan,nan
1706695959111,nan,nan
1706695959121,nan,nan
1706695959159,nan,nan
1706695959160,nan,nan
1706695959167,nan,nan
1706695959178,nan,nan
1706695959188,nan,nan
1706695959200,nan,nan
1706695959211,nan,nan
1706695959222,nan,nan
1706695959234,nan,nan
1706695959245,nan,nan
1706695959255,nan,nan
1706695959267,nan,nan
1706695959278,nan,nan
1706695959311,nan,nan
1706695959312,nan,nan
1706695959313,nan,nan
1706695959321,nan,nan
1706695959333,nan,nan
1706695959344,nan,nan
1706695959354,nan,nan
1706695959366,nan,nan
1706695959378,nan,nan
1706695959388,nan,nan
1706695959400,nan,nan
1706695959411,nan,nan
1706695959421,nan,nan
1706695959457,nan,nan
1706695959458,nan,nan
1706695959466,nan,nan
1706695959478,nan,nan
1706695959488,nan,nan
1706695959500,nan,nan
1706695959511,nan,nan
1706695959522,nan,nan
1706695959533,nan,nan
1706695959544,nan,nan
1706695959555,nan,nan
1706695959567,nan,nan
1706695959608,nan,nan
1706695959609,nan,nan
1706695959611,nan,nan
1706695959627,nan,nan
1706695959634,nan,nan
1706695959645,nan,nan
1706695959656,nan,nan
1706695959668,nan,nan
1706695959678,nan,nan
1706695959688,nan,nan
1706695959700,nan,nan
1706695959718,nan,nan
1706695959756,nan,nan
1706695959772,nan,nan
1706695959777,nan,nan
1706695959790,nan,nan
1706695959800,nan,nan
1706695959810,nan,nan
1706695959828,nan,nan
1706695959848,nan,nan
1706695959864,nan,nan
1706695959907,nan,nan
1706695959922,1653.1096368720189,994.1969648003578
1706695959927,1643.1778508969132,990.5823171138763
1706695959940,1640.5387739302837,985.4809671640396
1706695959949,1594.380099757797,998.6884981393814
1706695959960,1473.4222501881868,1022.5822448730469
1706695959971,1379.511034442342,1040.61788469553
1706695959982,1323.7773847529168,1051.3269200921059
1706695959994,1312.253475595926,1051.363754272461
1706695960005,1311.9727058569292,1049.5888620615005
1706695960041,1309.976223654718,1049.4555681943893
1706695960042,1308.471856661522,1042.8945541381836
1706695960055,1302.6627944679062,1044.3939685821533
1706695960059,1304.4024033248577,1043.1498169898987
1706695960071,1305.709545486691,1043.2044878602028
1706695960082,1308.7568590867259,1039.2664298415184
1706695960093,1308.209702198979,1033.936657011509
1706695960104,1305.6024149591308,1033.0779194831848
1706695960115,1306.2078459509366,1030.6811213493347
1706695960126,1304.969904684718,1029.4544100761414
1706695960137,1302.4881338413652,1029.5740857720375
1706695960149,1302.137650224309,1025.881353020668
1706695960189,1301.287688030102,1027.6880398392677
1706695960190,1302.8461964996773,1030.5393055081367
1706695960193,1302.454632843283,1029.4702649116516
1706695960206,1305.861336227649,1031.4161628484726
1706695960215,1300.9649819474703,1031.849792599678
1706695960227,1304.8244741414203,1029.7544911503792
1706695960238,1307.1463534446102,1031.7469343543053
1706695960249,1312.3739874242683,1033.3556905388832
1706695960260,1307.569009393455,1030.8416232466698
1706695960271,1307.4724160679307,1029.5818150043488
1706695960282,1300.2215102954171,1027.7708247303963
1706695960325,1301.4790771779408,1028.4459859132767
1706695960327,1312.6253731579122,1029.8284709453583
1706695960343,1313.601296115512,1030.7340368628502
1706695960349,1316.5055704003566,1026.8459782004356
1706695960361,1309.7024946318352,1023.7570032477379
1706695960371,1311.5843427912532,1025.6459653377533
1706695960382,1312.0794782805606,1024.6122866868973
1706695960394,1311.6535770475093,1023.689903318882
1706695960405,1304.9023358502748,1019.7089806199074
1706695960416,1302.058236357167,1024.0157768130302
1706695960426,1304.4075616431812,1024.3923291563988
1706695960437,1300.9572898844294,1021.8615010380745
1706695960473,1297.7152763093934,1014.3498480319977
1706695960490,1293.8542688994096,932.863099873066
1706695960493,1291.0495865641763,934.6788182854652
1706695960505,1291.6260295445568,933.7962985038757
1706695960515,1287.327361865026,934.1011926531792
1706695960527,1287.3052758897165,938.1215825676918
1706695960538,1288.0312572715177,941.9862553477287
1706695960549,1288.6679068105348,944.3011179566383
1706695960560,1286.7650568480367,943.1902036070824
1706695960570,1282.7386814188626,936.8644922971725
1706695960607,1283.1638071994726,936.5308329463005
1706695960608,1286.2303559241186,934.8511546850204
1706695960623,1291.8404298950084,941.3866028189659
1706695960626,1291.1932089080412,941.8405041098595
1706695960639,1287.7062902449911,937.413777410984
1706695960648,1288.3557166795988,935.8812093734741
1706695960659,1286.648673841552,938.9000549912453
1706695960670,1289.1568358007235,939.7328585386276
1706695960681,1285.4396817598563,943.6003059148788
1706695960693,1286.424739160232,941.9777050614357
1706695960704,1287.8875802416596,941.4069309830666
1706695960715,1290.0979447166346,939.0520066022873
1706695960736,1287.5719678663404,938.0954220890999
1706695960758,1287.1912856682547,938.258358836174
1706695960759,1286.7922761244313,937.6437291502953
1706695960760,1286.6185098182245,939.9249285459518
1706695960774,1285.1554303509247,934.1578170657158
1706695960782,1285.5960953108342,937.4079167842865
1706695960793,1283.8296662793864,967.1409428119659
1706695960804,1285.7624264825213,987.393881380558
1706695960815,1284.9250995878776,1008.0459371209145
1706695960826,1294.3484908590794,1027.9039487242699
1706695960837,1297.471729379661,1031.7141771316528
1706695960848,1297.6157275222797,1034.4903871417046
1706695960860,1298.82534938618,1041.9798716902733
1706695960871,1302.9299628389865,1046.1453899741173
1706695960911,1300.2401043667785,1047.402423620224
1706695960912,1296.5542660282115,1043.3959633111954
1706695960915,1294.8920982870964,1046.3460385799408
1706695960928,1294.8778113194612,1049.5501592755318
1706695960938,1294.5021368896282,1048.9120587706566
1706695960948,1294.4318628279395,1048.7265288829803
1706695960959,1295.5892890934858,1049.6295183897018
1706695960970,1294.6134275842055,1047.6038366556168
1706695960981,1299.222453137154,1050.155870616436
1706695960992,1321.0252685530381,1080.561962723732
1706695961003,1326.0320830237408,1091.1674320697784
1706695961014,1331.1650173259068,1097.999507188797
1706695961032,1325.664272649317,1095.5570131540298
1706695961058,1331.91691736627,1096.6046780347824
1706695961059,1325.7896121586277,1101.890368759632
1706695961073,1319.6258175902362,1098.6523300409317
1706695961081,1319.404709004758,1098.728857934475
1706695961092,1320.6086654587007,1100.448314845562
1706695961104,1322.7404052908994,1101.6313686966896
1706695961115,1328.942837071756,1100.1048028469086
1706695961126,1333.4855848361626,1101.4814838767052
1706695961137,1334.1516550300257,1102.4290934205055
1706695961148,1342.446592469917,1073.7857192754745
1706695961159,1393.5808107403636,927.252385020256
1706695961195,1423.5117874439982,838.1548911333084
1706695961204,1554.2986947815607,588.1731081753969
1706695961214,1562.829001934743,583.3523109555244
1706695961228,1571.873899835415,576.8867090344429
1706695961237,1571.9159874393295,575.2079650759697
1706695961248,1575.619160458313,574.512454494834
1706695961259,1571.8606144697615,578.0231397598982
1706695961270,1571.9673499363084,580.2430927753448
1706695961281,1565.8976568563894,582.1681033819914
1706695961293,1561.2075070416206,582.6417949050665
1706695961304,1558.3637576106648,582.0554066449404
1706695961341,1560.563388361645,578.7517685443163
1706695961342,1563.771267710637,579.3312910944223
1706695961348,1601.2068731325073,555.7540394365788
1706695961359,1689.0877258921637,528.713221102953
1706695961371,1728.856670622852,521.4257618412375
1706695961381,1755.1875537531046,522.6076796650887
1706695961393,1765.8472417834826,527.7627697214484
1706695961404,1761.9801934514148,526.7231278121471
1706695961415,1757.5091152078767,523.6614175140858
1706695961426,1760.384105540165,519.5508426055312
1706695961437,1764.0053645798193,519.9784418568015
1706695961448,1766.8012447797585,522.8508708998561
1706695961460,1766.430605520514,526.674735173583
1706695961491,1763.5596155941084,525.7788944989443
1706695961492,1759.3426858551509,525.747018493712
1706695961493,1758.1168324115697,524.55929312855
1706695961507,1761.0176092448446,525.4386914893985
1706695961514,1762.7582331957938,523.6032111570239
1706695961526,1816.1758403870404,523.7969975918531
1706695961536,1899.1710266947653,525.7050208747387
1706695961547,1999.0316475920315,531.5068431198597
1706695961559,2118.706252808206,527.9981538653374
1706695961570,2129.826297045362,530.4438471794128
1706695961581,2134.775871481481,529.188434407115
1706695961592,2139.0249527906567,529.6292625367641
1706695961603,2141.9338384628127,530.7580631226301
1706695961642,2138.416721841527,534.2471815645695
1706695961643,2137.513320925659,533.0420300364494
1706695961648,2140.8812562267435,533.6224444210529
1706695961659,2145.360309334337,535.5810262262821
1706695961670,2141.1737373869905,533.9998461306095
1706695961681,2106.8299066806703,528.0430428683758
1706695961692,1895.317761074537,520.9701158106327
1706695961702,1816.5766304695674,513.6337649077177
1706695961714,1451.138867927577,510.5008564889431
1706695961725,979.5226441439712,513.2430600002408
1706695961736,979.5226441439712,513.2430600002408
1706695961748,614.4621424866978,554.3420813977718
1706695961759,551.5053316556205,560.0370002910495
1706695961794,551.4665062423765,552.8621139004827
1706695961810,544.6078920290884,544.3440256640315
1706695961815,540.6354600220895,543.9698055386543
1706695961826,534.284212878458,539.969520829618
1706695961837,533.3972038697777,541.6982216760516
1706695961848,537.9247751650275,547.9623291641474
1706695961859,536.3291331441792,545.5044439062476
1706695961870,534.3407628121203,544.4142894819379
1706695961880,532.9917851984816,540.6440166756511
1706695961892,530.4828016288972,540.8223340287805
1706695961903,530.1502790830776,540.1957849040627
1706695961942,528.0792963974524,538.4728420525789
1706695961948,529.4729481545301,543.6563823372126
1706695961959,532.3004403671478,546.2958054617047
1706695961970,542.3765032838146,545.567923411727
1706695961981,626.1860610071162,531.1943648383021
1706695961992,821.1236225537054,520.4263728111982
1706695962003,900.8879465564733,517.5163203850389
1706695962014,938.6733714966578,514.0810871496797
1706695962026,955.3443314453741,509.30774472653866
1706695962037,954.8453184517547,505.42698353528976
1706695962048,954.1960924129497,505.56144528090954
1706695962059,953.399020078196,504.69446182250977
1706695962091,951.655460466228,505.9501364827156
1706695962092,956.6901247300584,506.07712734490633
1706695962107,957.3366928638685,504.0657928213477
1706695962114,953.4113774754962,503.88912819325924
1706695962125,951.6343103634381,499.4201384484768
1706695962136,951.820277812385,500.41904263198376
1706695962147,952.6046505473156,501.104424521327
1706695962158,950.8549177564186,500.03631822764874
1706695962169,954.3096115355244,498.349211551249
1706695962181,954.8200374187672,500.0774275511503
1706695962192,961.2089771819144,499.5648492127657
1706695962203,959.2776227043037,499.02814887464046
1706695962241,983.8320402487923,491.26560371369123
1706695962242,1153.2523917620917,486.238962598145
1706695962247,1450.18663542824,490.6941430643201
1706695962259,1569.8903493063353,495.5236215144396
1706695962271,1586.9143405529094,497.8762986138463
1706695962281,1587.2942267112433,498.2631530612707
1706695962292,1588.3058395585842,498.0676218867302
1706695962303,1586.9522313154202,498.9470520988107
1706695962314,1585.9838182535318,502.0374674350023
1706695962326,1585.2835193031626,506.49408120661974
1706695962336,1585.8981520527761,504.94824182242155
1706695962348,1589.5708759511574,507.0007599890232
1706695962359,1591.135613328093,504.2541680857539
1706695962393,1588.7650070267853,507.29358959943056
1706695962394,1583.8782326125852,506.63261990994215
1706695962409,1586.9905261121921,503.4026466310024
1706695962415,1592.569339040753,500.5962770432234
1706695962426,1593.2353167455042,502.5033801794052
1706695962437,1623.1940141710809,503.2183766365051
1706695962447,1684.5613502318029,509.2639174312353
1706695962458,1797.7077339662794,507.2903797030449
1706695962469,1818.9331817420968,506.7253176122904
1706695962480,1827.1342121367186,505.5801313370466
1706695962491,1829.3081096755268,508.0418989062309
1706695962529,1829.280312274717,508.4154713898897
1706695962530,1828.1941783406626,509.0710051357746
1706695962536,1825.5368312743542,510.19252240657806
1706695962547,1819.3046484722058,508.3654083311558
1706695962560,1817.5890430978825,505.1287427544594
1706695962570,1817.6161690672686,501.41865108162165
1706695962580,1821.4931663799834,500.85642021149397
1706695962592,1824.963413324665,496.99286222457886
1706695962602,1853.7567577331724,503.1797269359231
1706695962613,1892.7105706135735,508.8154839351773
1706695962625,1957.5043311032437,523.9110745489597
1706695962636,1962.4065163923435,527.0868476480246
1706695962656,1965.9755529564038,530.3216233849525
1706695962677,1966.3561788140896,524.3138510733843
1706695962678,1965.0575583146763,524.296884983778
1706695962680,1961.2650617290383,521.9791274517775
1706695962695,1958.9956844695455,525.8769892156124
1706695962703,1961.4025719978704,524.6614046394825
1706695962714,1961.129139910799,522.9448992758989
1706695962726,1962.7427964455603,523.1047783046961
1706695962736,1964.9006573657125,523.2901524752378
1706695962747,1968.4757729546632,525.0696383416653
1706695962759,1966.1424944042788,527.6100147515535
1706695962770,1918.4180546767752,530.1046598702669
1706695962781,1785.4412513256482,523.9732693880796
1706695962792,1432.0665210294808,526.8325686454773
1706695962826,1222.2322946054987,530.4933652281761
1706695962843,662.8693676558032,592.8788729012012
1706695962847,630.9573893018755,600.5713559687138
1706695962858,634.0943468205476,604.4957462698221
1706695962869,632.1936657748894,600.5536891520023
1706695962880,633.3670251221329,602.2846691310406
1706695962891,628.7729772959093,600.9112793952227
1706695962902,625.4285524439701,598.9761967211962
1706695962913,625.6703963708508,599.9589841812849
1706695962925,625.4783438645505,600.582617148757
1706695962935,625.7112434739213,602.6258453726768
1706695962988,623.966405963796,603.760365024209
1706695962991,613.0212773187687,597.8521455079317
1706695963005,610.7034940856413,596.9882126897573
1706695963014,605.8659057172949,592.9405368864536
1706695963025,611.0032335535934,594.1603187471628
1706695963036,665.8167573294418,623.6907992511988
1706695963047,814.0057948832657,693.6898909509182
1706695963058,1096.3799007063526,847.761519998312
1706695963069,1193.857720746483,914.2122358083725
1706695963080,1247.962476532437,949.6615529060364
1706695963092,1271.6510435777275,965.6054586172104
1706695963103,1270.6966105044758,962.3558685183525
1706695963114,1271.4432111207584,963.4905934333801
1706695963151,1269.0598647414872,968.1773960590363
1706695963153,1272.4308485882962,972.2069591283798
1706695963158,1277.6007244563125,975.7474288344383
1706695963169,1277.033213147241,973.1717258691788
1706695963182,1278.1059723286605,977.0479500293732
1706695963191,1284.68667123395,977.5692909955978
1706695963202,1290.1857682759207,979.7658935189247
1706695963213,1288.2561924165882,978.58926653862
1706695963224,1279.5471253367002,976.1161386966705
1706695963235,1278.882699422714,974.8368799686432
1706695963246,1279.234237037127,977.3242205381393
1706695963257,1284.099686422569,979.4767409563065
1706695963294,1280.5585293128877,978.8744553923607
1706695963302,1287.5067507175245,975.3987923264503
1706695963313,1282.5345231398474,980.2158877253532
1706695963325,1281.5676418560133,980.3370073437691
1706695963335,1274.5480645516868,975.9887903928757
1706695963346,1276.9977917053234,972.5087955594063
1706695963358,1272.88721894023,973.9836066961288
1706695963369,1277.572668889733,977.4509742856026
1706695963380,1274.6157153825582,980.0211280584335
1706695963391,1276.969822965982,980.0672769546509
1706695963402,1276.5038491364103,977.0064443349838
1706695963443,1275.234339005608,979.1377872228622
1706695963444,1277.0358078045085,974.3878200650215
1706695963447,1277.7201974513812,976.2806609272957
1706695963460,1273.7108224501803,979.4676810503006
1706695963469,1273.2425752650188,978.0280619859695
1706695963479,1279.9893334337596,963.7384667992592
1706695963491,1295.5245012330217,934.4828128814697
1706695963502,1301.0300517763703,925.2979934215546
1706695963513,1297.8046686881871,927.0669117569923
1706695963524,1292.5164602626,927.5251165032387
1706695963535,1293.6778634594448,931.1947464942932
1706695963546,1297.5298131866316,924.7996136546135
1706695963580,1299.5564985991568,923.1742098927498
1706695963581,1296.5289652800664,919.6179419755936
1706695963600,1295.4541461034119,931.6094353795052
1706695963602,1299.0991368559635,936.5859001874924
1706695963614,1296.6576857984871,936.8665874004364
1706695963625,1295.7879839745585,930.9057354927063
1706695963635,1290.1722883339362,925.3073081374168
1706695963647,1297.2966787558987,921.6035902500153
1706695963658,1301.1683314526808,925.7501110434532
1706695963669,1304.5080721070876,925.3710672259331
1706695963680,1302.7268471288476,924.0580320358276
1706695963691,1300.9058590914574,924.267004430294
1706695963702,1298.6171465513232,929.4735908508301
1706695963713,1290.559203321559,938.7877121567726
1706695963763,1277.7629912057712,943.8662141561508
1706695963764,1274.2086985764097,947.6738095283508
1706695963768,1271.896875315469,945.6111237406731
1706695963781,1272.2384507561355,948.0580061674118
1706695963791,1271.1106225323906,945.7483530044556
1706695963803,1272.8223902995028,942.0512601733208
1706695963812,1271.8457537176143,938.4841486811638
1706695963824,1276.896301895475,943.5864612460136
1706695963835,1274.3279327430298,941.8650224804878
1706695963846,1272.7903078855488,944.8856517672539
1706695963857,1269.1161731158452,944.5066928863525
1706695963868,1268.1393466430072,944.9992120265961
1706695963927,1277.7037406737797,938.1168261170387
1706695963928,1279.7088933917103,935.6070905923843
1706695963935,1266.550098175002,950.279438495636
1706695963949,1268.6572497362922,941.1503940820694
1706695963957,1268.7893597772363,940.0648191571236
1706695963969,1268.6301622960393,940.8426120877266
1706695963979,1263.2103866945913,934.3458384275436
1706695963991,1158.474198542951,907.3018774390221
1706695964001,1102.363663315842,886.3861359655857
1706695964013,938.2104302314651,862.8856316208839
1706695964024,722.0710149541846,849.9462455511093
1706695964035,703.1271465381294,850.7964752614498
1706695964046,685.2241821699092,847.4289081990719
1706695964082,688.4446930342049,848.3023822307587
1706695964083,687.5926143932353,845.0101681053638
1706695964099,681.1975231230025,844.5306017994881
1706695964102,677.1071609918201,842.8019858896732
1706695964114,676.083474494361,841.477470099926
1706695964124,675.0017684011675,836.665640771389
1706695964135,671.6136293038178,838.3146852254868
1706695964146,670.2198125310902,835.6230154633522
1706695964157,674.0673622495929,840.985432267189
1706695964168,673.9183266044424,842.6904924213886
1706695964180,677.322336900587,844.6319736540318
1706695964191,669.2860910334628,844.4006629288197
1706695964213,669.945517469934,840.580227971077
1706695964240,665.2794894623241,840.5177712440491
1706695964241,665.1078576536668,837.4622188508511
1706695964246,662.1052325578112,836.4395253360271
1706695964264,661.0290256132645,836.2264335155487
1706695964268,662.3971372768772,834.0466342866421
1706695964280,659.1550326248439,824.2548577487469
1706695964291,656.466010049684,808.2552619278431
1706695964302,654.133308715358,802.7629345655441
1706695964313,656.2266775870465,805.3259395062923
1706695964324,653.6265817499591,804.4228367507458
1706695964335,649.8639695790182,805.0748527050018
1706695964345,648.9746613301413,801.2163519859314
1706695964357,654.0608398457474,800.7114604115486
1706695964368,655.8552687495843,798.9417776465416
1706695964379,654.379623141155,799.8524822294712
1706695964421,652.7015366629032,799.1644531488419
1706695964422,653.730332667759,799.3441507220268
1706695964423,650.9431889134208,796.2479136884212
1706695964440,651.057085628822,798.2686690986156
1706695964446,651.3577734194628,796.1966827511787
1706695964459,651.7761517297968,797.4153108894825
1706695964468,650.7046722858252,795.3158617019653
1706695964479,649.5241624656301,797.9990519583225
1706695964490,649.9522588580082,794.8240078985691
1706695964501,648.3440688607384,794.6038238704205
1706695964512,649.861846111575,793.9247697591782
1706695964524,651.9262234536227,798.2686124742031
1706695964565,658.0478004330203,794.8130935430527
1706695964566,715.4631979890968,769.249153137207
1706695964568,734.2835220758383,769.92342248559
1706695964580,738.9170850143267,767.1618640422821
1706695964590,737.6738470967938,764.7610172629356
1706695964601,734.2323506431582,761.1255459487438
1706695964612,735.2866792775181,765.6309947371483
1706695964624,739.3998408898847,770.0176879763603
1706695964635,741.6200898679598,770.4905301332474
1706695964646,741.5034705195902,768.7216825783253
1706695964657,740.9848341865817,767.2538787126541
1706695964667,738.0572281216519,766.5365748107433
1706695964679,737.7521668656777,765.2672253549099
1706695964714,738.6360253548056,765.5264236032963
1706695964715,737.8648831142254,767.6072008907795
1706695964730,718.5855853456046,782.4513897299767
1706695964734,712.7981429529483,790.4845394194126
1706695964745,702.3587880020896,799.756333976984
1706695964757,699.4119875422934,802.2205717861652
1706695964767,696.8397522978564,800.9164974093437
1706695964779,698.6116431657213,797.0579542219639
1706695964790,696.007518861006,789.1519971191883
1706695964801,701.818452978878,789.2185308039188
1706695964812,704.9320502642665,790.0393299758434
1706695964824,699.8360327103138,790.1181936264038
1706695964835,694.5477886517647,788.9388769865036
1706695964882,694.8303168640348,791.3796581327915
1706695964883,702.0503596088097,796.903171390295
1706695964890,672.9053776040596,765.0105893611908
1706695964903,616.2763331834606,695.8781838417053
1706695964912,nan,nan
1706695964921,nan,nan
1706695964933,nan,nan
1706695964944,nan,nan
1706695964956,608.9830554293931,1126.3178288936615
1706695964967,677.9594530987977,1017.5535440444946
1706695964979,765.7609775728897,961.6099268198013
1706695964990,814.1328087102488,835.4059174656868
1706695965033,829.2879570856282,806.5546184778214
1706695965034,808.6624575646298,803.8694463670254
1706695965050,808.8520409548031,798.4277695417404
1706695965056,813.3575406719935,801.9914269447327
1706695965067,811.4837490942983,801.0275945067406
1706695965079,813.6242323118603,801.7174921929836
1706695965090,817.2630872146324,803.4951448440552
1706695965101,817.5820709265993,802.8527125716209
1706695965112,812.4324108587265,801.0740123689175
1706695965123,811.2092539008215,798.1090873479843
1706695965134,807.9125336887606,797.7880127727985
1706695965145,811.1222025315193,797.677481919527
1706695965185,807.854095399891,798.9897668361664
1706695965186,808.3434011404086,796.6402217745781
1706695965190,771.9376316785383,838.8510175049305
1706695965202,767.2188957912456,872.9027308523655
1706695965212,757.7882500573439,921.1285963654518
1706695965224,761.4577834762146,945.6380486488342
1706695965234,763.0159824561797,951.0539188981056
1706695965245,762.2156724987524,949.7724235057831
1706695965256,765.7968398620558,955.9658601880074
1706695965267,763.7943559144923,954.8321828246117
1706695965278,767.2753570649262,956.9170087575912
1706695965290,763.3346664378616,956.0088381171227
1706695965301,764.5449787092898,957.1499049663544
1706695965312,762.0117680615318,958.3201617002487
1706695965349,768.6531131175386,957.7557861804962
1706695965350,770.0261807098807,959.1353550553322
1706695965356,764.1877527326845,959.2921763658524
1706695965368,766.1180870944229,959.4422310590744
1706695965378,770.3212178040303,959.2786997556686
1706695965389,776.1467206479463,961.1645758152008
1706695965400,774.1747543283849,959.2258974909782
1706695965412,767.1423646980825,958.6645513772964
1706695965422,766.0515141495982,959.7202569246292
1706695965434,768.4698371778445,962.7505406737328
1706695965445,775.6219646921895,964.9742662906647
1706695965456,773.0885585337435,965.0577589869499
1706695965495,766.0174338166022,963.052462041378
1706695965496,764.0568376480921,960.3705033659935
1706695965500,765.2179803368905,967.2294467687607
1706695965514,758.0371209473168,985.2069616317749
1706695965522,745.5185411075081,1015.9685134887695
1706695965533,744.5032520179184,1023.1728658080101
1706695965545,744.0694235162105,1023.7011432647705
1706695965556,743.9466230097098,1025.1734346151352
1706695965567,743.1497972326661,1025.3721579909325
1706695965578,739.9728556920629,1022.6623117923737
1706695965589,737.3601152167597,1021.3591858744621
1706695965600,734.1657406901301,1022.0225974917412
1706695965618,736.3023497505319,1022.2614392638206
1706695965645,739.1967716976751,1022.9587972164154
1706695965646,744.8418856885714,1020.98478525877
1706695965661,736.1754511525746,1023.2582837343216
1706695965667,730.0938596467018,1022.4554345011711
1706695965678,730.156867036411,1022.173161804676
1706695965689,766.4556073893591,1044.5531964302063
1706695965700,842.204467389832,1099.8116865754128
1706695965712,996.7338182683078,1213.4744077920914
1706695965723,nan,nan
1706695965733,nan,nan
1706695965744,nan,nan
1706695965756,nan,nan
1706695965774,nan,nan
1706695965798,nan,nan
1706695965799,938.1454995382572,532.1346946060658
1706695965815,938.1454995382572,532.1346946060658
1706695965822,973.7767492264384,820.6477835774422
1706695965833,992.6571990977601,805.2003607153893
1706695965843,992.6571990977601,805.2003607153893
1706695965855,993.2548356077466,782.8735813498497
1706695965866,1011.2013659253291,773.8578140735626
1706695965876,1011.2013659253291,773.8578140735626
1706695965889,1020.4605910574167,751.0406672954559
1706695965900,1020.992177080807,738.3954733610153
1706695965910,1020.992177080807,738.3954733610153
1706695965949,1036.8026829686669,727.4132251739502
1706695965955,1035.669384212335,709.7956150770187
1706695965967,1076.510063306358,711.3345816731453
1706695965979,1076.510063306358,711.3345816731453
1706695965989,1241.7083191960858,505.318745970726
1706695966000,nan,nan
1706695966011,nan,nan
1706695966022,nan,nan
1706695966033,nan,nan
1706695966045,1771.7780463227955,1286.1367508769035
1706695966055,1704.485922877657,1204.253999888897
1706695966095,1553.3072838872101,1095.238982141018
1706695966096,1196.873674711974,979.243391752243
1706695966100,1171.731070490066,960.7776612043381
1706695966111,1168.8705639310913,963.4883850812912
1706695966124,1161.0647543282203,960.169118642807
1706695966134,1163.3800140500332,962.6746356487274
1706695966144,1163.6796207438315,955.1740810275078
1706695966156,1156.533151392934,958.040663599968
1706695966167,1147.0768507754221,954.8919782042503
1706695966178,1143.4562130408879,959.3064174056053
1706695966189,1141.8009702321906,960.4644149541855
1706695966200,1147.8213459687227,961.8849232792854
1706695966211,1149.3714902041756,961.3126486539841
1706695966246,1150.6988879207368,959.053561091423
1706695966247,1142.5391071817362,959.4755828380585
1706695966261,1140.135238047365,960.8706384897232
1706695966267,1141.705395537213,962.2361645102501
1706695966279,1141.2951239340905,961.1127361655235
1706695966289,1077.188161143772,971.8058034777641
1706695966299,1021.1774775527181,977.1692395210266
1706695966311,920.2094683783059,990.3322070837021
1706695966322,798.3607946180891,1011.8292406201363
1706695966333,773.0790060860984,1015.7432332634926
1706695966344,768.7590212666422,1015.3393879532814
1706695966355,766.6156369241942,1019.5176184177399
1706695966396,762.2065458276511,1016.4101839065552
1706695966397,764.2896478574542,1017.2855690121651
1706695966400,762.8465961275965,1016.5326908230782
1706695966412,762.2365107938393,1019.3413183093071
1706695966422,754.609418529812,1014.1000494360924
1706695966433,756.5479189544424,1015.7991498708725
1706695966444,756.1112400699552,1014.9056732654572
1706695966456,756.7318173011499,1017.7368655800819
1706695966466,753.8445252221204,1018.1242898106575
1706695966478,751.120156591004,1017.9917320609093
1706695966489,752.3956565244367,1019.1627815365791
1706695966500,753.819873960518,1017.9374292492867
1706695966534,753.5188279153411,1017.7048444747925
1706695966535,752.1689249851966,1016.6091904044151
1706695966553,753.2563540972841,1014.9708762764931
1706695966556,751.7416944552228,1016.3689330220222
1706695966567,747.9900466321153,1017.0823723077774
1706695966578,748.9264637024473,1015.7271236181259
1706695966589,754.3140599780614,1005.3132429718971
1706695966600,762.9796159110554,986.891283094883
1706695966611,769.3207921313772,973.4316885471344
1706695966621,782.6072205130746,948.2544645667076
1706695966632,781.0586732434865,952.0824164152145
1706695966644,783.0507055374417,947.9355558753014
1706695966683,784.9462440316629,947.2584128379822
1706695966688,773.0592843359093,940.1514545083046
1706695966700,773.5054603193955,939.748515188694
1706695966710,777.1809814594255,942.0070931315422
1706695966722,783.7626859500464,941.2564516067505
1706695966733,786.210016424351,942.6396727561951
1706695966744,794.4776138885956,948.8474354147911
1706695966755,788.1453974928216,948.7658962607384
1706695966766,786.8800514051892,947.9181155562401
1706695966777,782.7636745995417,947.2648113965988
1706695966788,790.0947175870427,951.8243506550789
1706695966832,790.8903644746289,951.225745677948
1706695966833,786.2357155769337,946.1776226758957
1706695966853,779.6486244443493,940.3765648603439
1706695966856,777.2319054655743,938.7414783239365
1706695966867,759.3427852865345,919.1555187106133
1706695966877,745.0293429579968,884.7897946834564
1706695966889,715.4444823925737,817.1063795685768
1706695966900,716.2653217350182,803.9778113365173
1706695966911,717.2206857608228,802.0232640206814
1706695966922,720.7094109140255,805.1279805600643
1706695966933,714.9112262732893,802.0419925451279
1706695966944,713.4431880127329,803.9210453629494
1706695966980,707.9300547659901,798.5118001699448
1706695966989,711.3497181561163,796.6481633484364
1706695966999,710.4946247188614,796.5998485684395
1706695967011,707.58370790952,794.2118555307388
1706695967022,705.6789957828473,792.1981498599052
1706695967033,701.7401836837819,795.9986954927444
1706695967044,701.2992677777647,795.7171306014061
1706695967055,701.1564937747772,794.286260008812
1706695967066,704.0360288660335,790.9822538495064
1706695967077,704.4980215646225,791.2874594330788
1706695967112,702.8321038456959,792.410109192133
1706695967113,702.3313291687019,793.3904193341732
1706695967128,706.729926648678,791.1414109170437
1706695967133,703.7408052033254,788.5283924639225
1706695967144,697.8377756879264,782.9155117273331
1706695967155,695.2996886128831,781.2950767576694
1706695967166,698.0420739037916,782.6030440628529
1706695967178,701.4812957375282,788.4834751486778
1706695967188,691.2072187361334,784.7760058939457
1706695967199,688.657933931197,784.5770135521889
1706695967210,686.4449433111326,785.7892572879791
1706695967222,694.1906678906909,791.617126762867
1706695967233,694.9323760875279,791.8714553117752
1706695967265,695.9513556036156,788.0990378558636
1706695967266,694.7740033047813,783.739198744297
1706695967282,697.738369813977,783.8564395904541
1706695967288,749.7799365874321,791.788387298584
1706695967300,842.4353792634396,816.606343537569
1706695967311,1012.3759729444546,848.252821713686
1706695967322,1312.430030851395,904.7542601823807
1706695967333,1374.4872310278097,919.1309720277786
1706695967344,1402.6077092451542,928.5807654261589
1706695967355,1399.864050584798,933.255960047245
1706695967396,1405.1828008817329,931.080761551857
1706695967399,1416.1312263841191,926.0569304227829
1706695967414,1410.5791207907287,929.5009404420853
1706695967421,1405.052643125576,933.2230895757675
1706695967433,1405.6004899832628,933.5377797484398
1706695967444,1412.002533387012,928.6858037114143
1706695967455,1413.601718128965,926.586340367794
1706695967466,1412.0051278477918,924.9319732189178
1706695967477,1402.3616671680925,932.2359278798103
1706695967488,1402.3976732810884,934.65715944767
1706695967499,1405.1468549027645,934.9359214305878
1706695967510,1407.212743790393,938.610477745533
1706695967555,1408.9813876525322,941.200365126133
1706695967556,1405.6261143929946,940.7784283161163
1706695967573,1488.121143871011,943.2766124606133
1706695967577,1625.9866489334313,935.3861421346664
1706695967590,1848.3458918449098,930.6972444057465
1706695967599,1879.275793118279,929.9244910478592
1706695967610,1895.9637495722134,929.7700479626656
1706695967622,1889.8856007476488,930.5817022919655
1706695967633,1893.5582106749443,928.2545238733292
1706695967644,1894.2201684581,929.3552458286285
1706695967655,1890.421609625282,930.9694945812225
1706695967666,1893.5862530183813,929.0236815810204
1706695967685,1893.625895419556,929.4896438717842
1706695967706,1894.1495564617994,929.8287957906723
1706695967710,1891.5308402739183,931.0792610049248
1706695967725,1893.9252943497422,932.2331249713898
1706695967732,1893.6140387034943,931.1942368745804
1706695967743,1898.1903634497974,930.3295254707336
1706695967754,1894.625107415912,930.4558262228966
1706695967765,1893.5213893666091,933.3233997225761
1706695967776,1890.0785829191348,935.9692320227623
1706695967788,1891.3540891265025,937.277227640152
1706695967799,1863.3967021119963,938.0879193544388
1706695967810,1767.8792319860904,934.5621719956398
1706695967849,1525.8360960713658,927.026142179966
1706695967854,1292.5521107419822,932.9630985856056
1706695967868,1291.6301674195067,934.3703284859657
1706695967876,1284.939602221561,933.3746165037155
1706695967888,1281.2545913704607,931.0687571763992
1706695967899,1283.0376014552994,931.6594064235687
1706695967910,1283.7847295594038,933.6064085364342
1706695967921,1282.641386787011,937.4207705259323
1706695967932,1279.0310353824575,938.2883131504059
1706695967943,1281.6868663656337,932.3258757591248
1706695967955,1205.7814326540451,901.300510764122
1706695967966,1124.2329915639798,862.4778226017952
1706695967996,988.9633283730393,828.9374135434628
1706695967999,761.4302795574422,789.3020801246166
1706695968013,740.5254694534549,785.4794792830944
1706695968021,719.900750271041,781.3457556068897
1706695968032,717.8507801087876,781.9993995130062
1706695968043,716.7606893336153,779.6145208179951
1706695968055,719.6799779277284,779.9542389810085
1706695968066,721.3152112371904,780.7880476117134
1706695968077,725.2191107678287,786.2318903207779
1706695968088,729.5308562266171,790.4879935085773
1706695968099,728.5895542331672,789.1746327280998
1706695968110,725.9533302532905,788.0489677190781
1706695968145,721.6070881142093,789.2164640128613
1706695968160,716.0410340616672,785.4742415249348
1706695968166,716.0195545937945,784.609841555357
1706695968177,712.4488252371323,793.7407404184341
1706695968187,704.1464203358571,804.9871131777763
1706695968198,698.2123794271153,808.8086523115635
1706695968210,693.4189345150921,809.4110086560249
1706695968221,688.4465740553794,810.0417196750641
1706695968232,683.311730094923,811.574599146843
1706695968243,682.1320822084595,807.526633143425
1706695968281,681.5747498873936,805.5704437196255
1706695968287,679.0699394789573,801.9313484430313
1706695968298,679.6693908014058,802.4448186159134
1706695968310,681.1458173994597,805.1659047603607
1706695968321,687.1296877570335,804.7117628157139
1706695968332,684.1437329758718,805.8893665671349
1706695968343,681.7014540405387,804.8727460205555
1706695968354,677.2210582584162,802.2865816950798
1706695968365,681.6830615516724,800.6965540349483
1706695968376,678.77289409571,798.0572760105133
1706695968388,677.2704810665111,796.6824635863304
1706695968399,677.1965933070305,799.7509263455868
1706695968438,680.4636087172796,800.2615511417389
1706695968439,680.945867559519,800.2327151596546
1706695968443,712.6223304809234,815.7399475574493
1706695968454,901.9432822986336,835.4480318725109
1706695968467,1061.781732946698,867.9100714623928
1706695968475,1192.06006879307,873.8342307507992
1706695968486,1649.2065284521893,1055.1614828407764
1706695968496,nan,nan
1706695968507,nan,nan
1706695968518,nan,nan
1706695968529,nan,nan
1706695968540,nan,nan
1706695968582,nan,nan
1706695968583,nan,nan
1706695968584,nan,nan
1706695968599,nan,nan
1706695968606,nan,nan
1706695968619,nan,nan
1706695968629,nan,nan
1706695968639,nan,nan
1706695968651,nan,nan
1706695968661,nan,nan
1706695968679,nan,nan
1706695968708,nan,nan
1706695968732,nan,nan
1706695968733,nan,nan
1706695968749,nan,nan
1706695968755,nan,nan
1706695968767,nan,nan
1706695968777,nan,nan
1706695968788,nan,nan
1706695968801,nan,nan
1706695968811,nan,nan
1706695968821,nan,nan
1706695968863,nan,nan
1706695968864,nan,nan
1706695968867,nan,nan
1706695968877,nan,nan
1706695968887,nan,nan
1706695968900,nan,nan
1706695968915,nan,nan
1706695968931,nan,nan
1706695968943,nan,nan
1706695968953,nan,nan
1706695968965,nan,nan
1706695968976,nan,nan
1706695968993,nan,nan
1706695969017,nan,nan
1706695969018,nan,nan
1706695969020,nan,nan
1706695969038,nan,nan
1706695969042,nan,nan
1706695969054,nan,nan
1706695969065,nan,nan
1706695969076,nan,nan
1706695969087,nan,nan
1706695969098,nan,nan
1706695969109,nan,nan
1706695969121,nan,nan
1706695969132,nan,nan
1706695969163,nan,nan
1706695969164,nan,nan
1706695969165,nan,nan
1706695969180,nan,nan
1706695969187,nan,nan
1706695969199,nan,nan
1706695969209,nan,nan
1706695969221,nan,nan
1706695969232,nan,nan
1706695969243,nan,nan
1706695969254,nan,nan
1706695969265,nan,nan
1706695969276,nan,nan
1706695969315,nan,nan
1706695969320,nan,nan
1706695969331,nan,nan
1706695969342,nan,nan
1706695969353,nan,nan
1706695969365,nan,nan
1706695969377,nan,nan
1706695969389,998.1335986665669,985.544103384018
1706695969400,961.7846423953212,925.7682591676712
1706695969411,1000.5470243989461,894.8504239320755
1706695969446,991.711329877662,871.2421916425228
1706695969448,1001.9393048603637,875.3264255821705
1706695969463,980.280716169198,865.7105103135109
1706695969466,980.280716169198,865.7105103135109
1706695969478,980.076220413192,867.1158999204636
1706695969488,992.1869498548011,871.7722102999687
1706695969500,992.1869498548011,871.7722102999687
1706695969511,988.677503397481,885.4768186807632
1706695969523,925.4067555928424,849.7891128063202
1706695969534,912.1585723663975,845.9873922169209
1706695969545,926.9025461118455,844.3016976118088
1706695969557,929.1075322346,844.4080099463463
1706695969568,932.032438750174,848.5960505902767
1706695969600,932.4864209375347,856.3834503293037
1706695969601,934.8267568466857,858.850859105587
1706695969618,946.8059214809203,853.3797092735767
1706695969624,990.8477911013027,839.8605175316334
1706695969635,1040.3908023764707,836.4226795732975
1706695969645,1086.6002692280013,836.3302685320377
1706695969657,1121.868641791723,842.4239329993725
1706695969667,1123.129268564168,843.3300651609898
1706695969678,1126.9705745084354,845.4895503818989
1706695969689,1132.7225726631314,847.9047797620296
1706695969732,1134.955197304504,847.2617954015732
1706695969733,1134.189152629205,845.8702646195889
1706695969734,1135.1268243028485,848.4437592327595
1706695969749,1139.571629140475,851.5482492744923
1706695969756,1141.8145245292953,851.8838621675968
1706695969768,1177.5253668203418,855.4183721542358
1706695969778,1222.1758229982993,855.9713236987591
1706695969789,1283.6503816248292,867.3298269510269
1706695969801,1287.8556979820382,869.22297924757
1706695969811,1286.9837658634146,870.8794839680195
1706695969823,1291.2371216616912,870.6521086394787
1706695969834,1294.7628618882093,872.3601132631302
1706695969845,1294.9392499264184,874.2859661579132
1706695969883,1296.3420802662986,874.7649379074574
1706695969884,1297.2741289721591,874.9964326620102
1706695969890,1299.2437477121568,879.0069982409477
1706695969901,1295.2312646179826,880.2752435207367
1706695969913,1289.6246352634648,882.3677279055119
1706695969923,1290.005524545931,882.9345099627972
1706695969934,1288.760656485154,881.9774866104126
1706695969945,1293.5047282719042,879.8333890736103
1706695969956,1292.8995148375247,880.4176397621632
1706695969968,1296.3774963501107,888.0483031272888
1706695969978,1294.50536737589,903.7943914532661
1706695969990,1294.8543361555005,921.312427520752
1706695970033,1295.7050098285054,928.4939602017403
1706695970034,1294.2920878884452,924.8310402035713
1706695970046,1295.2560344436572,930.6517466902733
1706695970056,1293.9585532166545,930.9134364128113
1706695970067,1293.5412166880426,935.7321456074715
1706695970078,1292.0325404383275,932.1289926767349
1706695970089,1289.4489086829947,935.1694971323013
1706695970100,1286.0162550566588,933.2990229129791
1706695970111,1286.5234402061833,934.9074959754944
1706695970122,1288.8448317331051,936.4321082830429
1706695970134,1290.5414712232155,938.4592905640602
1706695970144,1291.821667842391,938.7851357460022
1706695970181,1290.7668003195454,936.2461820244789
1706695970182,1290.3950943918512,936.6060018539429
1706695970195,1293.6856078376454,946.2131544947624
1706695970200,1293.2788683138283,945.3420728445053
1706695970214,1293.0636691296509,942.7488446235657
1706695970222,1292.0896729853866,941.2012994289398
1706695970234,1294.3136489009644,943.5337722301483
1706695970245,1292.8480461808012,946.1289539933205
1706695970256,1293.1774086058344,945.9487751126289
1706695970267,1298.2284986880409,943.3882474899292
1706695970278,1294.3788883096017,941.8221861124039
1706695970317,1295.6593119726876,946.0121095180511
1706695970318,1291.1094939890081,946.2503850460052
1706695970323,1290.7291915827402,941.5726706385612
1706695970335,1289.5795328593158,943.2216867804527
1706695970346,1286.5622054842672,949.1147875785828
1706695970356,1285.4236947862091,950.7632091641426
1706695970367,1292.6819008622801,949.3515625596046
1706695970378,1324.9490097569608,943.7856659293175
1706695970390,1360.6500241409537,941.535921394825
1706695970401,1377.911376297628,942.3551067709923
1706695970411,1369.8127620880357,946.5061292052269
1706695970422,1367.691862094037,944.0625876188278
1706695970433,1367.6002626806364,944.872373342514
1706695970463,1374.403933606793,938.723386824131
1706695970464,1376.8778490975335,939.8608863353729
1706695970466,1376.4485833033036,939.3513798713684
1706695970482,1378.1300172499352,939.4661292433739
1706695970489,1377.3130265209977,939.3956318497658
1706695970500,1374.1631048366237,937.9994720220566
1706695970511,1370.9831363412825,942.675855755806
1706695970522,1371.410834684026,941.3013264536858
1706695970533,1375.948987378248,942.6002338528633
1706695970544,1378.1059502306314,939.8148790001869
1706695970555,1379.1308681727996,941.9558480381966
1706695970567,1376.250036109401,943.0408000946045
1706695970578,1376.4966208358048,943.3699011802673
1706695970620,1375.246068181013,943.8489720225334
1706695970621,1373.6887056279509,939.7876426577568
1706695970622,1367.7896903248022,943.0827304720879
1706695970639,1370.1351680346042,947.291000187397
1706695970645,1372.8213042105365,949.3580177426338
1706695970657,1374.53494436677,951.3615310192108
1706695970667,1378.6470391163614,953.8065448403358
1706695970678,1372.6246809085667,956.9800317287445
1706695970689,1371.7656185162318,955.9611886739731
1706695970700,1375.9645529166066,962.2477158904076
1706695970710,1385.3743970553796,962.0509460568428
1706695970721,1404.4499949156518,1000.7644340395927
1706695970732,nan,nan
1706695970767,nan,nan
1706695970768,nan,nan
1706695970776,nan,nan
1706695970786,nan,nan
1706695970798,nan,nan
1706695970808,nan,nan
1706695970818,nan,nan
1706695970830,nan,nan
1706695970841,nan,nan
1706695970852,nan,nan
1706695970863,nan,nan
1706695970898,nan,nan
1706695970899,nan,nan
1706695970901,nan,nan
1706695970920,nan,nan
1706695970933,nan,nan
1706695970944,nan,nan
1706695970953,nan,nan
1706695970966,nan,nan
1706695970977,nan,nan
1706695970987,nan,nan
1706695970999,nan,nan
1706695971010,nan,nan
1706695971030,nan,nan
1706695971052,nan,nan
1706695971054,nan,nan
1706695971069,nan,nan
1706695971077,nan,nan
1706695971087,nan,nan
1706695971099,nan,nan
1706695971111,nan,nan
1706695971121,nan,nan
1706695971132,nan,nan
1706695971144,nan,nan
1706695971154,nan,nan
1706695971196,nan,nan
1706695971199,nan,nan
1706695971212,nan,nan
1706695971221,nan,nan
1706695971233,nan,nan
1706695971244,nan,nan
1706695971254,nan,nan
1706695971266,nan,nan
1706695971277,nan,nan
1706695971287,nan,nan
1706695971298,nan,nan
1706695971310,nan,nan
1706695971328,nan,nan
1706695971349,nan,nan
1706695971350,nan,nan
1706695971353,nan,nan
1706695971365,nan,nan
1706695971377,nan,nan
1706695971387,nan,nan
1706695971399,nan,nan
1706695971410,nan,nan
1706695971420,nan,nan
1706695971432,nan,nan
1706695971443,nan,nan
1706695971453,nan,nan
1706695971485,nan,nan
1706695971486,nan,nan
1706695971502,nan,nan
1706695971510,nan,nan
1706695971520,nan,nan
1706695971532,nan,nan
1706695971543,nan,nan
1706695971553,nan,nan
1706695971566,nan,nan
1706695971577,nan,nan
1706695971586,nan,nan
1706695971599,nan,nan
1706695971632,nan,nan
1706695971633,nan,nan
1706695971650,nan,nan
1706695971652,nan,nan
1706695971666,nan,nan
1706695971676,nan,nan
1706695971686,nan,nan
1706695971698,nan,nan
1706695971710,nan,nan
1706695971720,nan,nan
1706695971731,nan,nan
1706695971769,nan,nan
1706695971770,nan,nan
1706695971776,nan,nan
1706695971788,nan,nan
1706695971798,nan,nan
1706695971810,nan,nan
1706695971819,nan,nan
1706695971831,nan,nan
1706695971843,nan,nan
1706695971853,nan,nan
1706695971865,nan,nan
1706695971876,nan,nan
1706695971915,nan,nan
1706695971916,nan,nan
1706695971920,nan,nan
1706695971932,nan,nan
1706695971944,nan,nan
1706695971954,nan,nan
1706695971965,nan,nan
1706695971977,nan,nan
1706695971987,nan,nan
1706695971998,nan,nan
1706695972010,nan,nan
1706695972031,nan,nan
1706695972052,nan,nan
1706695972070,nan,nan
1706695972075,nan,nan
1706695972085,nan,nan
1706695972098,nan,nan
1706695972109,nan,nan
1706695972119,nan,nan
1706695972131,nan,nan
1706695972143,nan,nan
1706695972152,nan,nan
1706695972165,nan,nan
1706695972203,nan,nan
1706695972204,nan,nan
1706695972209,nan,nan
1706695972220,nan,nan
1706695972234,nan,nan
1706695972243,nan,nan
1706695972252,nan,nan
1706695972264,nan,nan
1706695972276,nan,nan
1706695972286,nan,nan
1706695972298,nan,nan
1706695972309,nan,nan
1706695972319,nan,nan
1706695972351,nan,nan
1706695972352,nan,nan
1706695972353,nan,nan
1706695972369,nan,nan
1706695972376,nan,nan
1706695972387,nan,nan
1706695972398,nan,nan
1706695972410,nan,nan
1706695972419,nan,nan
1706695972430,nan,nan
1706695972442,nan,nan
1706695972452,nan,nan
1706695972464,nan,nan
1706695972501,nan,nan
1706695972502,nan,nan
1706695972510,nan,nan
1706695972519,nan,nan
1706695972532,nan,nan
1706695972543,nan,nan
1706695972553,nan,nan
1706695972564,nan,nan
1706695972575,nan,nan
1706695972586,nan,nan
1706695972597,nan,nan
1706695972609,nan,nan
1706695972619,nan,nan
1706695972651,nan,nan
1706695972652,nan,nan
1706695972670,nan,nan
1706695972677,nan,nan
1706695972687,nan,nan
1706695972698,nan,nan
1706695972709,nan,nan
1706695972719,nan,nan
1706695972731,nan,nan
1706695972742,nan,nan
1706695972785,nan,nan
1706695972786,nan,nan
1706695972800,nan,nan
1706695972809,nan,nan
1706695972818,nan,nan
1706695972831,nan,nan
1706695972842,nan,nan
1706695972852,nan,nan
1706695972864,nan,nan
1706695972875,nan,nan
1706695972885,nan,nan
1706695972897,nan,nan
1706695972934,nan,nan
1706695972935,nan,nan
1706695972942,nan,nan
1706695972952,nan,nan
1706695972965,nan,nan
1706695972976,nan,nan
1706695972985,nan,nan
1706695972997,nan,nan
1706695973008,nan,nan
1706695973019,nan,nan
1706695973030,nan,nan
1706695973069,nan,nan
1706695973070,nan,nan
1706695973075,nan,nan
1706695973086,nan,nan
1706695973097,nan,nan
1706695973108,nan,nan
1706695973119,nan,nan
1706695973131,nan,nan
1706695973142,nan,nan
1706695973153,nan,nan
1706695973164,nan,nan
1706695973176,nan,nan
1706695973186,nan,nan
1706695973218,nan,nan
1706695973219,nan,nan
1706695973236,nan,nan
1706695973242,nan,nan
1706695973253,nan,nan
1706695973265,nan,nan
1706695973275,nan,nan
1706695973286,nan,nan
1706695973298,nan,nan
1706695973309,nan,nan
1706695973352,nan,nan
1706695973367,nan,nan
1706695973383,nan,nan
1706695973398,nan,nan
1706695973409,nan,nan
1706695973420,nan,nan
1706695973431,nan,nan
1706695973443,nan,nan
1706695973453,nan,nan
1706695973464,nan,nan
1706695973501,nan,nan
1706695973502,nan,nan
1706695973507,nan,nan
1706695973527,nan,nan
1706695973546,nan,nan
1706695973562,nan,nan
1706695973579,nan,nan
1706695973591,nan,nan
1706695973601,nan,nan
1706695973613,1211.9322318482061,1017.8604200482368
1706695973653,1211.9322318482061,1017.8604200482368
1706695973654,1211.9322318482061,1017.8604200482368
1706695973658,1234.7531756022202,1001.5240222215652
1706695973670,1249.5943853274182,1003.4033298492432
1706695973680,1251.3722809512124,1003.7712186574936
1706695973691,1289.6009993117286,985.774564743042
1706695973702,1310.8415172871928,987.370353937149
1706695973713,1319.6771129025678,986.6470903158188
1706695973725,1340.538107037216,990.149649977684
1706695973736,1347.11993906001,996.1558014154434
1706695973747,1337.2758643392574,994.5500746369362
1706695973758,1337.9766375078138,990.7915160059929
1706695973770,1332.371080031922,985.1210623979568
1706695973803,1337.744372951207,981.3011795282364
1706695973804,1338.9275775934175,980.5456683039665
1706695973819,1337.3123262285849,979.6928480267525
1706695973824,1337.2343773154803,979.0582299232483
1706695973836,1339.6900811412645,980.6142970919609
1706695973847,1344.797703589496,978.8566753268242
1706695973858,1343.658899522519,976.9403919577599
1706695973869,1338.7848300804305,970.8197176456451
1706695973880,1337.0985787293275,965.4501378536224
1706695973891,1340.7684151700182,967.551101744175
1706695973902,1342.0187520007175,966.0398527979851
1706695973913,1343.5923554306548,966.6593804955482
1706695973951,1344.235758860759,960.2872654795647
1706695973952,1346.1981893198013,965.0440841913223
1706695973958,1338.5325484988243,974.9053955078125
1706695973969,1321.4906357724442,972.8169173002243
1706695973980,1311.6648317836693,974.5168671011925
1706695973991,1292.981610962815,974.349145591259
1706695974002,1296.5706579654084,974.0334078669548
1706695974013,1296.8107269590969,975.7801577448845
1706695974025,1294.196758285073,976.2960627675056
1706695974036,1297.0886016666925,978.0153781175613
1706695974047,1295.9605097629344,975.168189406395
1706695974058,1293.9965579944878,976.2678921222687
1706695974101,1293.6546058551835,974.7647121548653
1706695974102,1294.1664097077348,977.5407806038857
1706695974116,1289.2439210106845,970.8480298519135
1706695974125,1291.571948976732,967.6827818155289
1706695974136,1291.896687783677,964.3111661076546
1706695974147,1288.7869323468822,969.6240931749344
1706695974158,1288.331203254223,972.7456271648407
1706695974169,1288.7470027388185,972.2032219171524
1706695974180,1290.2646967462476,971.446181833744
1706695974192,1290.6915599524646,971.322400867939
1706695974202,1288.8804712684232,972.2624510526657
1706695974212,1287.5915878940314,970.3091353178024
1706695974252,1284.8108325547641,970.2829748392105
1706695974253,1282.8311348526968,968.2300850749016
1706695974257,1283.8626312619065,946.7256903648376
1706695974269,1279.4807698454529,944.4221526384354
1706695974278,1286.8069489563413,936.8277996778488
1706695974289,nan,nan
1706695974300,nan,nan
1706695974311,nan,nan
1706695974322,nan,nan
1706695974334,nan,nan
1706695974344,nan,nan
1706695974355,nan,nan
1706695974366,nan,nan
1706695974403,nan,nan
1706695974404,nan,nan
1706695974420,nan,nan
1706695974437,nan,nan
1706695974447,nan,nan
1706695974456,nan,nan
1706695974468,nan,nan
1706695974480,nan,nan
1706695974489,nan,nan
1706695974502,nan,nan
1706695974513,nan,nan
1706695974533,nan,nan
1706695974555,nan,nan
1706695974556,nan,nan
1706695974570,nan,nan
1706695974579,nan,nan
1706695974589,nan,nan
1706695974601,nan,nan
1706695974612,nan,nan
1706695974622,nan,nan
1706695974634,nan,nan
1706695974646,nan,nan
1706695974656,nan,nan
1706695974667,nan,nan
1706695974704,nan,nan
1706695974705,nan,nan
1706695974718,nan,nan
1706695974723,nan,nan
1706695974736,nan,nan
1706695974746,nan,nan
1706695974756,nan,nan
1706695974773,nan,nan
1706695974790,nan,nan
1706695974800,nan,nan
1706695974811,nan,nan
1706695974833,nan,nan
1706695974854,nan,nan
1706695974855,nan,nan
1706695974856,nan,nan
1706695974872,nan,nan
1706695974884,nan,nan
1706695974903,nan,nan
1706695974915,nan,nan
1706695974925,nan,nan
1706695974937,nan,nan
1706695974947,nan,nan
1706695974957,nan,nan
1706695974969,nan,nan
1706695975003,nan,nan
1706695975004,nan,nan
1706695975019,nan,nan
1706695975024,nan,nan
1706695975036,nan,nan
1706695975047,nan,nan
1706695975057,nan,nan
1706695975070,nan,nan
1706695975081,nan,nan
1706695975090,nan,nan
1706695975103,nan,nan
1706695975138,nan,nan
1706695975154,nan,nan
1706695975157,nan,nan
1706695975170,nan,nan
1706695975181,nan,nan
1706695975191,nan,nan
1706695975203,nan,nan
1706695975214,nan,nan
1706695975225,nan,nan
1706695975236,nan,nan
1706695975248,nan,nan
1706695975267,nan,nan
1706695975288,nan,nan
1706695975292,nan,nan
1706695975304,nan,nan
1706695975314,nan,nan
1706695975324,nan,nan
1706695975336,nan,nan
1706695975347,nan,nan
1706695975358,nan,nan
1706695975369,nan,nan
1706695975381,nan,nan
1706695975420,nan,nan
1706695975421,nan,nan
1706695975425,nan,nan
1706695975437,nan,nan
1706695975456,nan,nan
1706695975470,nan,nan
1706695975481,nan,nan
1706695975492,nan,nan
1706695975503,nan,nan
1706695975514,nan,nan
1706695975526,nan,nan
1706695975537,nan,nan
1706695975571,1310.624510278224,1095.7821518182755
1706695975572,1310.624510278224,1095.7821518182755
1706695975588,1316.448966121382,1087.348511815071
1706695975592,1316.448966121382,1087.348511815071
1706695975604,1316.448966121382,1087.348511815071
1706695975615,1313.0873264574006,1086.8089377880096
1706695975626,1313.0873264574006,1086.8089377880096
1706695975637,1313.0873264574006,1086.8089377880096
1706695975649,nan,nan
1706695975660,nan,nan
1706695975671,nan,nan
1706695975683,nan,nan
1706695975693,nan,nan
1706695975732,1340.0349699347053,1044.873209297657
1706695975739,1276.278768854159,1013.7049242854118
1706695975750,1277.8515941377946,1010.0493088364601
1706695975763,1282.5067471297248,1005.1944449543953
1706695975772,1282.5776674361925,1001.4784678816795
1706695975783,1287.7157237939928,998.581251502037
1706695975794,1282.9826556340095,995.2614188194275
1706695975805,1280.781595034599,999.0468174219131
1706695975817,1284.6860412494946,994.1220507025719
1706695975828,1283.7446923451073,990.3568670153618
1706695975839,1281.5150828634692,981.4039245247841
1706695975874,1274.3252186812326,984.3461290001869
1706695975891,1280.410335021452,986.8722572922707
1706695975894,1281.4405179941464,985.8618795871735
1706695975906,1280.4197530759486,980.953760445118
1706695975917,1285.212887901155,975.3739908337593
1706695975928,1283.0707150594144,975.156581401825
1706695975939,1286.5116875038407,975.4797652363777
1706695975950,1283.7554110190883,976.9625887274742
1706695975961,1285.3229257780986,974.8215064406395
1706695975972,1283.8787152549046,979.1692703962326
1706695975984,1281.3475375088756,990.7840132713318
1706695976023,1277.6267161161081,1011.6451546549797
1706695976028,1270.9520077333239,1017.4117565155029
1706695976041,1269.9109336330812,1017.887344956398
1706695976050,1268.7500336097955,1016.9442936778069
1706695976061,1268.2341377601379,1015.9611240029335
1706695976072,1274.7419215023247,1019.4017365574837
1706695976083,1275.5766719611197,1017.13477820158
1706695976094,1277.448069544939,1016.3574382662773
1706695976105,1280.2820786391253,1019.0344989299774
1706695976116,1279.2159605524344,1018.989822268486
1706695976128,1276.92873678848,1018.8319250941277
1706695976139,1273.621221176261,1018.2947859168053
1706695976170,1276.9364339030133,1020.0175270438194
1706695976171,1277.5387590372743,1019.5511117577553
1706695976172,1273.9107560595498,1010.9606504440308
1706695976188,1235.898735932391,999.2012038826942
1706695976194,1054.3824920015168,946.2681367993355
1706695976204,989.9418398674563,927.7106180787086
1706695976217,802.4818023862855,889.3780991435051
1706695976228,614.2374776571296,881.9860935211182
1706695976239,612.7987113791246,877.6149578392506
1706695976250,610.3288806304467,875.8296608924866
1706695976261,601.5357792825193,871.5605340898037
1706695976272,603.9166147653843,871.1906492710114
1706695976283,607.5463766605492,873.3257293701172
1706695976321,613.9593698068692,873.1767080724239
1706695976322,610.1849162368962,871.5386629104614
1706695976327,597.1445403112634,866.5517933666706
1706695976340,597.5721175169967,866.7065478861332
1706695976349,594.7243985566603,864.7987723350525
1706695976360,593.5240902850578,862.6117534935474
1706695976371,593.7255837750301,861.8286095559597
1706695976383,593.0424229159229,860.87336987257
1706695976394,594.4067073874754,859.5636755228043
1706695976405,592.700848820002,860.1285465061665
1706695976416,593.3037297063172,858.8069327175617
1706695976427,587.8549641087584,858.427506685257
1706695976438,583.5107556002724,857.1893289685249
1706695976473,585.6614995855026,858.5982717573643
1706695976474,585.3249996435767,859.3333132565022
1706695976483,588.8562560297246,857.5806319713593
1706695976494,589.143385602423,854.2112246155739
1706695976505,591.1697094633843,856.3243485987186
1706695976516,587.7913711763863,853.5149991512299
1706695976527,585.6473703939427,850.7179230451584
1706695976538,582.730494179803,848.2593335211277
1706695976550,581.3874321202584,848.7626254558563
1706695976561,576.6220202525938,848.6273497343063
1706695976572,575.2225010788998,849.1686508059502
1706695976583,579.9457309708066,851.9872017204762
1706695976621,586.4886751489281,851.7777904868126
1706695976628,902.9546329787166,881.5485425293446
1706695976639,1047.9075857312546,916.1558404564857
1706695976650,1157.2742160667017,908.3578661084175
1706695976658,1431.8778851748036,1073.8384932279587
1706695976669,nan,nan
1706695976680,nan,nan
1706695976691,nan,nan
1706695976702,nan,nan
1706695976714,nan,nan
1706695976725,nan,nan
1706695976736,nan,nan
1706695976774,nan,nan
1706695976775,nan,nan
1706695976779,nan,nan
1706695976791,nan,nan
1706695976802,nan,nan
1706695976813,nan,nan
1706695976824,nan,nan
1706695976835,nan,nan
1706695976845,nan,nan
1706695976864,nan,nan
1706695976885,nan,nan
1706695976918,nan,nan
1706695976927,nan,nan
1706695976938,nan,nan
1706695976950,nan,nan
1706695976960,nan,nan
1706695976971,nan,nan
1706695976982,nan,nan
1706695976995,nan,nan
1706695977006,nan,nan
1706695977017,nan,nan
1706695977053,nan,nan
1706695977067,nan,nan
1706695977073,nan,nan
1706695977084,nan,nan
1706695977094,nan,nan
1706695977105,nan,nan
1706695977116,nan,nan
1706695977128,nan,nan
1706695977138,nan,nan
1706695977150,nan,nan
1706695977161,nan,nan
1706695977172,nan,nan
1706695977208,nan,nan
1706695977209,nan,nan
1706695977217,nan,nan
1706695977228,nan,nan
1706695977240,nan,nan
1706695977251,nan,nan
1706695977261,nan,nan
1706695977272,nan,nan
1706695977283,nan,nan
1706695977294,nan,nan
1706695977305,nan,nan
1706695977317,1324.9532746035084,894.3338394165039
1706695977355,1324.9532746035084,894.3338394165039
1706695977356,1324.9532746035084,894.3338394165039
1706695977362,1331.1974155914525,827.897435426712
1706695977374,1320.8439800488325,832.8916378319263
1706695977385,1351.030230693585,839.8506224155426
1706695977396,1357.0671341005338,835.8965113759041
1706695977406,1368.3905855144862,834.0740121901035
1706695977418,1342.863428088305,820.2313959598541
1706695977429,1301.0633038032236,792.251943051815
1706695977440,1301.0633038032236,792.251943051815
1706695977450,1326.655433949243,808.8097423315048
1706695977462,1355.0927253029201,812.4985538423061
1706695977504,1342.0930129466606,812.824597209692
1706695977505,1369.9374200823954,805.381516367197
1706695977507,1341.9467825749969,812.3112544417381
1706695977522,1341.9410608826577,813.336269557476
1706695977529,1341.9944755710274,815.4808767139912
1706695977540,1339.250637269038,817.2207467257977
1706695977552,1336.0663983779673,822.575618326664
1706695977562,1338.6454171469045,825.5105890333652
1706695977574,1337.7917449152496,823.661844432354
1706695977585,1332.9263573224755,823.2676677405834
1706695977596,1328.061811198166,821.2916314601898
1706695977607,1329.4573911915227,824.4406282901764
1706695977618,1332.4176497071114,826.9712015986443
1706695977637,1331.492651223029,833.2606732845306
1706695977658,1330.3542100877098,832.6025560498238
1706695977663,1327.9432525268228,838.1366722285748
1706695977678,1330.8605934377997,840.8262751996517
1706695977685,1328.2337073368244,844.4588728249073
1706695977696,1330.3418558861183,854.5976012945175
1706695977707,1347.5153932880523,880.6558728218079
1706695977718,1359.3688127978614,904.5400500297546
1706695977729,1374.5103121930879,928.6204025149345
1706695977741,1373.8378132447385,928.5638630390167
1706695977752,1372.269897712743,930.6750193238258
1706695977762,1371.2016642601454,935.8368158340454
1706695977774,1373.489078656588,938.4423032402992
1706695977808,1366.6680709129623,945.227125287056
1706695977809,1365.8148450545004,947.3003149032593
1706695977825,1366.99740836939,943.9009815454483
1706695977829,1371.5081706822175,946.3045179843903
1706695977841,1373.9063941511452,948.4500735998154
1706695977851,1373.4987853485602,949.0280956029892
1706695977862,1370.8575290073063,950.2250507473946
1706695977874,1370.946830843252,950.3483220934868
1706695977885,1368.4679159962857,955.4081097245216
1706695977895,1368.7179698646303,957.0886373519897
1706695977907,1367.5279621760947,957.9805567860603
1706695977918,1364.2731970439477,957.5798824429512
1706695977938,1362.8829672481006,960.4837238788605
1706695977959,1366.1371518164003,961.5546897053719
1706695977960,1367.038260414508,962.1469244360924
1706695977962,1368.7658787919052,962.6613289117813
1706695977979,1371.2951869659796,964.3473774194717
1706695977985,1367.0272017886425,964.6568864583969
1706695977997,1364.7783293185003,967.5736382603645
1706695978007,1362.0456417172886,966.8801307678223
1706695978018,1362.4499793995312,969.3404898047447
1706695978029,1363.4483622125065,972.1849039196968
1706695978041,1418.562318235451,980.3728505969048
1706695978052,1485.60107482384,989.2243787646294
1706695978062,1647.7574661925587,1007.7958270907402
1706695978073,1853.632787218489,1037.039476633072
1706695978107,1902.5282051049778,1035.9304308891296
1706695978124,1912.0681730648153,1040.88486880064
1706695978128,1912.1606208122405,1042.9633244872093
1706695978140,1910.6072758789264,1043.9742967486382
1706695978151,1907.2800182929254,1045.9190621972084
1706695978162,1905.7850716971634,1046.5796142816544
1706695978173,1906.2062138647998,1049.0071311593056
1706695978184,1904.8734187511504,1049.5395705103874
1706695978195,1904.9915161846804,1049.2586001753807
1706695978206,1902.9158016444708,1045.4869329929352
1706695978218,1900.7162728100643,1045.7688376307487
1706695978236,1894.7950472777277,1046.9531655311584
1706695978256,1893.8622724300126,1051.8856897950172
1706695978262,1890.1271488543089,1054.1700601577759
1706695978275,1891.0022799291403,1054.840125143528
1706695978284,1890.5555539463353,1055.0312042236328
1706695978295,1893.3658655433437,1056.1858892440796
1706695978306,1892.7740563560178,1055.0491824746132
1706695978318,1884.693655956015,1056.1643153429031
1706695978328,1829.3631603956894,1044.1341191530228
1706695978340,1736.4841414050336,1027.8079137206078
1706695978351,1577.6152375722017,999.7046232223511
1706695978362,1401.7789442952362,972.4905624985695
1706695978374,1359.3041476909752,966.0804525017738
1706695978417,1355.415376282783,966.612297296524
1706695978418,1359.0206197839557,967.2680646181107
1706695978436,1353.3940396169285,968.2417213916779
1706695978440,1351.770307585291,968.1010380387306
1706695978451,1349.985354025736,966.0763755440712
1706695978462,1347.383068218712,969.2925855517387
1706695978473,1349.2868190614377,973.6109331250191
1706695978485,1352.3652596073925,974.8213648796082
1706695978496,1353.1852018421232,975.9340912103653
1706695978507,1353.0101204418302,974.1200149059296
1706695978518,1349.5948049103006,977.9807239770889
1706695978539,1350.7753873543222,977.5954231619835
1706695978559,1349.3563722332601,981.3259527087212
1706695978562,1346.7336318466325,979.8156380653381
1706695978577,1345.4281171132013,978.756195306778
1706695978584,1330.3321465114439,989.0411421656609
1706695978595,1315.7002920012728,1000.1720577478409
1706695978606,1307.3334735522208,1006.1609953641891
1706695978617,1309.3194155742704,1005.9583365917206
1706695978629,1306.3380401216716,1007.802027463913
1706695978640,1307.3678984464873,1010.259498655796
1706695978651,1305.7792689714045,1011.2456977367401
1706695978662,1305.4754908382374,1009.8832011222839
1706695978673,1304.788332372645,1007.657153904438
1706695978684,1296.6517140299525,1013.4213492274284
1706695978723,1297.6052699377656,1013.3272677659988
1706695978724,1297.9082218349504,1013.8099625706673
1706695978728,1306.2100394459096,1012.7480000257492
1706695978742,1331.7442208673535,1018.1395784020424
1706695978749,1346.5882583362477,1017.9673552513123
1706695978760,1490.8784416111753,1083.9263588190079
1706695978771,1829.9616905993435,1263.7780636548996
1706695978782,1829.9616905993435,1263.7780636548996
1706695978792,nan,nan
1706695978804,nan,nan
1706695978815,nan,nan
1706695978826,nan,nan
1706695978836,nan,nan
1706695978855,nan,nan
1706695978877,nan,nan
1706695978878,nan,nan
1706695978895,nan,nan
1706695978908,nan,nan
1706695978918,nan,nan
1706695978929,nan,nan
1706695978939,nan,nan
1706695978951,nan,nan
1706695978962,nan,nan
1706695978973,nan,nan
1706695978984,nan,nan
1706695979030,nan,nan
1706695979039,nan,nan
1706695979051,nan,nan
1706695979062,nan,nan
1706695979073,nan,nan
1706695979084,nan,nan
1706695979094,nan,nan
1706695979106,nan,nan
1706695979117,nan,nan
1706695979128,nan,nan
1706695979140,nan,nan
1706695979175,nan,nan
1706695979176,nan,nan
1706695979185,nan,nan
1706695979194,nan,nan
1706695979207,nan,nan
1706695979218,nan,nan
1706695979228,nan,nan
1706695979240,nan,nan
1706695979252,nan,nan
1706695979261,nan,nan
1706695979274,nan,nan
1706695979285,nan,nan
1706695979322,nan,nan
1706695979326,nan,nan
1706695979339,nan,nan
1706695979353,nan,nan
1706695979360,nan,nan
1706695979372,nan,nan
1706695979384,nan,nan
1706695979394,nan,nan
1706695979406,nan,nan
1706695979418,nan,nan
1706695979427,nan,nan
1706695979439,nan,nan
1706695979474,nan,nan
1706695979475,nan,nan
1706695979490,nan,nan
1706695979494,nan,nan
1706695979507,nan,nan
1706695979518,nan,nan
1706695979527,nan,nan
1706695979539,nan,nan
1706695979551,nan,nan
1706695979561,nan,nan
1706695979573,nan,nan
1706695979584,nan,nan
1706695979625,nan,nan
1706695979626,nan,nan
1706695979627,nan,nan
1706695979641,nan,nan
1706695979651,nan,nan
1706695979661,nan,nan
1706695979673,nan,nan
1706695979685,nan,nan
1706695979693,nan,nan
1706695979706,nan,nan
1706695979717,nan,nan
1706695979726,nan,nan
1706695979739,nan,nan
1706695979775,nan,nan
1706695979790,nan,nan
1706695979793,nan,nan
1706695979806,nan,nan
1706695979817,nan,nan
1706695979827,nan,nan
1706695979839,nan,nan
1706695979850,nan,nan
1706695979860,nan,nan
1706695979873,nan,nan
1706695979884,nan,nan
1706695979923,nan,nan
1706695979924,nan,nan
1706695979927,nan,nan
1706695979940,nan,nan
1706695979951,nan,nan
1706695979960,nan,nan
1706695979973,nan,nan
1706695979984,nan,nan
1706695979994,nan,nan
1706695980006,nan,nan
1706695980017,nan,nan
1706695980027,nan,nan
1706695980039,nan,nan
1706695980074,nan,nan
1706695980089,nan,nan
1706695980093,nan,nan
1706695980105,nan,nan
1706695980117,nan,nan
1706695980126,nan,nan
1706695980139,nan,nan
1706695980150,nan,nan
1706695980160,nan,nan
1706695980172,nan,nan
1706695980183,nan,nan
1706695980224,nan,nan
1706695980225,nan,nan
1706695980226,nan,nan
1706695980242,nan,nan
1706695980250,nan,nan
1706695980261,nan,nan
1706695980272,nan,nan
1706695980283,nan,nan
1706695980293,nan,nan
1706695980305,nan,nan
1706695980316,nan,nan
1706695980327,nan,nan
1706695980339,nan,nan
1706695980374,nan,nan
1706695980375,nan,nan
1706695980390,nan,nan
1706695980393,nan,nan
1706695980407,nan,nan
1706695980417,nan,nan
1706695980426,nan,nan
1706695980438,nan,nan
1706695980449,nan,nan
1706695980459,nan,nan
1706695980471,nan,nan
1706695980482,nan,nan
1706695980522,nan,nan
1706695980526,nan,nan
1706695980539,nan,nan
1706695980551,nan,nan
1706695980559,nan,nan
1706695980571,nan,nan
1706695980583,nan,nan
1706695980592,nan,nan
1706695980604,nan,nan
1706695980616,nan,nan
1706695980626,nan,nan
1706695980638,nan,nan
1706695980676,nan,nan
1706695980683,nan,nan
1706695980693,nan,nan
1706695980705,nan,nan
1706695980716,nan,nan
1706695980726,nan,nan
1706695980738,nan,nan
1706695980750,nan,nan
1706695980760,nan,nan
1706695980771,nan,nan
1706695980783,nan,nan
1706695980823,nan,nan
1706695980824,nan,nan
1706695980826,nan,nan
1706695980839,nan,nan
1706695980849,nan,nan
1706695980859,nan,nan
1706695980871,nan,nan
1706695980882,nan,nan
1706695980892,nan,nan
1706695980904,nan,nan
1706695980916,nan,nan
1706695980926,nan,nan
1706695980957,nan,nan
1706695980958,nan,nan
1706695980959,nan,nan
1706695980976,nan,nan
1706695980982,nan,nan
1706695980994,nan,nan
1706695981004,nan,nan
1706695981016,nan,nan
1706695981026,nan,nan
1706695981038,nan,nan
1706695981049,nan,nan
1706695981059,nan,nan
1706695981071,nan,nan
1706695981112,nan,nan
1706695981113,nan,nan
1706695981116,nan,nan
1706695981131,nan,nan
1706695981138,nan,nan
1706695981149,nan,nan
1706695981159,nan,nan
1706695981171,nan,nan
1706695981183,nan,nan
1706695981192,nan,nan
1706695981204,nan,nan
1706695981215,nan,nan
1706695981225,nan,nan
1706695981261,nan,nan
1706695981281,nan,nan
1706695981282,nan,nan
1706695981292,nan,nan
1706695981305,nan,nan
1706695981315,nan,nan
1706695981326,nan,nan
1706695981337,nan,nan
1706695981349,nan,nan
1706695981359,nan,nan
1706695981371,nan,nan
1706695981382,nan,nan
1706695981393,nan,nan
1706695981429,nan,nan
1706695981430,nan,nan
1706695981445,nan,nan
1706695981449,nan,nan
1706695981460,nan,nan
1706695981472,nan,nan
1706695981483,nan,nan
1706695981493,nan,nan
1706695981505,nan,nan
1706695981516,nan,nan
1706695981526,nan,nan
1706695981538,nan,nan
1706695981577,nan,nan
1706695981578,nan,nan
1706695981582,nan,nan
1706695981594,nan,nan
1706695981605,nan,nan
1706695981616,nan,nan
1706695981626,nan,nan
1706695981638,nan,nan
1706695981649,nan,nan
1706695981659,nan,nan
1706695981672,nan,nan
1706695981710,nan,nan
1706695981715,nan,nan
1706695981726,nan,nan
1706695981738,nan,nan
1706695981748,nan,nan
1706695981760,nan,nan
1706695981772,nan,nan
1706695981784,1289.6043829366065,1163.2483273744583
1706695981794,1289.6043829366065,1163.2483273744583
1706695981806,1289.6043829366065,1163.2483273744583
1706695981817,1277.1324468515468,1173.2754915952682
1706695981860,1277.1324468515468,1173.2754915952682
1706695981862,1369.8455809052155,1182.4063196778297
1706695981876,1370.2630218066024,1180.238737165928
1706695981885,1381.2250475291025,1174.3638694286346
1706695981895,1343.8534709047874,1159.6564710140228
1706695981906,1328.2638429006824,1155.2579998970032
1706695981918,1208.114242346611,1124.7537776827812
1706695981929,1164.2687344630167,1109.147098660469
1706695981939,1179.4583539546313,1096.411843597889
1706695981950,1190.7810310038744,1090.8645197749138
1706695981961,1187.4945650240672,1082.1833744645119
1706695981972,1176.4125195612037,1080.772152543068
1706695982008,1177.3962869725322,1081.2709286808968
1706695982023,1183.2052259552029,1077.7032509446144
1706695982028,1180.512561136593,1072.528600692749
1706695982040,1187.9309785728422,1072.9307755827904
1706695982051,1184.4754477796046,1074.0120187401772
1706695982062,1178.454547125537,1069.1962823271751
1706695982073,1174.1511867955269,1067.292994260788
1706695982084,1176.0033216307352,1067.1636924147606
1706695982095,1179.7383287395073,1069.137081503868
1706695982106,1182.0777052495894,1069.446873664856
1706695982145,1196.3005126835678,1060.7885196805
1706695982146,1222.624723498388,1047.7568358182907
1706695982151,1229.662111687423,1043.2010620832443
1706695982162,1227.3602486377085,1039.408302307129
1706695982173,1228.447541680095,1035.857866704464
1706695982184,1233.256866236597,1031.306453049183
1706695982195,1234.663590035228,1032.4480012059212
1706695982206,1236.2540439159013,1035.4231044650078
1706695982217,1233.1629506178983,1036.3525375723839
1706695982228,1230.2873319425669,1035.486750304699
1706695982240,1232.9324914216672,1038.7625858187675
1706695982251,1229.025979163605,1041.0994186997414
1706695982293,1229.596969419667,1039.2161756753922
1706695982294,1227.8292519991548,1032.1371898055077
1706695982295,1224.8577519714245,1031.5684258937836
1706695982310,1179.8375807572488,989.8159056901932
1706695982317,1089.2478839564842,926.1568441987038
1706695982328,897.1514846233873,806.7915067076683
1706695982339,828.072552229071,774.3603132665157
1706695982350,788.2988532700014,756.9341644644737
1706695982361,773.6745845423906,749.2529779672623
1706695982372,775.4402572083319,752.6543356478214
1706695982384,773.3697514633338,753.3235795795918
1706695982395,771.5963386770477,755.61982691288
1706695982406,768.5482224631331,750.3234624862671
1706695982442,771.4935969211647,750.7730178534985
1706695982443,773.5431214150847,751.6848407685757
1706695982451,772.3405740596178,755.103199928999
1706695982461,771.9037504834755,753.2300926744938
1706695982473,769.9036001336597,748.3065858483315
1706695982484,765.8362241814953,743.9740538597107
1706695982495,759.7006625807309,738.2730230689049
1706695982506,762.1256825434959,739.2105393111706
1706695982517,765.7139243424683,741.7219735682011
1706695982528,793.888215089301,739.480920881033
1706695982539,805.0210511908754,737.167926877737
1706695982551,823.0503013049362,735.3409968316555
1706695982561,823.063591261862,736.9706474244595
1706695982593,820.5778856168862,737.8651715815067
1706695982594,816.6778636366718,735.2495342493057
1706695982595,812.9860954339929,734.6296243369579
1706695982611,812.7155132565459,734.8454765975475
1706695982617,816.2631861989626,737.4727927148342
1706695982629,818.6516014056753,735.4863092303276
1706695982640,816.8260782657535,732.7954888343811
1706695982651,813.5902491767449,732.0149213075638
1706695982662,807.4655453413831,730.4954618215561
1706695982673,808.8228562025332,732.0134066045284
1706695982684,807.989536537234,729.393720626831
1706695982694,806.8311778355244,730.2104711532593
1706695982705,802.3608281385725,727.118806540966
1706695982744,802.4620670499105,726.4029607176781
1706695982750,925.6284304432272,739.5246915519238
1706695982763,1237.7583737588138,769.4915480911732
1706695982772,1419.30149544157,821.3246859610081
1706695982782,1544.0058062827795,845.7923352718353
1706695982792,nan,nan
1706695982804,nan,nan
1706695982814,nan,nan
1706695982826,nan,nan
1706695982837,nan,nan
1706695982848,nan,nan
1706695982859,nan,nan
1706695982892,nan,nan
1706695982910,nan,nan
1706695982914,nan,nan
1706695982925,nan,nan
1706695982936,nan,nan
1706695982947,nan,nan
1706695982958,nan,nan
1706695982970,nan,nan
1706695982981,nan,nan
1706695982992,nan,nan
1706695983025,nan,nan
1706695983026,nan,nan
1706695983041,nan,nan
1706695983047,nan,nan
1706695983060,nan,nan
1706695983069,nan,nan
1706695983080,nan,nan
1706695983091,nan,nan
1706695983102,nan,nan
1706695983113,nan,nan
1706695983125,nan,nan
1706695983136,nan,nan
1706695983155,nan,nan
1706695983177,nan,nan
1706695983180,nan,nan
1706695983192,nan,nan
1706695983203,nan,nan
1706695983213,nan,nan
1706695983225,nan,nan
1706695983236,nan,nan
1706695983247,nan,nan
1706695983258,nan,nan
1706695983269,nan,nan
1706695983309,nan,nan
1706695983310,nan,nan
1706695983313,nan,nan
1706695983326,nan,nan
1706695983336,nan,nan
1706695983347,nan,nan
1706695983359,nan,nan
1706695983370,nan,nan
1706695983381,nan,nan
1706695983392,nan,nan
1706695983403,nan,nan
1706695983414,nan,nan
1706695983425,nan,nan
1706695983460,nan,nan
1706695983469,nan,nan
1706695983480,nan,nan
1706695983492,nan,nan
1706695983502,nan,nan
1706695983513,nan,nan
1706695983524,nan,nan
1706695983536,nan,nan
1706695983546,nan,nan
1706695983558,nan,nan
1706695983591,nan,nan
1706695983592,nan,nan
1706695983606,nan,nan
1706695983613,nan,nan
1706695983626,nan,nan
1706695983636,nan,nan
1706695983648,976.1873432368494,771.5535685420036
1706695983658,976.1873432368494,771.5535685420036
1706695983670,976.1873432368494,771.5535685420036
1706695983682,802.4328940168006,649.3192419409752
1706695983693,727.0699004625658,637.9305154085159
1706695983704,727.0699004625658,637.9305154085159
1706695983742,664.6071364196403,628.5498321056366
1706695983743,nan,nan
1706695983748,nan,nan
1706695983759,653.8688517797876,625.6614916026592
1706695983771,653.8688517797876,625.6614916026592
1706695983782,714.290340166503,641.840572655201
1706695983793,711.0186951699897,640.0938794016838
1706695983804,711.0186951699897,640.0938794016838
1706695983814,712.7373014020353,639.4958689808846
1706695983825,717.9719949178677,642.1587452292442
1706695983837,686.5776939509117,642.0559719204903
1706695983848,683.4330812926014,643.7746077775955
1706695983859,686.2359456984618,651.7363116145134
1706695983893,695.8646688266557,655.349175632
1706695983908,706.1276700592251,662.9391402006149
1706695983915,704.5246873944055,663.595700263977
1706695983927,710.7834366731786,670.0521573424339
1706695983937,707.0836176272135,676.2904122471809
1706695983948,713.7552500202963,678.8913697004318
1706695983959,717.460810956271,681.560729444027
1706695983970,746.1865894396755,691.4961338043213
1706695983982,854.7961825935676,734.7973883152008
1706695983993,1073.9586791707961,805.1734074950218
1706695984025,1179.18053827029,839.3190890550613
1706695984026,1233.2200237945854,863.2848054170609
1706695984043,1243.5807681335802,873.1180027127266
1706695984048,1246.8820290996023,869.127793610096
1706695984059,1247.8336883438953,872.4558651447296
1706695984071,1245.338619711395,866.8708577752113
1706695984082,1244.0584671887186,864.2071604728699
1706695984093,1245.9886315777853,867.275920510292
1706695984104,1251.976687667347,869.0508410334587
1706695984115,1255.5055756518384,875.7416099309921
1706695984126,1253.3471457258884,875.0249713659286
1706695984138,1247.315272587569,876.7327636480331
1706695984158,1243.2521882945337,880.1873058080673
1706695984179,1243.7659805181756,883.4649533033371
1706695984180,1248.3187130809165,892.84348487854
1706695984182,1225.560977735019,906.7348122596741
1706695984197,1208.8192942681646,929.0715575218201
1706695984204,1193.7259017541687,934.8299771547318
1706695984215,1195.144224634683,940.1126950979233
1706695984225,1190.6097356694654,944.4036930799484
1706695984237,1195.831987173468,947.8469103574753
1706695984248,1196.3889198540444,942.4381464719772
1706695984259,1198.6006026004316,940.5374348163605
1706695984270,1199.3951767307096,940.1373267173767
1706695984281,1197.934358611953,942.2105729579926
1706695984292,1198.0853468652417,941.7397409677505
1706695984331,1196.9741980361423,945.327690243721
1706695984337,1194.6440855328838,948.7393110990524
1706695984349,1199.724741616494,944.4645076990128
1706695984359,1200.0367029584509,947.1103399991989
1706695984370,1201.8399651551376,949.7734427452087
1706695984381,1198.0424266105888,955.308535695076
1706695984392,1199.0877893949169,951.6804397106171
1706695984404,1199.5154004043325,954.4344246387482
1706695984415,1196.0315431636245,951.3680994510651
1706695984426,1198.2494236014977,954.5450121164322
1706695984437,1194.0893401374983,951.350149512291
1706695984454,1196.415047886096,952.1556317806244
1706695984480,1196.8505077087468,956.1481058597565
1706695984481,1202.1198505141087,956.5487802028656
1706695984498,1197.43986092147,958.8155686855316
1706695984505,1192.1200419467891,963.7386083602905
1706695984515,1190.6709704063333,954.9978941679001
1706695984526,1192.052196727356,957.7097505331039
1706695984537,1194.7286257738438,957.34803378582
1706695984548,1197.586827071311,960.2348029613495
1706695984559,1200.3168071233629,962.5530064105988
1706695984570,1220.2238978009138,956.5306037664413
1706695984581,1240.5077255417143,957.5757771730423
1706695984592,1269.5701912157938,957.9564064741135
1706695984630,1268.2135161535334,962.8764450550079
1706695984631,1267.3874249352684,963.7418359518051
1706695984637,1266.3055425629482,965.8879578113556
1706695984649,1265.8406328304845,972.2036749124527
1706695984659,1266.9468094670992,973.4807252883911
1706695984671,1271.1920730900274,973.457282781601
1706695984682,1267.522948424495,970.1192736625671
1706695984692,1267.6189877934419,971.9687402248383
1706695984704,1263.0657124525235,972.2741156816483
1706695984715,1266.6064625004817,975.7759392261505
1706695984726,1264.6632303613173,977.6794254779816
1706695984737,1273.2072134362684,979.7594666481018
1706695984754,1267.8829075914934,983.0695599317551
1706695984780,1272.3607547484721,983.0029129981995
1706695984781,1272.9764579266935,982.8687697649002
1706695984798,1277.7282220897473,986.3472640514374
1706695984802,nan,nan
1706695984814,nan,nan
1706695984824,nan,nan
1706695984835,nan,nan
1706695984845,nan,nan
1706695984856,nan,nan
1706695984867,nan,nan
1706695984879,nan,nan
1706695984889,nan,nan
1706695984932,nan,nan
1706695984939,nan,nan
1706695984950,nan,nan
1706695984961,nan,nan
1706695984972,nan,nan
1706695984983,nan,nan
1706695984993,nan,nan
1706695985005,nan,nan
1706695985016,nan,nan
1706695985027,nan,nan
1706695985038,nan,nan
1706695985078,nan,nan
1706695985079,nan,nan
1706695985083,nan,nan
1706695985094,nan,nan
1706695985105,nan,nan
1706695985116,nan,nan
1706695985126,nan,nan
1706695985138,nan,nan
1706695985149,nan,nan
1706695985159,nan,nan
1706695985171,nan,nan
1706695985212,nan,nan
1706695985213,nan,nan
1706695985216,nan,nan
1706695985228,nan,nan
1706695985238,nan,nan
1706695985249,nan,nan
1706695985260,nan,nan
1706695985271,nan,nan
1706695985282,nan,nan
1706695985293,nan,nan
1706695985305,nan,nan
1706695985316,nan,nan
1706695985326,nan,nan
1706695985364,nan,nan
1706695985365,nan,nan
1706695985372,nan,nan
1706695985383,nan,nan
1706695985393,nan,nan
1706695985405,nan,nan
1706695985416,nan,nan
1706695985426,nan,nan
1706695985439,nan,nan
1706695985450,nan,nan
1706695985459,nan,nan
1706695985472,nan,nan
1706695985510,nan,nan
1706695985511,nan,nan
1706695985516,nan,nan
1706695985526,nan,nan
1706695985537,nan,nan
1706695985549,nan,nan
1706695985559,nan,nan
1706695985570,nan,nan
1706695985582,nan,nan
1706695985592,nan,nan
1706695985604,nan,nan
1706695985616,nan,nan
1706695985625,nan,nan
1706695985663,nan,nan
1706695985664,nan,nan
1706695985672,nan,nan
1706695985682,nan,nan
1706695985692,nan,nan
1706695985704,nan,nan
1706695985716,nan,nan
1706695985726,nan,nan
1706695985738,nan,nan
1706695985749,nan,nan
1706695985759,nan,nan
1706695985771,nan,nan
1706695985813,nan,nan
1706695985816,nan,nan
1706695985830,nan,nan
1706695985838,nan,nan
1706695985850,nan,nan
1706695985859,nan,nan
1706695985870,nan,nan
1706695985882,nan,nan
1706695985892,nan,nan
1706695985904,nan,nan
1706695985916,nan,nan
1706695985925,nan,nan
1706695985945,nan,nan
1706695985965,nan,nan
1706695985971,nan,nan
1706695985982,nan,nan
1706695985991,nan,nan
1706695986004,nan,nan
1706695986015,nan,nan
1706695986025,nan,nan
1706695986037,nan,nan
1706695986049,nan,nan
1706695986059,nan,nan
1706695986071,nan,nan
1706695986082,nan,nan
1706695986113,nan,nan
1706695986115,nan,nan
1706695986132,nan,nan
1706695986138,nan,nan
1706695986149,nan,nan
1706695986159,nan,nan
1706695986171,nan,nan
1706695986182,nan,nan
1706695986193,nan,nan
1706695986204,nan,nan
1706695986216,nan,nan
1706695986226,nan,nan
1706695986263,nan,nan
1706695986264,nan,nan
1706695986271,nan,nan
1706695986283,nan,nan
1706695986292,nan,nan
1706695986304,nan,nan
1706695986315,nan,nan
1706695986325,nan,nan
1706695986338,nan,nan
1706695986348,nan,nan
1706695986360,nan,nan
1706695986396,nan,nan
1706695986404,nan,nan
1706695986415,nan,nan
1706695986426,nan,nan
1706695986438,nan,nan
1706695986448,nan,nan
1706695986459,nan,nan
1706695986471,nan,nan
1706695986482,nan,nan
1706695986493,nan,nan
1706695986504,nan,nan
1706695986545,nan,nan
1706695986546,nan,nan
1706695986549,nan,nan
1706695986561,nan,nan
1706695986573,nan,nan
1706695986583,nan,nan
1706695986592,nan,nan
1706695986605,nan,nan
1706695986616,nan,nan
1706695986625,nan,nan
1706695986638,nan,nan
1706695986649,nan,nan
1706695986659,nan,nan
1706695986693,nan,nan
1706695986709,nan,nan
1706695986715,nan,nan
1706695986726,nan,nan
1706695986737,nan,nan
1706695986749,nan,nan
1706695986759,nan,nan
1706695986771,nan,nan
1706695986783,nan,nan
1706695986792,nan,nan
1706695986832,nan,nan
1706695986837,nan,nan
1706695986851,nan,nan
1706695986858,nan,nan
1706695986870,nan,nan
1706695986881,nan,nan
1706695986891,nan,nan
1706695986903,nan,nan
1706695986915,nan,nan
1706695986925,nan,nan
1706695986936,nan,nan
1706695986948,nan,nan
1706695986980,nan,nan
1706695986981,nan,nan
1706695986998,nan,nan
1706695987004,nan,nan
1706695987015,nan,nan
1706695987025,nan,nan
1706695987037,nan,nan
1706695987047,nan,nan
1706695987058,nan,nan
1706695987069,nan,nan
1706695987081,nan,nan
1706695987091,nan,nan
1706695987130,nan,nan
1706695987131,nan,nan
1706695987137,nan,nan
1706695987148,nan,nan
1706695987157,nan,nan
1706695987170,nan,nan
1706695987181,nan,nan
1706695987191,nan,nan
1706695987204,nan,nan
1706695987215,nan,nan
1706695987224,nan,nan
1706695987237,nan,nan
1706695987249,nan,nan
1706695987282,nan,nan
1706695987283,nan,nan
1706695987290,nan,nan
1706695987304,nan,nan
1706695987315,nan,nan
