timestamp,x,y
1706695955369,nan,nan
1706695955375,nan,nan
1706695955387,nan,nan
1706695955397,nan,nan
1706695955408,nan,nan
1706695955419,nan,nan
1706695955430,nan,nan
1706695955441,nan,nan
1706695955451,nan,nan
1706695955470,nan,nan
1706695955500,nan,nan
1706695955521,nan,nan
1706695955525,nan,nan
1706695955539,nan,nan
1706695955545,0.5955630242824554,0.4826870858669281
1706695955557,0.6083971560001373,0.4935290664434433
1706695955568,0.6025313436985016,0.501870796084404
1706695955579,0.5774334371089935,0.5325635671615601
1706695955589,0.5052227079868317,0.6000239551067352
1706695955601,0.49852120876312256,0.5959014892578125
1706695955612,0.4792311042547226,0.6305431723594666
1706695955623,0.48461467027664185,0.6135347187519073
1706695955635,0.4993564039468765,0.621479868888855
1706695955671,0.5027955621480942,0.6236707270145416
1706695955679,0.496164470911026,0.6334725916385651
1706695955694,0.4991408735513687,0.6199316084384918
1706695955702,0.5013948082923889,0.6223046183586121
1706695955713,0.5057403892278671,0.6166845858097076
1706695955724,0.5049506723880768,0.6166677474975586
1706695955735,0.5050823539495468,0.6172782480716705
1706695955746,0.501380667090416,0.6206067204475403
1706695955757,0.5012712925672531,0.6190308928489685
1706695955768,0.5018050819635391,0.6181736290454865
1706695955779,0.5050059854984283,0.613294780254364
1706695955791,0.5028527528047562,0.6118145883083344
1706695955828,0.4998067617416382,0.6115647852420807
1706695955829,0.5003076642751694,0.6083883941173553
1706695955835,0.504313737154007,0.6028009355068207
1706695955849,0.5011125653982162,0.6080619394779205
1706695955858,0.5011891275644302,0.6106899380683899
1706695955869,0.49962280690670013,0.6037889420986176
1706695955880,0.5029406398534775,0.5965883135795593
1706695955891,0.5019662827253342,0.5955148041248322
1706695955902,0.5011422336101532,0.6056881546974182
1706695955913,0.5006478726863861,0.6358650326728821
1706695955924,0.5084854811429977,0.6710149347782135
1706695955935,0.5125499963760376,0.6745089590549469
1706695955968,0.5158233642578125,0.6674810647964478
1706695955969,0.515211671590805,0.6712648868560791
1706695955986,0.5156133621931076,0.6739304065704346
1706695955990,0.5162913501262665,0.6716993749141693
1706695956002,0.5151149481534958,0.6731045544147491
1706695956012,0.5159251093864441,0.6709252595901489
1706695956023,0.5181394070386887,0.667996734380722
1706695956035,0.5196947455406189,0.6674662232398987
1706695956046,0.5174673646688461,0.6696603894233704
1706695956057,0.5154623538255692,0.6700997650623322
1706695956068,0.5166545659303665,0.6721743047237396
1706695956079,0.5168444067239761,0.6757619976997375
1706695956124,0.5168031603097916,0.6790634095668793
1706695956125,0.5142127722501755,0.6739818751811981
1706695956142,0.5149857997894287,0.6584690809249878
1706695956146,0.514242872595787,0.6657015681266785
1706695956157,0.5098858922719955,0.6655493974685669
1706695956168,0.5094225108623505,0.6679336726665497
1706695956179,0.5119918137788773,0.6657410264015198
1706695956190,0.5141893774271011,0.66597980260849
1706695956201,0.5153707414865494,0.6659865379333496
1706695956212,0.514657124876976,0.6667688190937042
1706695956223,0.5150244534015656,0.6717970967292786
1706695956235,0.5152912139892578,0.6706844866275787
1706695956278,0.5157604813575745,0.673710435628891
1706695956279,0.5158501863479614,0.6736038029193878
1706695956294,0.5186293870210648,0.674052357673645
1706695956302,0.5234505832195282,0.6884835362434387
1706695956314,0.5264027714729309,0.7071282863616943
1706695956324,0.5344021022319794,0.7329219877719879
1706695956334,0.5361344814300537,0.7300347983837128
1706695956345,0.5328286588191986,0.7324517667293549
1706695956357,0.5316052734851837,0.7314126193523407
1706695956368,0.5294137597084045,0.7325398027896881
1706695956379,0.5322909951210022,0.7293891906738281
1706695956422,0.5318922400474548,0.7319205403327942
1706695956423,0.5240057110786438,0.7308174073696136
1706695956440,0.528501033782959,0.7330019176006317
1706695956445,0.5294782221317291,0.7324811816215515
1706695956458,0.5324049890041351,0.7309525310993195
1706695956468,0.5318253934383392,0.7270669937133789
1706695956479,0.5323612093925476,0.729144960641861
1706695956491,0.5325738191604614,0.732170969247818
1706695956502,0.5337256193161011,0.7387363016605377
1706695956512,0.5361786484718323,0.7340878546237946
1706695956523,0.536698579788208,0.7288166582584381
1706695956534,0.5368375480175018,0.7276523411273956
1706695956573,0.5344278514385223,0.7294038534164429
1706695956574,0.5129934251308441,0.703242152929306
1706695956579,0.4910802096128464,0.6760046482086182
1706695956590,0.48817671835422516,0.6776005029678345
1706695956602,0.48820970952510834,0.6766221821308136
1706695956612,0.48698002099990845,0.6724539995193481
1706695956623,0.48712772130966187,0.6703652739524841
1706695956635,0.4870249181985855,0.6697789132595062
1706695956646,0.4848358482122421,0.6734820902347565
1706695956657,0.4846598207950592,0.6732270121574402
1706695956668,0.4870525598526001,0.6762511134147644
1706695956679,0.48817919194698334,0.6734940707683563
1706695956722,0.488835409283638,0.6727553009986877
1706695956723,0.4869632124900818,0.672854483127594
1706695956740,0.4868041127920151,0.6765575706958771
1706695956745,0.48608699440956116,0.6779413521289825
1706695956758,0.4858546108007431,0.6774516403675079
1706695956768,0.4890023022890091,0.6748805344104767
1706695956778,0.49319635331630707,0.6662552356719971
1706695956790,0.5391324162483215,0.5825988352298737
1706695956801,0.5772713124752045,0.5074185132980347
1706695956812,0.6266420185565948,0.40652044117450714
1706695956823,0.6721909642219543,0.289924681186676
1706695956834,0.6809647381305695,0.25231310725212097
1706695956873,0.6849221587181091,0.23111144453287125
1706695956874,0.6855545043945312,0.22479134798049927
1706695956879,0.6862921118736267,0.2274266853928566
1706695956890,0.6861968636512756,0.2294239029288292
1706695956902,0.6860175430774689,0.229224294424057
1706695956912,0.6858058273792267,0.2271384447813034
1706695956923,0.6844435334205627,0.2246173992753029
1706695956934,0.6851915717124939,0.22691627591848373
1706695956945,0.685939222574234,0.22804074734449387
1706695956956,0.6892884075641632,0.23369473963975906
1706695956968,0.6898529529571533,0.23261523246765137
1706695956979,0.6890531182289124,0.23583060503005981
1706695956990,0.6875107884407043,0.23162534832954407
1706695957026,0.6877305507659912,0.2279324010014534
1706695957027,0.6870408952236176,0.22961684316396713
1706695957034,0.686909407377243,0.2262200117111206
1706695957045,0.684578150510788,0.18624036014080048
1706695957057,0.6743306219577789,0.13785364851355553
1706695957068,0.6715066730976105,0.11848967149853706
1706695957078,0.6691237688064575,0.12103909254074097
1706695957090,0.6705350577831268,0.12212757766246796
1706695957101,0.6683189272880554,0.12325490266084671
1706695957112,0.6697418689727783,0.12544268742203712
1706695957123,0.669267326593399,0.12791737914085388
1706695957134,0.6697668135166168,0.12279936671257019
1706695957187,0.6700557470321655,0.11971857771277428
1706695957188,0.6690336465835571,0.11815198510885239
1706695957190,0.6722633838653564,0.1214514970779419
1706695957205,0.6702885329723358,0.11847550421953201
1706695957212,0.6637062728404999,0.12084634602069855
1706695957224,0.6018352210521698,0.12386640161275864
1706695957233,0.5789800882339478,0.12435193732380867
1706695957245,0.4441573917865753,0.14812061563134193
1706695957256,0.2825368493795395,0.1661408357322216
1706695957267,0.276112362742424,0.16514089331030846
1706695957279,0.21070585399866104,0.1831103339791298
1706695957290,0.21296929568052292,0.19616937637329102
1706695957301,0.21074599027633667,0.19030304998159409
1706695957321,0.20975427329540253,0.18826112896203995
1706695957348,0.21121589839458466,0.18537931889295578
1706695957349,0.2114235758781433,0.18397746235132217
1706695957357,0.2094045802950859,0.17588850855827332
1706695957368,0.20678741484880447,0.17661988735198975
1706695957378,0.20504343509674072,0.17676229029893875
1706695957389,0.20815327763557434,0.17972155660390854
1706695957400,0.20769595354795456,0.1747959405183792
1706695957411,0.2086576521396637,0.17262011766433716
1706695957423,0.2046092376112938,0.17308343946933746
1706695957434,0.204137921333313,0.17400363832712173
1706695957445,0.2023930698633194,0.1712266206741333
1706695957489,0.20020665228366852,0.15831004828214645
1706695957490,0.20130854845046997,0.14704442769289017
1706695957507,0.2077987939119339,0.12893209233880043
1706695957512,0.20707237720489502,0.1276303231716156
1706695957524,0.20499996840953827,0.12062546238303185
1706695957534,0.20387516915798187,0.1258041225373745
1706695957546,0.20270942151546478,0.1248113289475441
1706695957557,0.2068053036928177,0.12777094542980194
1706695957567,0.20658931881189346,0.12269089370965958
1706695957578,0.20728526264429092,0.12587738037109375
1706695957589,0.20526474714279175,0.12746477872133255
1706695957600,0.20505307614803314,0.12726067751646042
1706695957642,0.20559044182300568,0.12062967196106911
1706695957645,0.20587733387947083,0.12261690199375153
1706695957660,0.21247947961091995,0.13443631306290627
1706695957667,0.22069890797138214,0.14623093232512474
1706695957678,0.23190238326787949,0.16440290212631226
1706695957690,0.23608487099409103,0.1651243045926094
1706695957701,0.23704744130373,0.16819266974925995
1706695957712,0.2348746731877327,0.16625123471021652
1706695957723,0.2355855628848076,0.17016806453466415
1706695957734,0.23537831753492355,0.16618818044662476
1706695957745,0.2379249781370163,0.16765445470809937
1706695957756,0.2358836904168129,0.16601141542196274
1706695957798,0.2356880083680153,0.16996849328279495
1706695957799,0.23518819361925125,0.17357910424470901
1706695957800,0.23485948145389557,0.17258212715387344
1706695957815,0.25719457119703293,0.20165303349494934
1706695957822,0.3033705949783325,0.24091865867376328
1706695957832,0.34621192514896393,0.2971944957971573
1706695957843,0.38115379214286804,0.2508240044116974
1706695957854,nan,nan
1706695957866,nan,nan
1706695957876,nan,nan
1706695957887,nan,nan
1706695957899,nan,nan
1706695957920,nan,nan
1706695957940,nan,nan
1706695957941,nan,nan
1706695957958,nan,nan
1706695957968,nan,nan
1706695957979,nan,nan
1706695957989,nan,nan
1706695958001,nan,nan
1706695958012,nan,nan
1706695958022,nan,nan
1706695958034,nan,nan
1706695958072,nan,nan
1706695958079,nan,nan
1706695958089,nan,nan
1706695958101,nan,nan
1706695958112,nan,nan
1706695958122,nan,nan
1706695958134,nan,nan
1706695958146,nan,nan
1706695958156,nan,nan
1706695958167,nan,nan
1706695958179,nan,nan
1706695958190,nan,nan
1706695958201,nan,nan
1706695958240,nan,nan
1706695958241,nan,nan
1706695958246,nan,nan
1706695958259,nan,nan
1706695958268,nan,nan
1706695958279,nan,nan
1706695958289,nan,nan
1706695958301,nan,nan
1706695958312,nan,nan
1706695958322,nan,nan
1706695958334,nan,nan
1706695958345,nan,nan
1706695958356,nan,nan
1706695958367,nan,nan
1706695958402,nan,nan
1706695958403,nan,nan
1706695958419,nan,nan
1706695958423,nan,nan
1706695958434,nan,nan
1706695958445,nan,nan
1706695958456,nan,nan
1706695958468,nan,nan
1706695958479,nan,nan
1706695958489,nan,nan
1706695958501,nan,nan
1706695958513,nan,nan
1706695958522,nan,nan
1706695958557,nan,nan
1706695958558,nan,nan
1706695958574,nan,nan
1706695958581,nan,nan
1706695958589,nan,nan
1706695958601,nan,nan
1706695958612,nan,nan
1706695958622,nan,nan
1706695958634,nan,nan
1706695958645,nan,nan
1706695958656,nan,nan
1706695958676,nan,nan
1706695958699,nan,nan
1706695958700,nan,nan
1706695958701,nan,nan
1706695958720,nan,nan
1706695958721,nan,nan
1706695958735,nan,nan
1706695958745,nan,nan
1706695958755,nan,nan
1706695958767,nan,nan
1706695958779,nan,nan
1706695958789,nan,nan
1706695958800,nan,nan
1706695958812,nan,nan
1706695958822,nan,nan
1706695958865,nan,nan
1706695958866,nan,nan
1706695958867,nan,nan
1706695958883,nan,nan
1706695958890,nan,nan
1706695958900,nan,nan
1706695958911,nan,nan
1706695958922,nan,nan
1706695958934,nan,nan
1706695958945,nan,nan
1706695958955,nan,nan
1706695958967,nan,nan
1706695959015,nan,nan
1706695959016,nan,nan
1706695959022,nan,nan
1706695959034,nan,nan
1706695959045,nan,nan
1706695959055,nan,nan
1706695959067,nan,nan
1706695959078,nan,nan
1706695959089,nan,nan
1706695959101,nan,nan
1706695959111,nan,nan
1706695959121,nan,nan
1706695959159,nan,nan
1706695959160,nan,nan
1706695959167,nan,nan
1706695959178,nan,nan
1706695959188,nan,nan
1706695959200,nan,nan
1706695959211,nan,nan
1706695959222,nan,nan
1706695959234,nan,nan
1706695959245,nan,nan
1706695959255,nan,nan
1706695959267,nan,nan
1706695959278,nan,nan
1706695959311,nan,nan
1706695959312,nan,nan
1706695959313,nan,nan
1706695959321,nan,nan
1706695959333,nan,nan
1706695959344,nan,nan
1706695959354,nan,nan
1706695959366,nan,nan
1706695959378,nan,nan
1706695959388,nan,nan
1706695959400,nan,nan
1706695959411,nan,nan
1706695959421,nan,nan
1706695959457,nan,nan
1706695959458,nan,nan
1706695959466,nan,nan
1706695959478,nan,nan
1706695959488,nan,nan
1706695959500,nan,nan
1706695959511,nan,nan
1706695959522,nan,nan
1706695959533,nan,nan
1706695959544,nan,nan
1706695959555,nan,nan
1706695959567,nan,nan
1706695959608,nan,nan
1706695959609,nan,nan
1706695959611,nan,nan
1706695959627,nan,nan
1706695959634,nan,nan
1706695959645,nan,nan
1706695959656,nan,nan
1706695959668,nan,nan
1706695959678,nan,nan
1706695959688,nan,nan
1706695959700,nan,nan
1706695959718,nan,nan
1706695959756,nan,nan
1706695959772,nan,nan
1706695959777,nan,nan
1706695959790,nan,nan
1706695959800,nan,nan
1706695959810,nan,nan
1706695959828,nan,nan
1706695959848,nan,nan
1706695959864,nan,nan
1706695959907,nan,nan
1706695959922,0.6871678531169891,0.6254704892635345
1706695959927,0.6819240748882294,0.6216655969619751
1706695959940,0.6802648305892944,0.6162957549095154
1706695959949,0.6578144133090973,0.6301984190940857
1706695959960,0.597605288028717,0.6553497314453125
1706695959971,0.550152987241745,0.6743346154689789
1706695959982,0.5217066407203674,0.6856072843074799
1706695959994,0.5157800912857056,0.6856460571289062
1706695960005,0.5156211256980896,0.6837777495384216
1706695960041,0.5145938992500305,0.6836374402046204
1706695960042,0.5137711763381958,0.6767311096191406
1706695960055,0.5108020901679993,0.678309440612793
1706695960059,0.5116861462593079,0.6769998073577881
1706695960071,0.5123568773269653,0.6770573556423187
1706695960082,0.5138898491859436,0.6729120314121246
1706695960093,0.5135699212551117,0.667301744222641
1706695960104,0.5122311413288116,0.6663978099822998
1706695960115,0.5125235915184021,0.6638748645782471
1706695960126,0.5118831098079681,0.662583589553833
1706695960137,0.5106172263622284,0.6627095639705658
1706695960149,0.5104149878025055,0.6588224768638611
1706695960189,0.5099928677082062,0.6607242524623871
1706695960190,0.51080621778965,0.6637255847454071
1706695960193,0.5105994641780853,0.6626002788543701
1706695960206,0.5123518109321594,0.6646485924720764
1706695960215,0.5098537504673004,0.6651050448417664
1706695960227,0.5118109285831451,0.6628994643688202
1706695960238,0.5130105018615723,0.6649967730045319
1706695960249,0.515693873167038,0.6666902005672455
1706695960260,0.5132197737693787,0.6640438139438629
1706695960271,0.5131612718105316,0.6627177000045776
1706695960282,0.5094495415687561,0.6608113944530487
1706695960325,0.5100951939821243,0.6615220904350281
1706695960327,0.5157933831214905,0.6629773378372192
1706695960343,0.5162991285324097,0.6639305651187897
1706695960349,0.5177475214004517,0.6598378717899323
1706695960361,0.5142548680305481,0.6565863192081451
1706695960371,0.5152285099029541,0.6585747003555298
1706695960382,0.5154725313186646,0.657486617565155
1706695960394,0.5152481496334076,0.6565156877040863
1706695960405,0.5117823481559753,0.6523252427577972
1706695960416,0.5103627592325211,0.6568587124347687
1706695960426,0.5115620642900467,0.657255083322525
1706695960437,0.5097887963056564,0.6545910537242889
1706695960473,0.5080972015857697,0.6466840505599976
1706695960490,0.5057562738656998,0.5609085261821747
1706695960493,0.50437892973423,0.5628198087215424
1706695960505,0.5046600252389908,0.5618908405303955
1706695960515,0.5025380402803421,0.5622117817401886
1706695960527,0.5025410354137421,0.5664437711238861
1706695960538,0.5029139816761017,0.5705118477344513
1706695960549,0.50323785841465,0.572948545217514
1706695960560,0.5022909641265869,0.5717791616916656
1706695960570,0.5002789795398712,0.56512051820755
1706695960607,0.5004882365465164,0.5647692978382111
1706695960608,0.5019986480474472,0.5630012154579163
1706695960623,0.504797950387001,0.5698806345462799
1706695960626,0.5044793486595154,0.5703584253787994
1706695960639,0.5027368813753128,0.5656987130641937
1706695960648,0.5030524432659149,0.5640854835510254
1706695960659,0.5022188872098923,0.5672632157802582
1706695960670,0.5034629106521606,0.5681398510932922
1706695960681,0.5016355961561203,0.5722108483314514
1706695960693,0.502118319272995,0.5705028474330902
1706695960704,0.5028407573699951,0.5699020326137543
1706695960715,0.5039259642362595,0.5674231648445129
1706695960736,0.5026728510856628,0.5664162337779999
1706695960758,0.5024851262569427,0.5665877461433411
1706695960759,0.5022856891155243,0.5659407675266266
1706695960760,0.5022073984146118,0.5683420300483704
1706695960774,0.5014654248952866,0.562271386384964
1706695960782,0.5016933977603912,0.5656925439834595
1706695960793,0.5009064227342606,0.5969904661178589
1706695960804,0.50193852186203,0.61830934882164
1706695960815,0.5015832781791687,0.6400483548641205
1706695960826,0.5064544826745987,0.6609515249729156
1706695960837,0.5080686211585999,0.6649622917175293
1706695960848,0.5081575512886047,0.6678846180438995
1706695960860,0.5088192671537399,0.6757682859897614
1706695960871,0.5109506249427795,0.6801530420780182
1706695960911,0.5095773488283157,0.6814762353897095
1706695960912,0.5076626837253571,0.6772589087486267
1706695960915,0.5068252235651016,0.6803642511367798
1706695960928,0.5068342387676239,0.6837370097637177
1706695960938,0.5066379308700562,0.6830653250217438
1706695960948,0.5066008865833282,0.6828700304031372
1706695960959,0.5072003453969955,0.6838205456733704
1706695960970,0.5066885054111481,0.6816882491111755
1706695960981,0.5090709030628204,0.68437460064888
1706695960992,0.5205820798873901,0.7163810133934021
1706695961003,0.5233007669448853,0.7275446653366089
1706695961014,0.5260605216026306,0.7347363233566284
1706695961032,0.5231572389602661,0.7321652770042419
1706695961058,0.5264366567134857,0.7332680821418762
1706695961059,0.5232928693294525,0.7388319671154022
1706695961073,0.5200331807136536,0.7354235053062439
1706695961081,0.519918292760849,0.7355040609836578
1706695961092,0.520565390586853,0.7373140156269073
1706695961104,0.5216934978961945,0.7385593354701996
1706695961115,0.5249231159687042,0.7369524240493774
1706695961126,0.5273175537586212,0.7384015619754791
1706695961137,0.5276782810688019,0.7393990457057953
1706695961148,0.5316190719604492,0.7092481255531311
1706695961159,0.5548754036426544,0.5550025105476379
1706695961195,0.56737020611763,0.46121567487716675
1706695961204,0.6195308268070221,0.19807695597410202
1706695961214,0.6231124103069305,0.19300243258476257
1706695961228,0.6268437206745148,0.18619653582572937
1706695961237,0.6267941892147064,0.18442943692207336
1706695961248,0.6283969283103943,0.18369732052087784
1706695961259,0.6268839836120605,0.18739277869462967
1706695961270,0.6270212531089783,0.18972957134246826
1706695961281,0.6244202256202698,0.19175589829683304
1706695961293,0.6223684549331665,0.19225452095270157
1706695961304,0.6210901439189911,0.19163727015256882
1706695961341,0.6219317615032196,0.1881597563624382
1706695961342,0.6233692765235901,0.18876978009939194
1706695961348,0.6388378143310547,0.16395162045955658
1706695961359,0.6758370697498322,0.1354876011610031
1706695961371,0.69267937541008,0.127816591411829
1706695961381,0.704167515039444,0.12906071543693542
1706695961393,0.7091214954853058,0.13448712602257729
1706695961404,0.7073756158351898,0.13339276611804962
1706695961415,0.705240786075592,0.13016991317272186
1706695961426,0.7062268853187561,0.12584299221634865
1706695961437,0.7078230679035187,0.12629309669137
1706695961448,0.709219217300415,0.12931670621037483
1706695961460,0.709304690361023,0.13334182649850845
1706695961491,0.7080008387565613,0.1323988363146782
1706695961492,0.7061685025691986,0.13236528262495995
1706695961493,0.7055612206459045,0.13111504539847374
1706695961507,0.7068758308887482,0.13204072788357735
1706695961514,0.7075139582157135,0.13010864332318306
1706695961526,0.7306980192661285,0.13031262904405594
1706695961536,0.7668554484844208,0.1323210746049881
1706695961547,0.8107465505599976,0.13842825591564178
1706695961559,0.8623922169208527,0.1347348988056183
1706695961570,0.8674946129322052,0.13730931282043457
1706695961581,0.8695050776004791,0.13598782569169998
1706695961592,0.8714008927345276,0.136451855301857
1706695961603,0.8727926015853882,0.1376400664448738
1706695961642,0.8716574311256409,0.14131282269954681
1706695961643,0.8711284101009369,0.14004424214363098
1706695961648,0.8726590871810913,0.14065520465373993
1706695961659,0.8748307228088379,0.14271686971187592
1706695961670,0.8728290796279907,0.1410524696111679
1706695961681,0.8572388887405396,0.13478215038776398
1706695961692,0.7647998631000519,0.12733696401119232
1706695961702,0.730154424905777,0.11961448937654495
1706695961714,0.5720363259315491,0.11631669104099274
1706695961725,0.3681604415178299,0.11920322105288506
1706695961736,0.3681604415178299,0.11920322105288506
1706695961748,0.20682618767023087,0.16246534883975983
1706695961759,0.17873183637857437,0.16846000030636787
1706695961794,0.17938841879367828,0.16090748831629753
1706695961810,0.17719097435474396,0.15194107964634895
1706695961815,0.17549262940883636,0.1515471637248993
1706695961826,0.1731022372841835,0.14733633771538734
1706695961837,0.1725507602095604,0.14915602281689644
1706695961848,0.17393015325069427,0.1557498201727867
1706695961859,0.1734672635793686,0.15316257253289223
1706695961870,0.17270322889089584,0.15201504155993462
1706695961880,0.17247456312179565,0.1480463333427906
1706695961892,0.17136366665363312,0.1482340358197689
1706695961903,0.1712786927819252,0.1475745104253292
1706695961942,0.17054128646850586,0.1457608863711357
1706695961948,0.17065145075321198,0.1512172445654869
1706695961959,0.1716325432062149,0.1539955846965313
1706695961970,0.17610152810811996,0.15322939306497574
1706695961981,0.21388866007328033,0.1380993314087391
1706695961992,0.29925379157066345,0.12676460295915604
1706695962003,0.3339563012123108,0.12370138987898827
1706695962014,0.35046085715293884,0.12008535489439964
1706695962026,0.35786157846450806,0.11506078392267227
1706695962037,0.35780030488967896,0.11097577214241028
1706695962048,0.3575148582458496,0.11111731082201004
1706695962059,0.3572055399417877,0.11020469665527344
1706695962091,0.356403112411499,0.11152645945549011
1706695962092,0.35857054591178894,0.11166013404726982
1706695962107,0.35892875492572784,0.10954293981194496
1706695962114,0.35724297165870667,0.10935697704553604
1706695962125,0.3566555082798004,0.1046527773141861
1706695962136,0.35669568181037903,0.10570425540208817
1706695962147,0.3570062518119812,0.1064257100224495
1706695962158,0.3562951534986496,0.1053013876080513
1706695962169,0.3578501045703888,0.10352548584342003
1706695962181,0.3580014854669571,0.10534466058015823
1706695962192,0.36077339947223663,0.1048051044344902
1706695962203,0.359962522983551,0.10424015671014786
1706695962241,0.3708139657974243,0.09606905654072762
1706695962242,0.44367480278015137,0.09077785536646843
1706695962247,0.571163147687912,0.09546751901507378
1706695962259,0.6227686405181885,0.10055118054151535
1706695962271,0.6301873922348022,0.10302768275141716
1706695962281,0.6303666532039642,0.10343489795923233
1706695962292,0.6307941973209381,0.10322907567024231
1706695962303,0.6302472054958344,0.1041547916829586
1706695962314,0.629955530166626,0.10740786045789719
1706695962326,0.6298344433307648,0.11209903284907341
1706695962336,0.6300368309020996,0.11047183349728584
1706695962348,0.6317055821418762,0.1126323789358139
1706695962359,0.6322674453258514,0.10974122956395149
1706695962393,0.6313697695732117,0.11294062063097954
1706695962394,0.6292335689067841,0.112244863063097
1706695962409,0.6304450333118439,0.10884489119052887
1706695962415,0.6327342092990875,0.10589081794023514
1706695962426,0.6331002712249756,0.1078982949256897
1706695962437,0.6460466682910919,0.10865092277526855
1706695962447,0.6728271543979645,0.11501464992761612
1706695962458,0.7215636968612671,0.11293724179267883
1706695962469,0.7306862771511078,0.11234243959188461
1706695962480,0.7341440320014954,0.11113698035478592
1706695962491,0.7352585196495056,0.11372831463813782
1706695962529,0.7352733314037323,0.11412154883146286
1706695962530,0.7348513007164001,0.11481158435344696
1706695962536,0.733783632516861,0.11599212884902954
1706695962547,0.7309621870517731,0.11406885087490082
1706695962560,0.7299940884113312,0.1106618344783783
1706695962570,0.7297457754611969,0.10675647482275963
1706695962580,0.7313768267631531,0.10616465285420418
1706695962592,0.7325983047485352,0.10209774971008301
1706695962602,0.7454509735107422,0.10861023887991905
1706695962613,0.7626952528953552,0.11454261466860771
1706695962625,0.7920141518115997,0.13043271005153656
1706695962636,0.7944254875183105,0.13377562910318375
1706695962656,0.7962673008441925,0.1371806561946869
1706695962677,0.7958903610706329,0.1308566853404045
1706695962678,0.7953254282474518,0.13083882629871368
1706695962680,0.7934728562831879,0.1283990815281868
1706695962695,0.792836457490921,0.13250209391117096
1706695962703,0.7937723398208618,0.13122253119945526
1706695962714,0.7935002148151398,0.12941568344831467
1706695962726,0.7942143380641937,0.12958397716283798
1706695962736,0.7951668500900269,0.12977910786867142
1706695962747,0.7968782782554626,0.13165225088596344
1706695962759,0.7960948944091797,0.13432633131742477
1706695962770,0.7755793333053589,0.13695227354764938
1706695962781,0.717377632856369,0.13049817830324173
1706695962792,0.5641424059867859,0.13350796699523926
1706695962826,0.473016694188118,0.13736143708229065
1706695962843,0.22493039816617966,0.20303039252758026
1706695962847,0.21014002710580826,0.21112774312496185
1706695962858,0.21119745820760727,0.21525868028402328
1706695962869,0.21069031953811646,0.21110914647579193
1706695962880,0.21106331050395966,0.21293123066425323
1706695962891,0.20914113521575928,0.21148555725812912
1706695962902,0.20782361179590225,0.20944862812757492
1706695962913,0.2078460454940796,0.2104831412434578
1706695962925,0.20770691335201263,0.21113959699869156
1706695962935,0.2076336368918419,0.21329036355018616
1706695962988,0.20676016807556152,0.2144845947623253
1706695962991,0.20241762697696686,0.20826541632413864
1706695963005,0.20146586745977402,0.2073560133576393
1706695963014,0.1996801570057869,0.20309530198574066
1706695963025,0.20184797793626785,0.20437928289175034
1706695963036,0.22372812777757645,0.23546399921178818
1706695963047,0.2855473607778549,0.30914725363254547
1706695963058,0.4106065630912781,0.47132791578769684
1706695963069,0.45661015808582306,0.5412760376930237
1706695963080,0.48304568231105804,0.5785911083221436
1706695963092,0.4948217421770096,0.5953741669654846
1706695963103,0.49434298276901245,0.5919535458087921
1706695963114,0.49471624195575714,0.5931479930877686
1706695963151,0.49352917075157166,0.5980814695358276
1706695963153,0.49521762132644653,0.6023231148719788
1706695963158,0.4978111833333969,0.6060499250888824
1706695963169,0.4975222647190094,0.6033386588096619
1706695963182,0.49806687235832214,0.6074188947677612
1706695963191,0.5013667941093445,0.6079676747322083
1706695963202,0.5041323900222778,0.6102798879146576
1706695963213,0.5031599849462509,0.6090413331985474
1706695963224,0.49878711998462677,0.6064380407333374
1706695963235,0.49845151603221893,0.6050914525985718
1706695963246,0.4986329674720764,0.6077097058296204
1706695963257,0.5010782778263092,0.6099755167961121
1706695963294,0.4993004947900772,0.6093415319919586
1706695963302,0.5027727037668228,0.6056829392910004
1706695963313,0.5002951771020889,0.6107535660266876
1706695963325,0.4998103529214859,0.6108810603618622
1706695963335,0.4962821751832962,0.6063039898872375
1706695963346,0.4975033551454544,0.602640837430954
1706695963358,0.49544788897037506,0.6041932702064514
1706695963369,0.4978003352880478,0.6078431308269501
1706695963380,0.4963216185569763,0.6105485558509827
1706695963391,0.49750280380249023,0.6105971336364746
1706695963402,0.4972638040781021,0.6073752045631409
1706695963443,0.4966306835412979,0.6096187233924866
1706695963444,0.49752573668956757,0.6046187579631805
1706695963447,0.4978720545768738,0.6066112220287323
1706695963460,0.49586693942546844,0.609965980052948
1706695963469,0.4956304132938385,0.6084505915641785
1706695963479,0.4989803731441498,0.5934089124202728
1706695963491,0.5065887272357941,0.5626134872436523
1706695963502,0.5092558413743973,0.5529452562332153
1706695963513,0.5076766014099121,0.5548072755336761
1706695963524,0.5050727427005768,0.5552895963191986
1706695963535,0.5056616514921188,0.559152364730835
1706695963546,0.5075295269489288,0.5524206459522247
1706695963580,0.5085185617208481,0.5507096946239471
1706695963581,0.5070110559463501,0.5469662547111511
1706695963600,0.5065401494503021,0.5595888793468475
1706695963602,0.5083660036325455,0.5648272633552551
1706695963614,0.507160484790802,0.5651227235794067
1706695963625,0.5067014843225479,0.5588481426239014
1706695963635,0.5039087682962418,0.5529550611972809
1706695963647,0.5073984861373901,0.5490564107894897
1706695963658,0.5093265324831009,0.5534211695194244
1706695963669,0.5109691172838211,0.553022176027298
1706695963680,0.5100840330123901,0.5516400337219238
1706695963691,0.5091888159513474,0.5518600046634674
1706695963702,0.5080897659063339,0.5573406219482422
1706695963713,0.5041531175374985,0.5671449601650238
1706695963763,0.4978321045637131,0.5724907517433167
1706695963764,0.4960755705833435,0.5764987468719482
1706695963768,0.4949265867471695,0.5743274986743927
1706695963781,0.495098277926445,0.5769031643867493
1706695963791,0.494536817073822,0.5744719505310059
1706695963803,0.49538180232048035,0.5705802738666534
1706695963812,0.49489498138427734,0.5668254196643829
1706695963824,0.4974021166563034,0.5721962749958038
1706695963835,0.4961272031068802,0.5703842341899872
1706695963846,0.4953688532114029,0.5735638439655304
1706695963857,0.4935472756624222,0.5731649398803711
1706695963868,0.49306321144104004,0.5736833810806274
1706695963927,0.497792050242424,0.566438764333725
1706695963928,0.4987783133983612,0.5637969374656677
1706695963935,0.49227526783943176,0.5792415142059326
1706695963949,0.493318647146225,0.5696319937705994
1706695963957,0.49338366091251373,0.568489283323288
1706695963969,0.49330513179302216,0.5693080127239227
1706695963979,0.4906257092952728,0.5624693036079407
1706695963991,0.4393725246191025,0.5340019762516022
1706695964001,0.4124656915664673,0.5119854062795639
1706695964013,0.33390961587429047,0.487248033285141
1706695964024,0.230776846408844,0.47362762689590454
1706695964035,0.22160295397043228,0.4745226055383682
1706695964046,0.21331103891134262,0.4709777981042862
1706695964082,0.2147768959403038,0.4718972444534302
1706695964083,0.21466808766126633,0.468431755900383
1706695964099,0.21164581924676895,0.467926949262619
1706695964102,0.20984497666358948,0.4661073535680771
1706695964114,0.2094772905111313,0.46471312642097473
1706695964124,0.2094053030014038,0.4596480429172516
1706695964135,0.20763154327869415,0.4613838791847229
1706695964146,0.20721588283777237,0.4585505425930023
1706695964157,0.20855744183063507,0.464195191860199
1706695964168,0.20832742750644684,0.46598999202251434
1706695964180,0.2097785770893097,0.46803365647792816
1706695964191,0.20594742894172668,0.4677901715040207
1706695964213,0.20662156492471695,0.4637686610221863
1706695964240,0.20439335703849792,0.463702917098999
1706695964241,0.20459917187690735,0.4604865461587906
1706695964246,0.20325972139835358,0.45941002666950226
1706695964264,0.2027653157711029,0.45918571949005127
1706695964268,0.20362529158592224,0.456891193985939
1706695964280,0.20300233364105225,0.4465840607881546
1706695964291,0.20322881639003754,0.42974238097667694
1706695964302,0.2026393562555313,0.42396098375320435
1706695964313,0.20338977873325348,0.42665888369083405
1706695964324,0.20224390178918839,0.42570824921131134
1706695964335,0.20040182769298553,0.42639458179473877
1706695964345,0.2003457322716713,0.4223330020904541
1706695964357,0.2027972713112831,0.42180153727531433
1706695964368,0.20381046831607819,0.41993871331214905
1706695964379,0.20302829146385193,0.42089734971523285
1706695964421,0.20229990780353546,0.42017310857772827
1706695964422,0.20276908576488495,0.420362263917923
1706695964423,0.20174318552017212,0.4171030670404434
1706695964440,0.20160724967718124,0.4192301779985428
1706695964446,0.20194365084171295,0.4170491397380829
1706695964459,0.2020268738269806,0.41833190619945526
1706695964468,0.20171807706356049,0.4161219596862793
1706695964479,0.20090870559215546,0.41894637048244476
1706695964490,0.20140927284955978,0.41560421884059906
1706695964501,0.20067136734724045,0.41537244617938995
1706695964512,0.20145104080438614,0.4146576523780823
1706695964524,0.20201770961284637,0.419230118393898
1706695964565,0.20522919297218323,0.4155927300453186
1706695964566,0.23444132506847382,0.3886833190917969
1706695964568,0.24319297820329666,0.38939307630062103
1706695964580,0.24557950347661972,0.3864861726760864
1706695964590,0.24518802016973495,0.38395896553993225
1706695964601,0.2438688799738884,0.38013215363025665
1706695964612,0.24400369077920914,0.38487473130226135
1706695964624,0.2455798089504242,0.38949230313301086
1706695964635,0.24658164381980896,0.38999003171920776
1706695964646,0.24666620790958405,0.3881280869245529
1706695964657,0.24653905630111694,0.38658303022384644
1706695964667,0.2452268972992897,0.385827973484993
1706695964679,0.24518462270498276,0.38449181616306305
1706695964714,0.24557717889547348,0.3847646564245224
1706695964715,0.24505231529474258,0.3869549483060837
1706695964730,0.23481394350528717,0.4025804102420807
1706695964734,0.23142095655202866,0.4110363572835922
1706695964745,0.2257065773010254,0.42079614102840424
1706695964757,0.22410060465335846,0.42339007556438446
1706695964767,0.22299792617559433,0.422017365694046
1706695964779,0.22417002171278,0.41795574128627777
1706695964790,0.22362679243087769,0.40963368117809296
1706695964801,0.22635727375745773,0.40970371663570404
1706695964812,0.2277534380555153,0.4105677157640457
1706695964824,0.2253464162349701,0.41065073013305664
1706695964835,0.22295794636011124,0.4094093441963196
1706695964882,0.22287911921739578,0.4119785875082016
1706695964883,0.22580666095018387,0.41779281198978424
1706695964890,0.21490628272294998,0.3842216730117798
1706695964903,0.19501759111881256,0.311450719833374
1706695964912,nan,nan
1706695964921,nan,nan
1706695964933,nan,nan
1706695964944,nan,nan
1706695964956,0.14491389691829681,0.7645450830459595
1706695964967,0.1931123211979866,0.6500563621520996
1706695964979,0.24259722977876663,0.5911683440208435
1706695964990,0.2760252058506012,0.45832201838493347
1706695965033,0.28522321581840515,0.42795222997665405
1706695965034,0.27564506232738495,0.42512573301792145
1706695965050,0.2761155813932419,0.41939765214920044
1706695965056,0.27799664437770844,0.42314887046813965
1706695965067,0.27717775106430054,0.42213431000709534
1706695965079,0.27814172208309174,0.4228605180978775
1706695965090,0.2797398716211319,0.4247317314147949
1706695965101,0.27993492782115936,0.4240554869174957
1706695965112,0.27762293815612793,0.42218317091464996
1706695965123,0.2772509902715683,0.41906219720840454
1706695965134,0.2757166475057602,0.4187242239713669
1706695965145,0.2772398740053177,0.4186078757047653
1706695965185,0.2756049185991287,0.4199892282485962
1706695965186,0.2760003060102463,0.4175160229206085
1706695965190,0.2555895894765854,0.4619484394788742
1706695965202,0.25063713639974594,0.4977923482656479
1706695965212,0.2420777603983879,0.5485564172267914
1706695965224,0.24181657284498215,0.5743558406829834
1706695965234,0.24212953448295593,0.580056756734848
1706695965245,0.24184105545282364,0.5787078142166138
1706695965256,0.24309492856264114,0.5852272212505341
1706695965267,0.2421950101852417,0.584033876657486
1706695965278,0.243750162422657,0.5862284302711487
1706695965290,0.24186605960130692,0.5852724611759186
1706695965301,0.24237123131752014,0.5864735841751099
1706695965312,0.24101000279188156,0.5877054333686829
1706695965349,0.2443651407957077,0.5871113538742065
1706695965350,0.24493254721164703,0.5885635316371918
1706695965356,0.24201076477766037,0.5887286067008972
1706695965368,0.2429596558213234,0.588886559009552
1706695965378,0.24506743997335434,0.5887144207954407
1706695965389,0.24781238287687302,0.5906995534896851
1706695965400,0.2469915822148323,0.5886588394641876
1706695965412,0.24353589862585068,0.5880679488182068
1706695965422,0.24290285259485245,0.5891792178153992
1706695965434,0.24385111033916473,0.5923689901828766
1706695965445,0.2472323477268219,0.5947097539901733
1706695965456,0.2459607943892479,0.5947976410388947
1706695965495,0.24260221421718597,0.592686802148819
1706695965496,0.2418534904718399,0.5898636877536774
1706695965500,0.24184638261795044,0.5970836281776428
1706695965514,0.2366887331008911,0.6160073280334473
1706695965522,0.22759640216827393,0.6483879089355469
1706695965533,0.22641484439373016,0.6559714376926422
1706695965545,0.2261449173092842,0.6565275192260742
1706695965556,0.22594569623470306,0.6580772995948792
1706695965567,0.22552113234996796,0.6582864820957184
1706695965578,0.22415538132190704,0.6554340124130249
1706695965589,0.22294732928276062,0.6540623009204865
1706695965600,0.2212589606642723,0.6547606289386749
1706695965618,0.2223241627216339,0.6550120413303375
1706695965645,0.22373247891664505,0.6557461023330688
1706695965646,0.22678973525762558,0.6536681950092316
1706695965661,0.2221657559275627,0.6560613512992859
1706695965667,0.21914494782686234,0.655216246843338
1706695965678,0.219203881919384,0.6549191176891327
1706695965689,0.23568256944417953,0.6784770488739014
1706695965700,0.2702403888106346,0.7366438806056976
1706695965712,0.3451059013605118,0.8562888503074646
1706695965723,0.5568632781505585,1.2185568809509277
1706695965733,0.6403085887432098,1.368005394935608
1706695965744,0.7352476119995117,1.5336271524429321
1706695965756,0.8440859913825989,1.7229853868484497
1706695965774,0.9706329107284546,1.9074991941452026
1706695965798,nan,nan
1706695965799,0.3494693636894226,0.13908915221691132
1706695965815,0.3494693636894226,0.13908915221691132
1706695965822,0.35300588607788086,0.44278714060783386
1706695965833,0.3626391589641571,0.4265266954898834
1706695965843,0.3626391589641571,0.4265266954898834
1706695965855,0.36385083198547363,0.403024822473526
1706695965866,0.37263113260269165,0.3935345411300659
1706695965876,0.37263113260269165,0.3935345411300659
1706695965889,0.3778071999549866,0.3695164918899536
1706695965900,0.378512442111969,0.3562057614326477
1706695965910,0.378512442111969,0.3562057614326477
1706695965949,0.3862066864967346,0.34464550018310547
1706695965955,0.3862735629081726,0.3261006474494934
1706695965967,0.4049825072288513,0.32772061228752136
1706695965979,0.4049825072288513,0.32772061228752136
1706695965989,0.4815623462200165,0.11086183786392212
1706695966000,nan,nan
1706695966011,1.0376542806625366,1.6604558229446411
1706695966022,0.9566276669502258,1.3751330375671387
1706695966033,0.8537600636482239,1.1012630462646484
1706695966045,0.7755188941955566,0.9327755272388458
1706695966055,0.7303169071674347,0.8465831577777863
1706695966095,0.6420702040195465,0.731830507516861
1706695966096,0.4573262184858322,0.6097298860549927
1706695966100,0.44501474499702454,0.5902922749519348
1706695966111,0.4435439109802246,0.5931456685066223
1706695966124,0.43970927596092224,0.5896517038345337
1706695966134,0.44081903994083405,0.5922890901565552
1706695966144,0.44109953939914703,0.5843937695026398
1706695966156,0.437490850687027,0.5874112248420715
1706695966167,0.43284575641155243,0.5840968191623688
1706695966178,0.4309525638818741,0.5887435972690582
1706695966189,0.4301034063100815,0.5899625420570374
1706695966200,0.43307511508464813,0.5914578139781952
1706695966211,0.4338594526052475,0.5908554196357727
1706695966246,0.4345656782388687,0.5884774327278137
1706695966247,0.4304921180009842,0.5889216661453247
1706695966261,0.42926451563835144,0.590390145778656
1706695966267,0.4300181418657303,0.5918275415897369
1706695966279,0.42983749508857727,0.5906449854373932
1706695966289,0.3975355327129364,0.6019008457660675
1706695966299,0.36928701400756836,0.6075465679168701
1706695966311,0.31789153814315796,0.6214023232460022
1706695966322,0.2547813951969147,0.6440307796001434
1706695966333,0.24161643534898758,0.648150771856308
1706695966344,0.23945759236812592,0.6477256715297699
1706695966355,0.2379997819662094,0.6521238088607788
1706695966396,0.23603437840938568,0.6488528251647949
1706695966397,0.2370150461792946,0.6497742831707001
1706695966400,0.23634866625070572,0.6489817798137665
1706695966412,0.2357882261276245,0.6519382297992706
1706695966422,0.23238326609134674,0.6464211046695709
1706695966433,0.23321445286273956,0.6482096314430237
1706695966444,0.2330731377005577,0.6472691297531128
1706695966456,0.23313332349061966,0.6502493321895599
1706695966466,0.2316305860877037,0.6506571471691132
1706695966478,0.23025768250226974,0.650517612695694
1706695966489,0.23079956322908401,0.6517502963542938
1706695966500,0.23163499683141708,0.6504604518413544
1706695966534,0.23150306195020676,0.6502156257629395
1706695966535,0.23091651499271393,0.649062305688858
1706695966553,0.2316175177693367,0.6473377645015717
1706695966556,0.23072128742933273,0.648809403181076
1706695966567,0.2287498638033867,0.6495603919029236
1706695966578,0.22934965044260025,0.6481338143348694
1706695966589,0.23302467167377472,0.6371718347072601
1706695966600,0.23902619630098343,0.6177802979946136
1706695966611,0.24336814135313034,0.6036123037338257
1706695966621,0.252090647816658,0.5771099627017975
1706695966632,0.25100842863321304,0.5811393857002258
1706695966644,0.2523367404937744,0.5767742693424225
1706695966683,0.25333235412836075,0.576061487197876
1706695966688,0.2480241060256958,0.5685804784297943
1706695966700,0.24827823787927628,0.5681563317775726
1706695966710,0.24991180002689362,0.5705337822437286
1706695966722,0.2532322481274605,0.5697436332702637
1706695966733,0.2543324828147888,0.5711996555328369
1706695966744,0.2579348236322403,0.5777341425418854
1706695966755,0.2547980397939682,0.5776483118534088
1706695966766,0.25423847883939743,0.5767559111118317
1706695966777,0.25224897265434265,0.5760682225227356
1706695966788,0.25551970303058624,0.580867737531662
1706695966832,0.25596316903829575,0.580237627029419
1706695966833,0.2540595233440399,0.5749238133430481
1706695966853,0.25126709789037704,0.5688174366950989
1706695966856,0.2502049282193184,0.5670962929725647
1706695966867,0.24300775676965714,0.5464794933795929
1706695966877,0.23890167474746704,0.5103050470352173
1706695966889,0.23042044043540955,0.4390593469142914
1706695966900,0.23192181438207626,0.42523980140686035
1706695966911,0.23253818601369858,0.4231823831796646
1706695966922,0.23392823338508606,0.4264505058526993
1706695966933,0.23144462704658508,0.4232020974159241
1706695966944,0.23059139400720596,0.425180047750473
1706695966980,0.22844506055116653,0.4194861054420471
1706695966989,0.23021797835826874,0.41752438247203827
1706695966999,0.2298184633255005,0.41747352480888367
1706695967011,0.228647843003273,0.4149598479270935
1706695967022,0.22792131453752518,0.4128401577472687
1706695967033,0.22573811560869217,0.41684073209762573
1706695967044,0.22555429488420486,0.4165443480014801
1706695967055,0.2256101295351982,0.41503816843032837
1706695967066,0.2272508665919304,0.4115602672100067
1706695967077,0.22744247317314148,0.41188153624534607
1706695967112,0.22656132280826569,0.41306327283382416
1706695967113,0.22624115645885468,0.4140951782464981
1706695967128,0.22850655019283295,0.41172780096530914
1706695967133,0.22732138633728027,0.4089772552251816
1706695967144,0.22502563148736954,0.4030689597129822
1706695967155,0.22397273033857346,0.40136323869228363
1706695967166,0.22514847666025162,0.4027400463819504
1706695967178,0.22626151889562607,0.4089299738407135
1706695967188,0.22174792736768723,0.405027374625206
1706695967199,0.22056663781404495,0.4048179090023041
1706695967210,0.21941972523927689,0.406093955039978
1706695967222,0.22255706042051315,0.4122285544872284
1706695967233,0.22288449108600616,0.41249626874923706
1706695967265,0.22369147092103958,0.4085253030061722
1706695967266,0.22351470589637756,0.4039359986782074
1706695967282,0.22489801794290543,0.40405941009521484
1706695967288,0.24873961508274078,0.41240882873535156
1706695967300,0.2907925546169281,0.4385329931974411
1706695967311,0.37027086317539215,0.4718450754880905
1706695967322,0.5147148668766022,0.5313202738761902
1706695967333,0.5453210473060608,0.5464536547660828
1706695967344,0.5593538284301758,0.5564008057117462
1706695967355,0.558104932308197,0.5613220632076263
1706695967396,0.5606810450553894,0.5590323805809021
1706695967399,0.5659584105014801,0.5537441372871399
1706695967414,0.5633058845996857,0.5573694109916687
1706695967421,0.5606662631034851,0.5612874627113342
1706695967433,0.5609440803527832,0.5616187155246735
1706695967444,0.5639881491661072,0.5565113723278046
1706695967455,0.5647253096103668,0.5543014109134674
1706695967466,0.5638987720012665,0.5525599718093872
1706695967477,0.5593151450157166,0.5602483451366425
1706695967488,0.5593877732753754,0.5627970099449158
1706695967499,0.5607523918151855,0.563090443611145
1706695967510,0.5618594884872437,0.5669583976268768
1706695967555,0.5627962052822113,0.5696845948696136
1706695967556,0.5611250996589661,0.5692404508590698
1706695967573,0.6020572185516357,0.5718701183795929
1706695967577,0.6698904633522034,0.5635643601417542
1706695967590,0.7793139517307281,0.5586286783218384
1706695967599,0.7944948971271515,0.5578152537345886
1706695967610,0.8027098476886749,0.5576526820659637
1706695967622,0.7997962534427643,0.5585070550441742
1706695967633,0.8013653457164764,0.5560573935508728
1706695967644,0.8018065690994263,0.5572160482406616
1706695967655,0.8001009821891785,0.5589152574539185
1706695967666,0.8014593720436096,0.5568670332431793
1706695967685,0.8015275299549103,0.557357519865036
1706695967706,0.8018212020397186,0.5577145218849182
1706695967710,0.800659716129303,0.5590308010578156
1706695967725,0.8019618391990662,0.5602453947067261
1706695967732,0.8016996383666992,0.559151828289032
1706695967743,0.8038668632507324,0.558241605758667
1706695967754,0.8021213114261627,0.5583745539188385
1706695967765,0.8018764555454254,0.5613930523395538
1706695967776,0.8004518449306488,0.5641781389713287
1706695967788,0.8012188971042633,0.5655549764633179
1706695967799,0.7874759137630463,0.5664083361625671
1706695967810,0.7399374842643738,0.562697023153305
1706695967849,0.6200401782989502,0.5547643601894379
1706695967854,0.5051137953996658,0.561013787984848
1706695967868,0.5046644657850266,0.562495082616806
1706695967876,0.5013564229011536,0.5614469647407532
1706695967888,0.499531090259552,0.5590197443962097
1706695967899,0.5004124939441681,0.5596414804458618
1706695967910,0.5007867962121964,0.5616909563541412
1706695967921,0.5002323687076569,0.5657060742378235
1706695967932,0.4984488934278488,0.5666192770004272
1706695967943,0.49974754452705383,0.5603430271148682
1706695967955,0.46258917450904846,0.52768474817276
1706695967966,0.42364227771759033,0.48681876063346863
1706695967996,0.3598727434873581,0.45151306688785553
1706695967999,0.25442076474428177,0.40979166328907013
1706695968013,0.24488161504268646,0.40576787292957306
1706695968021,0.23552314937114716,0.4014165848493576
1706695968032,0.23450615257024765,0.4021046310663223
1706695968043,0.2341919094324112,0.3995942324399948
1706695968055,0.23553428053855896,0.39995183050632477
1706695968066,0.2362333983182907,0.4008295238018036
1706695968077,0.23762119561433792,0.40655988454818726
1706695968088,0.23930295556783676,0.4110399931669235
1706695968099,0.23896677792072296,0.4096575081348419
1706695968110,0.23781774938106537,0.40847259759902954
1706695968145,0.23567547649145126,0.40970154106616974
1706695968160,0.23336674273014069,0.40576235949993134
1706695968166,0.23342864960432053,0.4048524647951126
1706695968177,0.23098213970661163,0.41446393728256226
1706695968187,0.22610104829072952,0.4263022243976593
1706695968198,0.2229592502117157,0.43032489717006683
1706695968210,0.22063472867012024,0.43095895648002625
1706695968221,0.21822196245193481,0.43162286281585693
1706695968232,0.21565019339323044,0.43323642015457153
1706695968243,0.2154543772339821,0.4289754033088684
1706695968281,0.2153659611940384,0.4269162565469742
1706695968287,0.21450768411159515,0.42308562994003296
1706695968298,0.21474500745534897,0.4236261248588562
1706695968310,0.21519922465085983,0.4264904260635376
1706695968321,0.21807178109884262,0.42601238191127777
1706695968332,0.21655356138944626,0.4272519648075104
1706695968343,0.2154884934425354,0.4261818379163742
1706695968354,0.2136014774441719,0.42345955967903137
1706695968365,0.21585363894701004,0.4217858463525772
1706695968376,0.2147151380777359,0.41900765895843506
1706695968388,0.2141292318701744,0.41756048798561096
1706695968399,0.21381837874650955,0.4207904487848282
1706695968438,0.2153162583708763,0.42132794857025146
1706695968439,0.21554673463106155,0.4212975949048996
1706695968443,0.22919638454914093,0.43762099742889404
1706695968454,0.3179953992366791,0.45836634933948517
1706695968467,0.3933471143245697,0.49253691732883453
1706695968475,0.45621736347675323,0.49877287447452545
1706695968486,0.6893437504768372,0.6896436661481857
1706695968496,nan,nan
1706695968507,nan,nan
1706695968518,nan,nan
1706695968529,nan,nan
1706695968540,nan,nan
1706695968582,nan,nan
1706695968583,nan,nan
1706695968584,nan,nan
1706695968599,nan,nan
1706695968606,nan,nan
1706695968619,nan,nan
1706695968629,nan,nan
1706695968639,nan,nan
1706695968651,nan,nan
1706695968661,nan,nan
1706695968679,nan,nan
1706695968708,nan,nan
1706695968732,nan,nan
1706695968733,nan,nan
1706695968749,nan,nan
1706695968755,nan,nan
1706695968767,nan,nan
1706695968777,nan,nan
1706695968788,nan,nan
1706695968801,nan,nan
1706695968811,nan,nan
1706695968821,nan,nan
1706695968863,nan,nan
1706695968864,nan,nan
1706695968867,nan,nan
1706695968877,nan,nan
1706695968887,nan,nan
1706695968900,nan,nan
1706695968915,nan,nan
1706695968931,nan,nan
1706695968943,nan,nan
1706695968953,nan,nan
1706695968965,nan,nan
1706695968976,nan,nan
1706695968993,nan,nan
1706695969017,nan,nan
1706695969018,nan,nan
1706695969020,nan,nan
1706695969038,nan,nan
1706695969042,nan,nan
1706695969054,nan,nan
1706695969065,nan,nan
1706695969076,nan,nan
1706695969087,nan,nan
1706695969098,nan,nan
1706695969109,nan,nan
1706695969121,nan,nan
1706695969132,nan,nan
1706695969163,nan,nan
1706695969164,nan,nan
1706695969165,nan,nan
1706695969180,nan,nan
1706695969187,nan,nan
1706695969199,nan,nan
1706695969209,nan,nan
1706695969221,nan,nan
1706695969232,nan,nan
1706695969243,nan,nan
1706695969254,nan,nan
1706695969265,nan,nan
1706695969276,nan,nan
1706695969315,nan,nan
1706695969320,nan,nan
1706695969331,nan,nan
1706695969342,nan,nan
1706695969353,nan,nan
1706695969365,nan,nan
1706695969377,nan,nan
1706695969389,0.35734912753105164,0.6163622140884399
1706695969400,0.3421642780303955,0.553440272808075
1706695969411,0.3626079708337784,0.5208951830863953
1706695969446,0.35934779047966003,0.49604441225528717
1706695969448,0.3641213923692703,0.5003436058759689
1706695969463,0.35407231748104095,0.4902215898036957
1706695969466,0.35407231748104095,0.4902215898036957
1706695969478,0.35390934348106384,0.4917009472846985
1706695969488,0.35955454409122467,0.496602326631546
1706695969500,0.35955454409122467,0.496602326631546
1706695969511,0.35724422335624695,0.5110282301902771
1706695969523,0.3284423053264618,0.47346222400665283
1706695969534,0.3222922533750534,0.4694604128599167
1706695969545,0.32945430278778076,0.4676859974861145
1706695969557,0.33050569891929626,0.4677979052066803
1706695969568,0.33168725669384,0.47220636904239655
1706695969600,0.3314938545227051,0.4804036319255829
1706695969601,0.33249038457870483,0.48300090432167053
1706695969618,0.3385378271341324,0.47724179923534393
1706695969624,0.36030101776123047,0.46301107108592987
1706695969635,0.38413846492767334,0.4593922942876816
1706695969645,0.40623611211776733,0.45929501950740814
1706695969657,0.42296092212200165,0.4657094031572342
1706695969667,0.4235444515943527,0.4666632264852524
1706695969678,0.42533791065216064,0.46893636882305145
1706695969689,0.42804548144340515,0.4714787155389786
1706695969732,0.4291303753852844,0.4708018898963928
1706695969733,0.428791806101799,0.4693371206521988
1706695969734,0.42918823659420013,0.47204606235027313
1706695969749,0.4312596619129181,0.4753139466047287
1706695969756,0.43233081698417664,0.47566722333431244
1706695969768,0.44944293797016144,0.4793877601623535
1706695969778,0.47092215716838837,0.4799698144197464
1706695969789,0.500536173582077,0.4919261336326599
1706695969801,0.5025739073753357,0.49391892552375793
1706695969811,0.5021578669548035,0.4956626147031784
1706695969823,0.5042138993740082,0.4954232722520828
1706695969834,0.5059265196323395,0.4972211718559265
1706695969845,0.5060206055641174,0.4992483854293823
1706695969883,0.5067020654678345,0.49975256621837616
1706695969884,0.5071545243263245,0.49999624490737915
1706695969890,0.508129358291626,0.5042178928852081
1706695969901,0.5061895251274109,0.5055528879165649
1706695969913,0.5034774541854858,0.5077555030584335
1706695969923,0.503664493560791,0.5083521157503128
1706695969934,0.5030566453933716,0.5073447227478027
1706695969945,0.5053500533103943,0.5050877779722214
1706695969956,0.5050589740276337,0.5057027786970139
1706695969968,0.5067829191684723,0.5137350559234619
1706695969978,0.5059438347816467,0.5303098857402802
1706695969990,0.5061958432197571,0.5487499237060547
1706695970033,0.5066488683223724,0.5563094317913055
1706695970034,0.5059354603290558,0.5524537265300751
1706695970046,0.5064378082752228,0.5585807859897614
1706695970056,0.505798876285553,0.5588562488555908
1706695970067,0.5056146085262299,0.5639285743236542
1706695970078,0.5048537254333496,0.5601357817649841
1706695970089,0.5035900175571442,0.5633363127708435
1706695970100,0.5018878430128098,0.561367392539978
1706695970111,0.5021436363458633,0.5630605220794678
1706695970122,0.5032962262630463,0.5646653771400452
1706695970134,0.5041430294513702,0.5667992532253265
1706695970144,0.5047776699066162,0.5671422481536865
1706695970181,0.5042455494403839,0.5644696652889252
1706695970182,0.5040632486343384,0.5648484230041504
1706695970195,0.5057335495948792,0.5749612152576447
1706695970200,0.505527913570404,0.5740442872047424
1706695970214,0.5054096877574921,0.5713145732879639
1706695970222,0.5049205720424652,0.5696855783462524
1706695970234,0.5060325562953949,0.5721408128738403
1706695970245,0.5053177773952484,0.5748725831508636
1706695970256,0.5054803192615509,0.5746829211711884
1706695970267,0.5079716444015503,0.5719876289367676
1706695970278,0.5060569047927856,0.5703391432762146
1706695970317,0.5067114531993866,0.5747495889663696
1706695970318,0.5044560432434082,0.5750004053115845
1706695970323,0.5042484700679779,0.5700764954090118
1706695970335,0.5036855340003967,0.5718123018741608
1706695970346,0.5022103488445282,0.5780155658721924
1706695970356,0.5016503632068634,0.5797507464885712
1706695970367,0.5052495300769806,0.5782648026943207
1706695970378,0.5212152600288391,0.5724059641361237
1706695970390,0.5388715863227844,0.5700378119945526
1706695970401,0.5474343299865723,0.5709001123905182
1706695970411,0.5434949696063995,0.5752696096897125
1706695970422,0.5424014329910278,0.5726974606513977
1706695970433,0.5423697829246521,0.5735498666763306
1706695970463,0.5456314086914062,0.567077249288559
1706695970464,0.5468762814998627,0.5682746171951294
1706695970466,0.546654462814331,0.5677382946014404
1706695970482,0.5474886000156403,0.5678590834140778
1706695970489,0.5470830202102661,0.5677848756313324
1706695970500,0.5454992353916168,0.566315233707428
1706695970511,0.5440082848072052,0.5712377429008484
1706695970522,0.5441959798336029,0.5697908699512482
1706695970533,0.5464668273925781,0.5711581408977509
1706695970544,0.5474832057952881,0.5682261884212494
1706695970555,0.548030823469162,0.5704798400402069
1706695970567,0.5466240644454956,0.5716218948364258
1706695970578,0.5467523038387299,0.5719683170318604
1706695970620,0.5461414158344269,0.5724726021289825
1706695970621,0.5452966690063477,0.5681975185871124
1706695970622,0.5424332618713379,0.571666032075882
1706695970639,0.5436685681343079,0.5760957896709442
1706695970645,0.5450382828712463,0.5782715976238251
1706695970657,0.5459255874156952,0.5803805589675903
1706695970667,0.548014909029007,0.5829542577266693
1706695970678,0.5450772941112518,0.5862947702407837
1706695970689,0.5446315109729767,0.5852223038673401
1706695970700,0.5468376576900482,0.5918397009372711
1706695970710,0.5515261590480804,0.5916325747966766
1706695970721,0.5619580447673798,0.6323836147785187
1706695970732,nan,nan
1706695970767,nan,nan
1706695970768,nan,nan
1706695970776,nan,nan
1706695970786,nan,nan
1706695970798,nan,nan
1706695970808,nan,nan
1706695970818,nan,nan
1706695970830,nan,nan
1706695970841,nan,nan
1706695970852,nan,nan
1706695970863,nan,nan
1706695970898,nan,nan
1706695970899,nan,nan
1706695970901,nan,nan
1706695970920,nan,nan
1706695970933,nan,nan
1706695970944,nan,nan
1706695970953,nan,nan
1706695970966,nan,nan
1706695970977,nan,nan
1706695970987,nan,nan
1706695970999,nan,nan
1706695971010,nan,nan
1706695971030,nan,nan
1706695971052,nan,nan
1706695971054,nan,nan
1706695971069,nan,nan
1706695971077,nan,nan
1706695971087,nan,nan
1706695971099,nan,nan
1706695971111,nan,nan
1706695971121,nan,nan
1706695971132,nan,nan
1706695971144,nan,nan
1706695971154,nan,nan
1706695971196,nan,nan
1706695971199,nan,nan
1706695971212,nan,nan
1706695971221,nan,nan
1706695971233,nan,nan
1706695971244,nan,nan
1706695971254,nan,nan
1706695971266,nan,nan
1706695971277,nan,nan
1706695971287,nan,nan
1706695971298,nan,nan
1706695971310,nan,nan
1706695971328,nan,nan
1706695971349,nan,nan
1706695971350,nan,nan
1706695971353,nan,nan
1706695971365,nan,nan
1706695971377,nan,nan
1706695971387,nan,nan
1706695971399,nan,nan
1706695971410,nan,nan
1706695971420,nan,nan
1706695971432,nan,nan
1706695971443,nan,nan
1706695971453,nan,nan
1706695971485,nan,nan
1706695971486,nan,nan
1706695971502,nan,nan
1706695971510,nan,nan
1706695971520,nan,nan
1706695971532,nan,nan
1706695971543,nan,nan
1706695971553,nan,nan
1706695971566,nan,nan
1706695971577,nan,nan
1706695971586,nan,nan
1706695971599,nan,nan
1706695971632,nan,nan
1706695971633,nan,nan
1706695971650,nan,nan
1706695971652,nan,nan
1706695971666,nan,nan
1706695971676,nan,nan
1706695971686,nan,nan
1706695971698,nan,nan
1706695971710,nan,nan
1706695971720,nan,nan
1706695971731,nan,nan
1706695971769,nan,nan
1706695971770,nan,nan
1706695971776,nan,nan
1706695971788,nan,nan
1706695971798,nan,nan
1706695971810,nan,nan
1706695971819,nan,nan
1706695971831,nan,nan
1706695971843,nan,nan
1706695971853,nan,nan
1706695971865,nan,nan
1706695971876,nan,nan
1706695971915,nan,nan
1706695971916,nan,nan
1706695971920,nan,nan
1706695971932,nan,nan
1706695971944,nan,nan
1706695971954,nan,nan
1706695971965,nan,nan
1706695971977,nan,nan
1706695971987,nan,nan
1706695971998,nan,nan
1706695972010,nan,nan
1706695972031,nan,nan
1706695972052,nan,nan
1706695972070,nan,nan
1706695972075,nan,nan
1706695972085,nan,nan
1706695972098,nan,nan
1706695972109,nan,nan
1706695972119,nan,nan
1706695972131,nan,nan
1706695972143,nan,nan
1706695972152,nan,nan
1706695972165,nan,nan
1706695972203,nan,nan
1706695972204,nan,nan
1706695972209,nan,nan
1706695972220,nan,nan
1706695972234,nan,nan
1706695972243,nan,nan
1706695972252,nan,nan
1706695972264,nan,nan
1706695972276,nan,nan
1706695972286,nan,nan
1706695972298,nan,nan
1706695972309,nan,nan
1706695972319,nan,nan
1706695972351,nan,nan
1706695972352,nan,nan
1706695972353,nan,nan
1706695972369,nan,nan
1706695972376,nan,nan
1706695972387,nan,nan
1706695972398,nan,nan
1706695972410,nan,nan
1706695972419,nan,nan
1706695972430,nan,nan
1706695972442,nan,nan
1706695972452,nan,nan
1706695972464,nan,nan
1706695972501,nan,nan
1706695972502,nan,nan
1706695972510,nan,nan
1706695972519,nan,nan
1706695972532,nan,nan
1706695972543,nan,nan
1706695972553,nan,nan
1706695972564,nan,nan
1706695972575,nan,nan
1706695972586,nan,nan
1706695972597,nan,nan
1706695972609,nan,nan
1706695972619,nan,nan
1706695972651,nan,nan
1706695972652,nan,nan
1706695972670,nan,nan
1706695972677,nan,nan
1706695972687,nan,nan
1706695972698,nan,nan
1706695972709,nan,nan
1706695972719,nan,nan
1706695972731,nan,nan
1706695972742,nan,nan
1706695972785,nan,nan
1706695972786,nan,nan
1706695972800,nan,nan
1706695972809,nan,nan
1706695972818,nan,nan
1706695972831,nan,nan
1706695972842,nan,nan
1706695972852,nan,nan
1706695972864,nan,nan
1706695972875,nan,nan
1706695972885,nan,nan
1706695972897,nan,nan
1706695972934,nan,nan
1706695972935,nan,nan
1706695972942,nan,nan
1706695972952,nan,nan
1706695972965,nan,nan
1706695972976,nan,nan
1706695972985,nan,nan
1706695972997,nan,nan
1706695973008,nan,nan
1706695973019,nan,nan
1706695973030,nan,nan
1706695973069,nan,nan
1706695973070,nan,nan
1706695973075,nan,nan
1706695973086,nan,nan
1706695973097,nan,nan
1706695973108,nan,nan
1706695973119,nan,nan
1706695973131,nan,nan
1706695973142,nan,nan
1706695973153,nan,nan
1706695973164,nan,nan
1706695973176,nan,nan
1706695973186,nan,nan
1706695973218,nan,nan
1706695973219,nan,nan
1706695973236,nan,nan
1706695973242,nan,nan
1706695973253,nan,nan
1706695973265,nan,nan
1706695973275,nan,nan
1706695973286,nan,nan
1706695973298,nan,nan
1706695973309,nan,nan
1706695973352,nan,nan
1706695973367,nan,nan
1706695973383,nan,nan
1706695973398,nan,nan
1706695973409,nan,nan
1706695973420,nan,nan
1706695973431,nan,nan
1706695973443,nan,nan
1706695973453,nan,nan
1706695973464,nan,nan
1706695973501,nan,nan
1706695973502,nan,nan
1706695973507,nan,nan
1706695973527,nan,nan
1706695973546,nan,nan
1706695973562,nan,nan
1706695973579,nan,nan
1706695973591,nan,nan
1706695973601,nan,nan
1706695973613,0.4645109921693802,0.6503793895244598
1706695973653,0.4645109921693802,0.6503793895244598
1706695973654,0.4645109921693802,0.6503793895244598
1706695973658,0.47620290517807007,0.6331831812858582
1706695973670,0.4836988151073456,0.6351613998413086
1706695973680,0.4845970571041107,0.6355486512184143
1706695973691,0.5038628578186035,0.6166048049926758
1706695973702,0.5145529508590698,0.6182845830917358
1706695973713,0.5189905166625977,0.6175232529640198
1706695973725,0.5295256078243256,0.6212101578712463
1706695973736,0.5329234004020691,0.627532422542572
1706695973747,0.5279371738433838,0.6258421838283539
1706695973758,0.5282439291477203,0.6218858063220978
1706695973770,0.5253565013408661,0.615916907787323
1706695973803,0.528010219335556,0.6118959784507751
1706695973804,0.5285947024822235,0.6111007034778595
1706695973819,0.5277737677097321,0.6102029979228973
1706695973824,0.527726948261261,0.6095349788665771
1706695973836,0.5289781987667084,0.6111729443073273
1706695973847,0.5315176546573639,0.6093228161334991
1706695973858,0.5309211313724518,0.6073056757450104
1706695973869,0.5284025371074677,0.6008628606796265
1706695973880,0.5274945199489594,0.5952106714248657
1706695973891,0.5293531715869904,0.5974222123622894
1706695973902,0.5299583673477173,0.595831423997879
1706695973913,0.5307522416114807,0.5964835584163666
1706695973951,0.5309893488883972,0.5897760689258575
1706695973952,0.5320317447185516,0.5947832465171814
1706695973958,0.5283267199993134,0.60516357421875
1706695973969,0.5197717845439911,0.6029651761054993
1706695973980,0.5148672759532928,0.6047545969486237
1706695973991,0.5055104494094849,0.604578047990799
1706695974002,0.5073060244321823,0.6042456924915314
1706695974013,0.5074352771043777,0.6060843765735626
1706695974025,0.5061281472444534,0.6066274344921112
1706695974036,0.507586196064949,0.6084372401237488
1706695974047,0.5070062428712845,0.6054401993751526
1706695974058,0.5060276985168457,0.6065977811813354
1706695974101,0.5058493763208389,0.6050154864788055
1706695974102,0.5061188340187073,0.6079376637935638
1706695974116,0.5036252439022064,0.6008926630020142
1706695974125,0.5047760903835297,0.5975608229637146
1706695974136,0.5049237906932831,0.5940117537975311
1706695974147,0.5033920407295227,0.5996043086051941
1706695974158,0.5031758099794388,0.602890133857727
1706695974169,0.5033818483352661,0.6023191809654236
1706695974180,0.5041382014751434,0.601522296667099
1706695974192,0.5043512284755707,0.60139200091362
1706695974202,0.5034488588571548,0.6023815274238586
1706695974212,0.5027969032526016,0.6003254055976868
1706695974252,0.5014062970876694,0.6002978682518005
1706695974253,0.5004106611013412,0.5981369316577911
1706695974257,0.5008631944656372,0.5755007266998291
1706695974269,0.4986845850944519,0.5730759501457214
1706695974278,0.5022901892662048,0.5650818943977356
1706695974289,nan,nan
1706695974300,nan,nan
1706695974311,nan,nan
1706695974322,nan,nan
1706695974334,nan,nan
1706695974344,nan,nan
1706695974355,nan,nan
1706695974366,nan,nan
1706695974403,nan,nan
1706695974404,nan,nan
1706695974420,nan,nan
1706695974437,nan,nan
1706695974447,nan,nan
1706695974456,nan,nan
1706695974468,nan,nan
1706695974480,nan,nan
1706695974489,nan,nan
1706695974502,nan,nan
1706695974513,nan,nan
1706695974533,nan,nan
1706695974555,nan,nan
1706695974556,nan,nan
1706695974570,nan,nan
1706695974579,nan,nan
1706695974589,nan,nan
1706695974601,nan,nan
1706695974612,nan,nan
1706695974622,nan,nan
1706695974634,nan,nan
1706695974646,nan,nan
1706695974656,nan,nan
1706695974667,nan,nan
1706695974704,nan,nan
1706695974705,nan,nan
1706695974718,nan,nan
1706695974723,nan,nan
1706695974736,nan,nan
1706695974746,nan,nan
1706695974756,nan,nan
1706695974773,nan,nan
1706695974790,nan,nan
1706695974800,nan,nan
1706695974811,nan,nan
1706695974833,nan,nan
1706695974854,nan,nan
1706695974855,nan,nan
1706695974856,nan,nan
1706695974872,nan,nan
1706695974884,nan,nan
1706695974903,nan,nan
1706695974915,nan,nan
1706695974925,nan,nan
1706695974937,nan,nan
1706695974947,nan,nan
1706695974957,nan,nan
1706695974969,nan,nan
1706695975003,nan,nan
1706695975004,nan,nan
1706695975019,nan,nan
1706695975024,nan,nan
1706695975036,nan,nan
1706695975047,nan,nan
1706695975057,nan,nan
1706695975070,nan,nan
1706695975081,nan,nan
1706695975090,nan,nan
1706695975103,nan,nan
1706695975138,nan,nan
1706695975154,nan,nan
1706695975157,nan,nan
1706695975170,nan,nan
1706695975181,nan,nan
1706695975191,nan,nan
1706695975203,nan,nan
1706695975214,nan,nan
1706695975225,nan,nan
1706695975236,nan,nan
1706695975248,nan,nan
1706695975267,nan,nan
1706695975288,nan,nan
1706695975292,nan,nan
1706695975304,nan,nan
1706695975314,nan,nan
1706695975324,nan,nan
1706695975336,nan,nan
1706695975347,nan,nan
1706695975358,nan,nan
1706695975369,nan,nan
1706695975381,nan,nan
1706695975420,nan,nan
1706695975421,nan,nan
1706695975425,nan,nan
1706695975437,nan,nan
1706695975456,nan,nan
1706695975470,nan,nan
1706695975481,nan,nan
1706695975492,nan,nan
1706695975503,nan,nan
1706695975514,nan,nan
1706695975526,nan,nan
1706695975537,nan,nan
1706695975571,0.5153017044067383,0.7324022650718689
1706695975572,0.5153017044067383,0.7324022650718689
1706695975588,0.5182666182518005,0.7235247492790222
1706695975592,0.5182666182518005,0.7235247492790222
1706695975604,0.5182666182518005,0.7235247492790222
1706695975615,0.5165108442306519,0.7229567766189575
1706695975626,0.5165108442306519,0.7229567766189575
1706695975637,0.5165108442306519,0.7229567766189575
1706695975649,nan,nan
1706695975660,nan,nan
1706695975671,nan,nan
1706695975683,nan,nan
1706695975693,nan,nan
1706695975732,0.5299825072288513,0.6788139045238495
1706695975739,0.4972127228975296,0.6460051834583282
1706695975750,0.49800384044647217,0.6421571671962738
1706695975763,0.5003502070903778,0.6370467841625214
1706695975772,0.5003757178783417,0.6331352293491364
1706695975783,0.5029620379209518,0.6300855278968811
1706695975794,0.5005626678466797,0.6265909671783447
1706695975805,0.4994618892669678,0.6305755972862244
1706695975817,0.5014182031154633,0.6253916323184967
1706695975828,0.5009324103593826,0.6214282810688019
1706695975839,0.49978671967983246,0.6120041310787201
1706695975874,0.4961816221475601,0.6151011884212494
1706695975891,0.49924521148204803,0.6177602708339691
1706695975894,0.499760702252388,0.6166967153549194
1706695975906,0.4992358386516571,0.6115302741527557
1706695975917,0.5016235709190369,0.6056568324565887
1706695975928,0.5005498975515366,0.6054279804229736
1706695975939,0.5022745281457901,0.6057681739330292
1706695975950,0.5008981674909592,0.6073290407657623
1706695975961,0.5016769170761108,0.6050752699375153
1706695975972,0.5009665191173553,0.6096518635749817
1706695975984,0.4997265189886093,0.621877908706665
1706695976023,0.49789293110370636,0.6438370048999786
1706695976028,0.49451175332069397,0.649907112121582
1706695976041,0.4939829111099243,0.6504077315330505
1706695976050,0.4933924376964569,0.6494150459766388
1706695976061,0.49312999844551086,0.6483801305294037
1706695976072,0.4964408129453659,0.652001827955246
1706695976083,0.4968617707490921,0.6496155560016632
1706695976094,0.49781131744384766,0.6487973034381866
1706695976105,0.4992576241493225,0.6516152620315552
1706695976116,0.4987153708934784,0.6515682339668274
1706695976128,0.49755197763442993,0.6514020264148712
1706695976139,0.4958694577217102,0.6508366167545319
1706695976170,0.497558057308197,0.6526500284671783
1706695976171,0.4978635609149933,0.6521590650081635
1706695976172,0.4960072189569473,0.6431164741516113
1706695976188,0.47679439187049866,0.6307381093502045
1706695976194,0.38704584538936615,0.5750190913677216
1706695976204,0.3559437543153763,0.5554848611354828
1706695976217,0.2664697766304016,0.5151348412036896
1706695976228,0.17565321177244186,0.5073537826538086
1706695976239,0.17541488260030746,0.5027525871992111
1706695976250,0.1744060143828392,0.500873327255249
1706695976261,0.17060186713933945,0.4963795095682144
1706695976272,0.17179273813962936,0.49599015712738037
1706695976283,0.1733229011297226,0.49823760986328125
1706695976321,0.17644233256578445,0.4980807453393936
1706695976322,0.17478784173727036,0.4963564872741699
1706695976327,0.16901370137929916,0.49110715091228485
1706695976340,0.16920366138219833,0.491270050406456
1706695976349,0.16803281754255295,0.4892618656158447
1706695976360,0.16768795251846313,0.4869597405195236
1706695976371,0.167868971824646,0.4861353784799576
1706695976383,0.16764189302921295,0.48512986302375793
1706695976394,0.1684393733739853,0.48375123739242554
1706695976405,0.1675570234656334,0.48434583842754364
1706695976416,0.1679888665676117,0.482954666018486
1706695976427,0.16540519893169403,0.4825552701950073
1706695976438,0.16344713419675827,0.48125192523002625
1706695976473,0.16433033347129822,0.4827350229024887
1706695976474,0.16408875584602356,0.48350875079631805
1706695976483,0.16597850620746613,0.4816638231277466
1706695976494,0.16647842526435852,0.47811707854270935
1706695976505,0.16722693294286728,0.48034141957759857
1706695976516,0.16590295732021332,0.47738420963287354
1706695976527,0.16517307609319687,0.47443991899490356
1706695976538,0.1640371009707451,0.4718519300222397
1706695976550,0.1633380427956581,0.47238171100616455
1706695976561,0.16106494516134262,0.47223931550979614
1706695976572,0.1603340581059456,0.4728091061115265
1706695976583,0.1622963473200798,0.4757760018110275
1706695976621,0.1654633730649948,0.47555556893348694
1706695976628,0.31581784784793854,0.506893202662468
1706695976639,0.38493169844150543,0.5433219373226166
1706695976650,0.4387661963701248,0.5351135432720184
1706695976658,0.5779824256896973,0.7093036770820618
1706695976669,nan,nan
1706695976680,nan,nan
1706695976691,nan,nan
1706695976702,nan,nan
1706695976714,nan,nan
1706695976725,nan,nan
1706695976736,nan,nan
1706695976774,nan,nan
1706695976775,nan,nan
1706695976779,nan,nan
1706695976791,nan,nan
1706695976802,nan,nan
1706695976813,nan,nan
1706695976824,nan,nan
1706695976835,nan,nan
1706695976845,nan,nan
1706695976864,nan,nan
1706695976885,nan,nan
1706695976918,nan,nan
1706695976927,nan,nan
1706695976938,nan,nan
1706695976950,nan,nan
1706695976960,nan,nan
1706695976971,nan,nan
1706695976982,nan,nan
1706695976995,nan,nan
1706695977006,nan,nan
1706695977017,nan,nan
1706695977053,nan,nan
1706695977067,nan,nan
1706695977073,nan,nan
1706695977084,nan,nan
1706695977094,nan,nan
1706695977105,nan,nan
1706695977116,nan,nan
1706695977128,nan,nan
1706695977138,nan,nan
1706695977150,nan,nan
1706695977161,nan,nan
1706695977172,nan,nan
1706695977208,nan,nan
1706695977209,nan,nan
1706695977217,nan,nan
1706695977228,nan,nan
1706695977240,nan,nan
1706695977251,1.0135021209716797,0.8051497936248779
1706695977261,1.0135021209716797,0.8051497936248779
1706695977272,1.0135021209716797,0.8051497936248779
1706695977283,nan,nan
1706695977294,nan,nan
1706695977305,nan,nan
1706695977317,0.5207406282424927,0.5203514099121094
1706695977355,0.5207406282424927,0.5203514099121094
1706695977356,0.5207406282424927,0.5203514099121094
1706695977362,0.5231016874313354,0.4504183530807495
1706695977374,0.5182071626186371,0.455675408244133
1706695977385,0.5327159464359283,0.46300065517425537
1706695977396,0.5355497300624847,0.45883843302726746
1706695977406,0.5409341156482697,0.4569200128316879
1706695977418,0.5285735726356506,0.442348837852478
1706695977429,0.5085443258285522,0.4128967821598053
1706695977440,0.5085443258285522,0.4128967821598053
1706695977450,0.5207588076591492,0.43032604455947876
1706695977462,0.5342845618724823,0.4342090040445328
1706695977504,0.5281208157539368,0.4345522075891495
1706695977505,0.5412144362926483,0.4267173856496811
1706695977507,0.5280454754829407,0.434011846780777
1706695977522,0.5280546545982361,0.4350908100605011
1706695977529,0.5281049311161041,0.43734829127788544
1706695977540,0.5268214046955109,0.4391797333955765
1706695977552,0.5253659188747406,0.4448164403438568
1706695977562,0.526626318693161,0.44790588319301605
1706695977574,0.5261991620063782,0.44595983624458313
1706695977585,0.5238783955574036,0.44554491341114044
1706695977596,0.521543562412262,0.44346487522125244
1706695977607,0.5222382545471191,0.44677960872650146
1706695977618,0.5236740410327911,0.44944337010383606
1706695977637,0.5232966840267181,0.4560638666152954
1706695977658,0.522746354341507,0.45537111163139343
1706695977663,0.5216480493545532,0.46119649708271027
1706695977678,0.5230708420276642,0.46402765810489655
1706695977685,0.5218481421470642,0.4678514450788498
1706695977696,0.522960752248764,0.47852379083633423
1706695977707,0.5315580070018768,0.5059535503387451
1706695977718,0.5376685857772827,0.5310947895050049
1706695977729,0.5455021262168884,0.556442528963089
1706695977741,0.5451695621013641,0.5563830137252808
1706695977752,0.5444336831569672,0.558605283498764
1706695977762,0.5439967215061188,0.5640387535095215
1706695977774,0.5451737940311432,0.5667813718318939
1706695977808,0.541913628578186,0.5739232897758484
1706695977809,0.5415252149105072,0.5761055946350098
1706695977825,0.5420545339584351,0.5725273489952087
1706695977829,0.544332355260849,0.5750573873519897
1706695977841,0.5455605983734131,0.5773158669471741
1706695977851,0.5453687012195587,0.5779243111610413
1706695977862,0.544078528881073,0.5791842639446259
1706695977874,0.5441250503063202,0.5793140232563019
1706695977885,0.5429809987545013,0.5846401154994965
1706695977895,0.543134480714798,0.5864090919494629
1706695977907,0.5425573587417603,0.5873479545116425
1706695977918,0.5409300029277802,0.5869261920452118
1706695977938,0.5402852892875671,0.5899828672409058
1706695977959,0.5419252216815948,0.5911101996898651
1706695977960,0.5423845946788788,0.5917336046695709
1706695977962,0.5432550311088562,0.592275083065033
1706695977979,0.5445465743541718,0.594049870967865
1706695977985,0.5424219965934753,0.5943756699562073
1706695977997,0.5413484573364258,0.59744593501091
1706695978007,0.5399719476699829,0.5967159271240234
1706695978018,0.5402141809463501,0.5993057787418365
1706695978029,0.5407603979110718,0.6022998988628387
1706695978041,0.5685517191886902,0.610918790102005
1706695978052,0.6025254130363464,0.6202361881732941
1706695978062,0.6853751242160797,0.6397850811481476
1706695978073,0.7927058935165405,0.6705678701400757
1706695978107,0.8176011443138123,0.6694004535675049
1706695978124,0.8230547308921814,0.6746156513690948
1706695978128,0.8233433365821838,0.6768034994602203
1706695978140,0.8226639628410339,0.6778676807880402
1706695978151,0.8211816251277924,0.679914802312851
1706695978162,0.8204903602600098,0.6806101202964783
1706695978173,0.8209868967533112,0.6831654012203217
1706695978184,0.8203634023666382,0.6837258636951447
1706695978195,0.8203916847705841,0.6834301054477692
1706695978206,0.8188917636871338,0.6794599294662476
1706695978218,0.817795068025589,0.6797566711902618
1706695978236,0.8148898482322693,0.6810033321380615
1706695978256,0.8149700462818146,0.6861954629421234
1706695978262,0.8133067488670349,0.6886000633239746
1706695978275,0.8138331770896912,0.6893053948879242
1706695978284,0.813624769449234,0.6895065307617188
1706695978295,0.8152033984661102,0.6907219886779785
1706695978306,0.8147692978382111,0.6895254552364349
1706695978318,0.8107331395149231,0.6906992793083191
1706695978328,0.7810033857822418,0.6780359148979187
1706695978340,0.7319819629192352,0.6608504354953766
1706695978351,0.6494040489196777,0.6312680244445801
1706695978362,0.5599471032619476,0.6026216447353363
1706695978374,0.5385900139808655,0.595874160528183
1706695978417,0.5366562902927399,0.5964339971542358
1706695978418,0.5384671688079834,0.5971242785453796
1706695978436,0.5356709361076355,0.5981491804122925
1706695978440,0.5348575115203857,0.598001092672348
1706695978451,0.5339367985725403,0.5958698689937592
1706695978462,0.5326817631721497,0.5992553532123566
1706695978473,0.5336945354938507,0.6038009822368622
1706695978485,0.5352534651756287,0.6050751209259033
1706695978496,0.5356806516647339,0.6062464118003845
1706695978507,0.5355660319328308,0.6043368577957153
1706695978518,0.5339109897613525,0.6084007620811462
1706695978539,0.5344973206520081,0.6079951822757721
1706695978559,0.5338391065597534,0.6119220554828644
1706695978562,0.5325017869472504,0.6103322505950928
1706695978577,0.5318324565887451,0.6092170476913452
1706695978584,0.5243749618530273,0.6200433075428009
1706695978595,0.5171061158180237,0.6317600607872009
1706695978606,0.5129217505455017,0.6380642056465149
1706695978617,0.5139256417751312,0.6378508806228638
1706695978629,0.5124292373657227,0.6397916078567505
1706695978640,0.512968510389328,0.64237841963768
1706695978651,0.5121698975563049,0.6434165239334106
1706695978662,0.5120065212249756,0.6419823169708252
1706695978673,0.511643260717392,0.6396391093730927
1706695978684,0.5075523108243942,0.6457066833972931
1706695978723,0.5080357640981674,0.6456076502799988
1706695978724,0.5081921815872192,0.6461157500743866
1706695978728,0.5123988389968872,0.6449978947639465
1706695978742,0.5254173874855042,0.6506732404232025
1706695978749,0.5329612493515015,0.6504919528961182
1706695978760,0.6089867651462555,0.7199224829673767
1706695978771,0.8054528832435608,0.9092400670051575
1706695978782,0.8054528832435608,0.9092400670051575
1706695978792,nan,nan
1706695978804,nan,nan
1706695978815,nan,nan
1706695978826,nan,nan
1706695978836,nan,nan
1706695978855,nan,nan
1706695978877,nan,nan
1706695978878,nan,nan
1706695978895,nan,nan
1706695978908,nan,nan
1706695978918,nan,nan
1706695978929,nan,nan
1706695978939,nan,nan
1706695978951,nan,nan
1706695978962,nan,nan
1706695978973,nan,nan
1706695978984,nan,nan
1706695979030,nan,nan
1706695979039,nan,nan
1706695979051,nan,nan
1706695979062,nan,nan
1706695979073,nan,nan
1706695979084,nan,nan
1706695979094,nan,nan
1706695979106,nan,nan
1706695979117,nan,nan
1706695979128,nan,nan
1706695979140,nan,nan
1706695979175,nan,nan
1706695979176,nan,nan
1706695979185,nan,nan
1706695979194,nan,nan
1706695979207,nan,nan
1706695979218,nan,nan
1706695979228,nan,nan
1706695979240,nan,nan
1706695979252,nan,nan
1706695979261,nan,nan
1706695979274,nan,nan
1706695979285,nan,nan
1706695979322,nan,nan
1706695979326,nan,nan
1706695979339,nan,nan
1706695979353,nan,nan
1706695979360,nan,nan
1706695979372,nan,nan
1706695979384,nan,nan
1706695979394,nan,nan
1706695979406,nan,nan
1706695979418,nan,nan
1706695979427,nan,nan
1706695979439,nan,nan
1706695979474,nan,nan
1706695979475,nan,nan
1706695979490,nan,nan
1706695979494,nan,nan
1706695979507,nan,nan
1706695979518,nan,nan
1706695979527,nan,nan
1706695979539,nan,nan
1706695979551,nan,nan
1706695979561,nan,nan
1706695979573,nan,nan
1706695979584,nan,nan
1706695979625,nan,nan
1706695979626,nan,nan
1706695979627,nan,nan
1706695979641,nan,nan
1706695979651,nan,nan
1706695979661,nan,nan
1706695979673,nan,nan
1706695979685,nan,nan
1706695979693,nan,nan
1706695979706,nan,nan
1706695979717,nan,nan
1706695979726,nan,nan
1706695979739,nan,nan
1706695979775,nan,nan
1706695979790,nan,nan
1706695979793,nan,nan
1706695979806,nan,nan
1706695979817,nan,nan
1706695979827,nan,nan
1706695979839,nan,nan
1706695979850,nan,nan
1706695979860,nan,nan
1706695979873,nan,nan
1706695979884,nan,nan
1706695979923,nan,nan
1706695979924,nan,nan
1706695979927,nan,nan
1706695979940,nan,nan
1706695979951,nan,nan
1706695979960,nan,nan
1706695979973,nan,nan
1706695979984,nan,nan
1706695979994,nan,nan
1706695980006,nan,nan
1706695980017,nan,nan
1706695980027,nan,nan
1706695980039,nan,nan
1706695980074,nan,nan
1706695980089,nan,nan
1706695980093,nan,nan
1706695980105,nan,nan
1706695980117,nan,nan
1706695980126,nan,nan
1706695980139,nan,nan
1706695980150,nan,nan
1706695980160,nan,nan
1706695980172,nan,nan
1706695980183,nan,nan
1706695980224,nan,nan
1706695980225,nan,nan
1706695980226,nan,nan
1706695980242,nan,nan
1706695980250,nan,nan
1706695980261,nan,nan
1706695980272,nan,nan
1706695980283,nan,nan
1706695980293,nan,nan
1706695980305,nan,nan
1706695980316,nan,nan
1706695980327,nan,nan
1706695980339,nan,nan
1706695980374,nan,nan
1706695980375,nan,nan
1706695980390,nan,nan
1706695980393,nan,nan
1706695980407,nan,nan
1706695980417,nan,nan
1706695980426,nan,nan
1706695980438,nan,nan
1706695980449,nan,nan
1706695980459,nan,nan
1706695980471,nan,nan
1706695980482,nan,nan
1706695980522,nan,nan
1706695980526,nan,nan
1706695980539,nan,nan
1706695980551,nan,nan
1706695980559,nan,nan
1706695980571,nan,nan
1706695980583,nan,nan
1706695980592,nan,nan
1706695980604,nan,nan
1706695980616,nan,nan
1706695980626,nan,nan
1706695980638,nan,nan
1706695980676,nan,nan
1706695980683,nan,nan
1706695980693,nan,nan
1706695980705,nan,nan
1706695980716,nan,nan
1706695980726,nan,nan
1706695980738,nan,nan
1706695980750,nan,nan
1706695980760,nan,nan
1706695980771,nan,nan
1706695980783,nan,nan
1706695980823,nan,nan
1706695980824,nan,nan
1706695980826,nan,nan
1706695980839,nan,nan
1706695980849,nan,nan
1706695980859,nan,nan
1706695980871,nan,nan
1706695980882,nan,nan
1706695980892,nan,nan
1706695980904,nan,nan
1706695980916,nan,nan
1706695980926,nan,nan
1706695980957,nan,nan
1706695980958,nan,nan
1706695980959,nan,nan
1706695980976,nan,nan
1706695980982,nan,nan
1706695980994,nan,nan
1706695981004,nan,nan
1706695981016,nan,nan
1706695981026,nan,nan
1706695981038,nan,nan
1706695981049,nan,nan
1706695981059,nan,nan
1706695981071,nan,nan
1706695981112,nan,nan
1706695981113,nan,nan
1706695981116,nan,nan
1706695981131,nan,nan
1706695981138,nan,nan
1706695981149,nan,nan
1706695981159,nan,nan
1706695981171,nan,nan
1706695981183,nan,nan
1706695981192,nan,nan
1706695981204,nan,nan
1706695981215,nan,nan
1706695981225,nan,nan
1706695981261,nan,nan
1706695981281,nan,nan
1706695981282,nan,nan
1706695981292,nan,nan
1706695981305,nan,nan
1706695981315,nan,nan
1706695981326,nan,nan
1706695981337,nan,nan
1706695981349,nan,nan
1706695981359,nan,nan
1706695981371,nan,nan
1706695981382,nan,nan
1706695981393,nan,nan
1706695981429,nan,nan
1706695981430,nan,nan
1706695981445,nan,nan
1706695981449,nan,nan
1706695981460,nan,nan
1706695981472,nan,nan
1706695981483,nan,nan
1706695981493,nan,nan
1706695981505,nan,nan
1706695981516,nan,nan
1706695981526,nan,nan
1706695981538,nan,nan
1706695981577,nan,nan
1706695981578,nan,nan
1706695981582,nan,nan
1706695981594,nan,nan
1706695981605,nan,nan
1706695981616,nan,nan
1706695981626,nan,nan
1706695981638,nan,nan
1706695981649,nan,nan
1706695981659,nan,nan
1706695981672,nan,nan
1706695981710,nan,nan
1706695981715,nan,nan
1706695981726,nan,nan
1706695981738,nan,nan
1706695981748,nan,nan
1706695981760,nan,nan
1706695981772,nan,nan
1706695981784,0.5046159029006958,0.803419291973114
1706695981794,0.5046159029006958,0.803419291973114
1706695981806,0.5046159029006958,0.803419291973114
1706695981817,0.497959241271019,0.8139742016792297
1706695981860,0.497959241271019,0.8139742016792297
1706695981862,0.5479673147201538,0.8235855996608734
1706695981876,0.5481477379798889,0.8213039338588715
1706695981885,0.5539200901985168,0.8151198625564575
1706695981895,0.5336062908172607,0.7996383905410767
1706695981906,0.5252176821231842,0.7950084209442139
1706695981918,0.4614219665527344,0.762898713350296
1706695981929,0.4385766088962555,0.7464706301689148
1706695981939,0.4467593878507614,0.7330650985240936
1706695981950,0.45275507867336273,0.7272258102893829
1706695981961,0.451168417930603,0.718087762594223
1706695981972,0.4454297870397568,0.7166022658348083
1706695982008,0.4459328204393387,0.7171272933483124
1706695982023,0.44900716841220856,0.7133718430995941
1706695982028,0.44769133627414703,0.7079248428344727
1706695982040,0.4515295624732971,0.7083481848239899
1706695982051,0.44972240924835205,0.709486335515976
1706695982062,0.4466788321733475,0.7044171392917633
1706695982073,0.44448380172252655,0.7024136781692505
1706695982084,0.44544389843940735,0.7022775709629059
1706695982095,0.44734421372413635,0.7043548226356506
1706695982106,0.44855016469955444,0.7046809196472168
1706695982145,0.45602329075336456,0.695566862821579
1706695982146,0.4697112739086151,0.6818493008613586
1706695982151,0.4733564704656601,0.6770537495613098
1706695982162,0.47220273315906525,0.6730613708496094
1706695982173,0.4727838933467865,0.6693240702152252
1706695982184,0.4752711206674576,0.6645331084728241
1706695982195,0.47598303854465485,0.665734738111496
1706695982206,0.4767794758081436,0.6688664257526398
1706695982217,0.47519297897815704,0.669844776391983
1706695982228,0.47372740507125854,0.6689334213733673
1706695982240,0.47506052255630493,0.6723816692829132
1706695982251,0.4730444401502609,0.6748414933681488
1706695982293,0.47334957122802734,0.6728591322898865
1706695982294,0.4724934250116348,0.6654075682163239
1706695982295,0.47097964584827423,0.6648088693618774
1706695982310,0.4486226439476013,0.6208588480949402
1706695982317,0.40493445098400116,0.5538493096828461
1706695982328,0.31734471023082733,0.4282015860080719
1706695982339,0.2867913544178009,0.39406348764896393
1706695982350,0.2693975567817688,0.37572017312049866
1706695982361,0.26314347982406616,0.36763471364974976
1706695982372,0.26371701061725616,0.3712150901556015
1706695982384,0.2627044767141342,0.37191955745220184
1706695982395,0.2617103159427643,0.3743366599082947
1706695982406,0.2606814056634903,0.3687615394592285
1706695982442,0.26201821118593216,0.36923475563526154
1706695982443,0.26290491223335266,0.37019456923007965
1706695982451,0.2620949149131775,0.3737928420305252
1706695982461,0.26202891767024994,0.3718211501836777
1706695982473,0.2614598721265793,0.36663851141929626
1706695982484,0.25988975167274475,0.3620779514312744
1706695982495,0.2574673071503639,0.3560768663883209
1706695982506,0.25852128118276596,0.35706372559070587
1706695982517,0.2599991261959076,0.3597073405981064
1706695982528,0.27322162687778473,0.35734833776950836
1706695982539,0.27853794395923615,0.3549136072397232
1706695982551,0.28700634837150574,0.35299052298069
1706695982561,0.28690649569034576,0.35470594465732574
1706695982593,0.2856968492269516,0.355647549033165
1706695982594,0.2840629369020462,0.35289424657821655
1706695982595,0.28239548206329346,0.35224170982837677
1706695982611,0.2822559177875519,0.35246892273426056
1706695982617,0.2837241590023041,0.3552345186471939
1706695982629,0.28496089577674866,0.35314348340034485
1706695982640,0.28429318964481354,0.3503110408782959
1706695982651,0.28284844756126404,0.34948939085006714
1706695982662,0.2801186442375183,0.3478899598121643
1706695982673,0.2806443125009537,0.3494877964258194
1706695982684,0.28043460845947266,0.34673023223876953
1706695982694,0.27984462678432465,0.34758996963500977
1706695982705,0.27798840403556824,0.3443355858325958
1706695982744,0.27808357775211334,0.34358206391334534
1706695982750,0.33427461981773376,0.35739441215991974
1706695982763,0.47880537807941437,0.38893847167491913
1706695982772,0.5649556815624237,0.4434996694326401
1706695982782,0.6253496706485748,0.46925508975982666
1706695982792,0.9746406674385071,1.0159424543380737
1706695982804,nan,nan
1706695982814,nan,nan
1706695982826,nan,nan
1706695982837,nan,nan
1706695982848,nan,nan
1706695982859,nan,nan
1706695982892,nan,nan
1706695982910,nan,nan
1706695982914,nan,nan
1706695982925,nan,nan
1706695982936,nan,nan
1706695982947,nan,nan
1706695982958,nan,nan
1706695982970,nan,nan
1706695982981,nan,nan
1706695982992,nan,nan
1706695983025,nan,nan
1706695983026,nan,nan
1706695983041,nan,nan
1706695983047,nan,nan
1706695983060,nan,nan
1706695983069,nan,nan
1706695983080,nan,nan
1706695983091,nan,nan
1706695983102,nan,nan
1706695983113,nan,nan
1706695983125,nan,nan
1706695983136,nan,nan
1706695983155,nan,nan
1706695983177,nan,nan
1706695983180,nan,nan
1706695983192,nan,nan
1706695983203,nan,nan
1706695983213,nan,nan
1706695983225,nan,nan
1706695983236,nan,nan
1706695983247,nan,nan
1706695983258,nan,nan
1706695983269,nan,nan
1706695983309,nan,nan
1706695983310,nan,nan
1706695983313,nan,nan
1706695983326,nan,nan
1706695983336,nan,nan
1706695983347,nan,nan
1706695983359,nan,nan
1706695983370,nan,nan
1706695983381,nan,nan
1706695983392,nan,nan
1706695983403,nan,nan
1706695983414,nan,nan
1706695983425,nan,nan
1706695983460,nan,nan
1706695983469,nan,nan
1706695983480,nan,nan
1706695983492,nan,nan
1706695983502,nan,nan
1706695983513,nan,nan
1706695983524,nan,nan
1706695983536,nan,nan
1706695983546,nan,nan
1706695983558,nan,nan
1706695983591,nan,nan
1706695983592,nan,nan
1706695983606,nan,nan
1706695983613,nan,nan
1706695983626,nan,nan
1706695983636,nan,nan
1706695983648,0.3563254475593567,0.39110901951789856
1706695983658,0.3563254475593567,0.39110901951789856
1706695983670,0.3563254475593567,0.39110901951789856
1706695983682,0.2831611931324005,0.2624413073062897
1706695983693,0.2500554621219635,0.2504531741142273
1706695983704,0.2500554621219635,0.2504531741142273
1706695983742,0.2227868139743805,0.2405787706375122
1706695983743,nan,nan
1706695983748,nan,nan
1706695983759,0.2182217538356781,0.2375384122133255
1706695983771,0.2182217538356781,0.2375384122133255
1706695983782,0.2440192848443985,0.25456902384757996
1706695983793,0.24268268048763275,0.2527303993701935
1706695983804,0.24268268048763275,0.2527303993701935
1706695983814,0.24350057542324066,0.2521009147167206
1706695983825,0.24565017223358154,0.2549039423465729
1706695983837,0.23154425621032715,0.25479575991630554
1706695983848,0.2299918830394745,0.2566048502922058
1706695983859,0.2306113839149475,0.264985591173172
1706695983893,0.2346658557653427,0.268788605928421
1706695983908,0.2387041598558426,0.27677804231643677
1706695983915,0.2379271537065506,0.2774691581726074
1706695983927,0.2402557134628296,0.2842654287815094
1706695983937,0.23808591067790985,0.2908320128917694
1706695983948,0.24091388285160065,0.2935698628425598
1706695983959,0.24239130318164825,0.2963797152042389
1706695983970,0.2547292113304138,0.3068380355834961
1706695983982,0.30173254013061523,0.35241830348968506
1706695983993,0.4011211693286896,0.42649832367897034
1706695984025,0.45046108961105347,0.4624411463737488
1706695984026,0.47619813680648804,0.4876682162284851
1706695984043,0.48115986585617065,0.49801895022392273
1706695984048,0.4827701449394226,0.4938187301158905
1706695984059,0.48322010040283203,0.4973219633102417
1706695984071,0.48203185200691223,0.491443008184433
1706695984082,0.48142316937446594,0.48863911628723145
1706695984093,0.48234444856643677,0.49186939001083374
1706695984104,0.4852326810359955,0.49373772740364075
1706695984115,0.4869263172149658,0.5007806420326233
1706695984126,0.48588234186172485,0.500026285648346
1706695984138,0.48295602202415466,0.5018239617347717
1706695984158,0.48097431659698486,0.5054603219032288
1706695984179,0.48121148347854614,0.5089104771614075
1706695984180,0.4833946228027344,0.5187826156616211
1706695984182,0.47221535444259644,0.533405065536499
1706695984197,0.46380868554115295,0.5569174289703369
1706695984204,0.45629623532295227,0.5629789233207703
1706695984215,0.45693379640579224,0.5685396790504456
1706695984225,0.45463475584983826,0.5730565190315247
1706695984237,0.4571821987628937,0.5766809582710266
1706695984248,0.457522451877594,0.5709875226020813
1706695984259,0.45863965153694153,0.5689867734909058
1706695984270,0.4590374827384949,0.5685656070709229
1706695984281,0.45829057693481445,0.570747971534729
1706695984292,0.45837077498435974,0.5702523589134216
1706695984331,0.45777854323387146,0.5740291476249695
1706695984337,0.45658189058303833,0.5776203274726868
1706695984349,0.4591520130634308,0.5731205344200134
1706695984359,0.4592770040035248,0.5759056210517883
1706695984370,0.4601425528526306,0.5787088871002197
1706695984381,0.4581926763057709,0.5845353007316589
1706695984392,0.45875418186187744,0.5807162523269653
1706695984404,0.458935409784317,0.5836151838302612
1706695984415,0.4572393000125885,0.5803874731063843
1706695984426,0.4583044946193695,0.5837315917015076
1706695984437,0.4562745690345764,0.5803685784339905
1706695984454,0.4574204981327057,0.5812164545059204
1706695984480,0.4575897753238678,0.5854190587997437
1706695984481,0.46020764112472534,0.5858408212661743
1706695984498,0.457851767539978,0.5882269144058228
1706695984505,0.4551396369934082,0.5934090614318848
1706695984515,0.45452937483787537,0.5842083096504211
1706695984526,0.45518219470977783,0.5870628952980042
1706695984537,0.456519216299057,0.586682140827179
1706695984548,0.4579083323478699,0.5897208452224731
1706695984559,0.45924264192581177,0.5921610593795776
1706695984570,0.46921834349632263,0.5858216881752014
1706695984581,0.4793091118335724,0.5869218707084656
1706695984592,0.4937790334224701,0.5873225331306458
1706695984630,0.49310481548309326,0.5925015211105347
1706695984631,0.49269288778305054,0.593412458896637
1706695984637,0.49215298891067505,0.595671534538269
1706695984649,0.49192002415657043,0.6023196578025818
1706695984659,0.4924736022949219,0.6036639213562012
1706695984671,0.49459874629974365,0.6036392450332642
1706695984682,0.492761492729187,0.6001255512237549
1706695984692,0.49280983209609985,0.6020723581314087
1706695984704,0.49053147435188293,0.6023938059806824
1706695984715,0.4923032224178314,0.6060799360275269
1706695984726,0.49132904410362244,0.6080836057662964
1706695984737,0.4956146478652954,0.6102731227874756
1706695984754,0.49294430017471313,0.6137574315071106
1706695984780,0.495193213224411,0.61368727684021
1706695984781,0.4955022931098938,0.6135460734367371
1706695984798,0.49789535999298096,0.6172076463699341
1706695984802,nan,nan
1706695984814,nan,nan
1706695984824,nan,nan
1706695984835,nan,nan
1706695984845,nan,nan
1706695984856,nan,nan
1706695984867,nan,nan
1706695984879,nan,nan
1706695984889,nan,nan
1706695984932,nan,nan
1706695984939,nan,nan
1706695984950,nan,nan
1706695984961,nan,nan
1706695984972,nan,nan
1706695984983,nan,nan
1706695984993,nan,nan
1706695985005,nan,nan
1706695985016,nan,nan
1706695985027,nan,nan
1706695985038,nan,nan
1706695985078,nan,nan
1706695985079,nan,nan
1706695985083,nan,nan
1706695985094,nan,nan
1706695985105,nan,nan
1706695985116,nan,nan
1706695985126,nan,nan
1706695985138,nan,nan
1706695985149,nan,nan
1706695985159,nan,nan
1706695985171,nan,nan
1706695985212,nan,nan
1706695985213,nan,nan
1706695985216,nan,nan
1706695985228,nan,nan
1706695985238,nan,nan
1706695985249,nan,nan
1706695985260,nan,nan
1706695985271,nan,nan
1706695985282,nan,nan
1706695985293,nan,nan
1706695985305,nan,nan
1706695985316,nan,nan
1706695985326,nan,nan
1706695985364,nan,nan
1706695985365,nan,nan
1706695985372,nan,nan
1706695985383,nan,nan
1706695985393,nan,nan
1706695985405,nan,nan
1706695985416,nan,nan
1706695985426,nan,nan
1706695985439,nan,nan
1706695985450,nan,nan
1706695985459,nan,nan
1706695985472,nan,nan
1706695985510,nan,nan
1706695985511,nan,nan
1706695985516,nan,nan
1706695985526,nan,nan
1706695985537,nan,nan
1706695985549,nan,nan
1706695985559,nan,nan
1706695985570,nan,nan
1706695985582,nan,nan
1706695985592,nan,nan
1706695985604,nan,nan
1706695985616,nan,nan
1706695985625,nan,nan
1706695985663,nan,nan
1706695985664,nan,nan
1706695985672,nan,nan
1706695985682,nan,nan
1706695985692,nan,nan
1706695985704,nan,nan
1706695985716,nan,nan
