timestamp,x,y
1702657072137,802.4693298339844,589.9355006217957
1702657072148,797.0058059692383,592.3132038116455
1702657072159,803.4451293945312,605.6426882743835
1702657072170,804.4169235229492,603.0462884902954
1702657072190,810.5644607543945,602.7486705780029
1702657072209,804.0251922607422,597.1974205970764
1702657072210,823.2202529907227,618.4702134132385
1702657072214,874.1735458374023,654.7827744483948
1702657072227,919.611701965332,687.4960041046143
1702657072236,1020.9538650512695,771.8861103057861
1702657072247,1015.5709075927734,774.0883541107178
1702657072258,1017.2930145263672,776.0398864746094
1702657072269,1028.260154724121,777.2557640075684
1702657072281,1028.2573318481445,783.2494497299194
1702657072292,1028.2426071166992,778.7434673309326
1702657072303,1021.6982269287109,783.8266181945801
1702657072345,1022.923583984375,777.9321527481079
1702657072347,1039.150390625,797.1236371994019
1702657072364,1040.678825378418,794.3151712417603
1702657072370,1039.1719055175781,796.3954925537109
1702657072381,1036.0306930541992,792.4660778045654
1702657072393,1036.9371795654297,794.2980480194092
1702657072403,1033.1573104858398,791.2888240814209
1702657072415,1028.1013870239258,790.3995752334595
1702657072426,1029.5166778564453,799.3693971633911
1702657072437,1036.9236755371094,801.6506052017212
1702657072448,1051.6926574707031,810.514726638794
1702657072460,1108.2983016967773,851.1486911773682
1702657072469,1430.0809478759766,1077.7977132797241
1702657072517,1582.7631378173828,1184.7220659255981
1702657072518,1717.9632568359375,1269.7542715072632
1702657072519,1955.9262084960938,1428.1872081756592
1702657072525,nan,nan
1702657072538,nan,nan
1702657072549,nan,nan
1702657072559,nan,nan
1702657072570,nan,nan
1702657072581,nan,nan
1702657072592,nan,nan
1702657072603,nan,nan
1702657072615,nan,nan
1702657072626,nan,nan
1702657072637,nan,nan
1702657072657,nan,nan
1702657072677,nan,nan
1702657072678,nan,nan
1702657072680,nan,nan
1702657072694,nan,nan
1702657072702,nan,nan
1702657072714,nan,nan
1702657072725,nan,nan
1702657072736,nan,nan
1702657072747,nan,nan
1702657072759,nan,nan
1702657072770,nan,nan
1702657072781,nan,nan
1702657072792,nan,nan
1702657072826,nan,nan
1702657072827,nan,nan
1702657072837,nan,nan
1702657072848,nan,nan
1702657072859,nan,nan
1702657072869,nan,nan
1702657072880,nan,nan
1702657072891,nan,nan
1702657072902,1849.5471954345703,1398.718056678772
1702657072913,1795.8880615234375,1359.5270347595215
1702657072925,1628.0728149414062,1240.9243869781494
1702657072936,1209.66796875,981.9078397750854
1702657072955,1192.0318984985352,974.9937057495117
1702657072979,1165.8805465698242,962.5676965713501
1702657072980,1173.0191040039062,949.0775156021118
1702657072996,1159.468879699707,950.0219964981079
1702657073003,1160.5023193359375,955.1282787322998
1702657073015,1160.8357620239258,957.7608346939087
1702657073025,1158.650245666504,952.1414995193481
1702657073036,1161.5233993530273,952.2445392608643
1702657073047,1162.7959442138672,950.0932788848877
1702657073058,1167.5322723388672,945.4947710037231
1702657073069,1158.4585571289062,945.1005935668945
1702657073081,1157.8799438476562,948.5061407089233
1702657073092,1155.9835052490234,949.8529958724976
1702657073143,1160.7379913330078,948.9740896224976
1702657073144,1167.4551010131836,946.5488576889038
1702657073148,1188.361930847168,828.4636831283569
1702657073161,1183.8618469238281,836.0578536987305
1702657073169,1184.8338317871094,823.439154624939
1702657073181,1183.4565353393555,820.4361534118652
1702657073192,1184.1786575317383,816.2098503112793
1702657073203,1182.9139709472656,822.1120405197144
1702657073214,1187.9715728759766,828.1781673431396
1702657073225,1190.5522918701172,835.968976020813
1702657073236,1194.9399948120117,829.6693897247314
1702657073248,1189.5561218261719,817.8199911117554
1702657073258,1186.9366836547852,818.8893556594849
1702657073297,1183.584861755371,828.7898397445679
1702657073302,1188.2971954345703,845.1803684234619
1702657073314,1171.513671875,827.726354598999
1702657073325,1127.605323791504,796.3938617706299
1702657073336,928.2266998291016,603.7425899505615
1702657073346,868.5660934448242,551.3307023048401
1702657073358,741.3134765625,397.2917175292969
1702657073369,499.3764877319336,218.75327467918396
1702657073380,486.22486114501953,201.43696546554565
1702657073392,474.64609146118164,194.8176544904709
1702657073403,455.8974838256836,172.72084414958954
1702657073445,455.83683013916016,171.74668729305267
1702657073446,459.7069549560547,180.74497282505035
1702657073447,473.428897857666,191.71992301940918
1702657073461,465.83351135253906,181.6993671655655
1702657073469,458.86295318603516,172.6491540670395
1702657073481,463.87157440185547,175.94901144504547
1702657073491,469.49501037597656,180.47048091888428
1702657073502,468.613224029541,168.00356805324554
1702657073514,453.4795570373535,160.68364799022675
1702657073525,424.1627502441406,162.84591615200043
1702657073536,351.618709564209,163.27442049980164
1702657073547,330.87281227111816,163.58005285263062
1702657073558,331.3982105255127,160.90164721012115
1702657073597,339.5625972747803,163.31014215946198
1702657073598,336.0933208465576,166.78662300109863
1702657073602,331.18435859680176,158.11874270439148
1702657073616,331.05552673339844,157.64043509960175
1702657073624,328.0371856689453,155.23500323295593
1702657073635,330.87611198425293,157.42422223091125
1702657073647,379.69160079956055,152.4167686700821
1702657073658,484.34715270996094,146.5897285938263
1702657073669,802.1674728393555,135.23982167243958
1702657073680,880.308837890625,135.0422179698944
1702657073691,904.0595245361328,125.01164674758911
1702657073702,905.5394744873047,124.08793687820435
1702657073713,914.7497177124023,118.70853066444397
1702657073748,913.4539413452148,119.65495884418488
1702657073749,921.2300109863281,121.23422741889954
1702657073765,920.7696914672852,130.2617758512497
1702657073769,917.7835845947266,134.73497092723846
1702657073781,919.5408248901367,140.4280024766922
1702657073791,920.7998275756836,140.95340430736542
1702657073802,922.5502014160156,139.18883800506592
1702657073814,925.718879699707,143.45919907093048
1702657073825,921.8513488769531,148.01649749279022
1702657073835,923.4805679321289,149.92800056934357
1702657073846,981.1628723144531,146.12277209758759
1702657073857,1094.0807723999023,128.78060638904572
1702657073895,1441.7123413085938,101.21207892894745
1702657073902,1548.7542724609375,102.08197295665741
1702657073913,1557.2010803222656,99.83604401350021
1702657073924,1565.8206939697266,102.2342848777771
1702657073935,1559.6371459960938,107.81606376171112
1702657073947,1555.1049041748047,107.8998452425003
1702657073957,1547.7344512939453,111.57271206378937
1702657073968,1552.493667602539,111.59582734107971
1702657073980,1557.9661560058594,112.3835813999176
1702657073991,1561.8922424316406,112.80644237995148
1702657074002,1552.2563171386719,111.52355790138245
1702657074013,1560.6709289550781,114.39859628677368
1702657074047,1605.0900268554688,113.01078915596008
1702657074064,1741.3249206542969,121.15778982639313
1702657074068,1738.0046081542969,127.11937487125397
1702657074081,1745.8222198486328,119.06650364398956
1702657074091,1752.2151947021484,124.93909299373627
1702657074102,1753.609390258789,119.5212721824646
1702657074113,1711.5453338623047,121.60703301429749
1702657074124,1600.1847076416016,139.6983826160431
1702657074135,1166.9147872924805,162.51833260059357
1702657074146,1063.3063888549805,163.7111109495163
1702657074158,837.3256301879883,173.43688130378723
1702657074168,411.6270637512207,208.48841786384583
1702657074221,383.8899612426758,186.2312650680542
1702657074222,342.5208282470703,181.36017501354218
1702657074224,354.5063018798828,210.98417043685913
1702657074239,350.06860733032227,199.40181255340576
1702657074246,348.42578887939453,201.0080051422119
1702657074257,340.8971977233887,219.81178164482117
1702657074268,347.0094108581543,214.47575211524963
1702657074279,346.84057235717773,216.87721967697144
1702657074290,349.55211639404297,209.64320540428162
1702657074301,354.17585372924805,213.8546919822693
1702657074312,352.73204803466797,210.1011872291565
1702657074324,348.6100769042969,216.47822499275208
1702657074335,344.02002334594727,218.4444236755371
1702657074346,385.3982353210449,239.17115092277527
1702657074380,486.649227142334,298.2067859172821
1702657074397,1065.4652404785156,650.8770704269409
1702657074402,1141.7181777954102,714.8762726783752
1702657074415,1146.914176940918,719.8043704032898
1702657074424,1151.7759704589844,725.752329826355
1702657074435,1158.7657165527344,730.0883674621582
1702657074446,1156.8660736083984,724.8379755020142
1702657074457,1154.6380996704102,734.375331401825
1702657074468,1152.6887512207031,741.1848163604736
1702657074480,1159.5546340942383,752.3094177246094
1702657074491,1168.6924362182617,740.052924156189
1702657074528,1176.0126113891602,733.4732294082642
1702657074535,1173.9116668701172,740.3668928146362
1702657074547,1175.9087371826172,734.0730142593384
1702657074559,1177.9108428955078,725.1240277290344
1702657074569,1170.1745223999023,723.9002537727356
1702657074580,1172.6502227783203,717.8930497169495
1702657074590,1173.6318588256836,717.9273819923401
1702657074601,1170.9698867797852,717.4884223937988
1702657074612,1166.4882278442383,725.3815412521362
1702657074624,1158.8102722167969,728.4200763702393
1702657074663,1158.4579467773438,727.454309463501
1702657074664,1158.7349319458008,717.6603841781616
1702657074668,1163.374137878418,718.5437965393066
1702657074680,1161.8326950073242,724.2281484603882
1702657074691,1166.7962265014648,739.942889213562
1702657074701,1189.013442993164,869.1907739639282
1702657074712,1201.2781143188477,910.1408529281616
1702657074723,1204.6892929077148,939.5122003555298
1702657074735,1188.5944747924805,928.6288261413574
1702657074745,1189.563331604004,923.7448453903198
1702657074757,1185.8166122436523,935.3681230545044
1702657074768,1183.8408660888672,944.4470357894897
1702657074779,1186.6477584838867,946.7645072937012
1702657074790,1187.643165588379,947.6214838027954
1702657074833,1202.0641326904297,947.9515886306763
1702657074834,1190.3764343261719,945.9193325042725
1702657074849,1235.3642272949219,937.7498817443848
1702657074857,1172.6313400268555,963.810567855835
1702657074870,1191.618423461914,949.3449640274048
1702657074879,1183.7760543823242,942.5061893463135
1702657074889,1189.1135787963867,930.0480794906616
1702657074900,1213.5449981689453,912.7621650695801
1702657074911,nan,nan
1702657074922,nan,nan
1702657074933,nan,nan
1702657074944,nan,nan
1702657074978,nan,nan
1702657074979,nan,nan
1702657074988,nan,nan
1702657074998,nan,nan
1702657075009,nan,nan
1702657075019,nan,nan
1702657075036,nan,nan
1702657075056,nan,nan
1702657075067,nan,nan
1702657075079,nan,nan
1702657075090,nan,nan
1702657075132,nan,nan
1702657075133,nan,nan
1702657075148,nan,nan
1702657075156,nan,nan
1702657075169,nan,nan
1702657075179,nan,nan
1702657075190,nan,nan
1702657075200,nan,nan
1702657075212,nan,nan
1702657075223,nan,nan
1702657075234,nan,nan
1702657075246,nan,nan
1702657075257,nan,nan
1702657075307,nan,nan
1702657075308,nan,nan
1702657075312,nan,nan
1702657075329,nan,nan
1702657075333,nan,nan
1702657075346,nan,nan
1702657075355,nan,nan
1702657075366,nan,nan
1702657075378,nan,nan
1702657075390,nan,nan
1702657075399,nan,nan
1702657075412,nan,nan
1702657075423,nan,nan
1702657075439,nan,nan
1702657075465,nan,nan
1702657075466,nan,nan
1702657075482,nan,nan
1702657075490,nan,nan
1702657075500,nan,nan
1702657075511,nan,nan
1702657075523,nan,nan
1702657075533,nan,nan
1702657075545,nan,nan
1702657075556,nan,nan
1702657075566,nan,nan
1702657075579,nan,nan
1702657075614,nan,nan
1702657075615,nan,nan
1702657075623,nan,nan
1702657075633,nan,nan
1702657075645,nan,nan
1702657075656,nan,nan
1702657075667,nan,nan
1702657075679,nan,nan
1702657075689,nan,nan
1702657075700,nan,nan
1702657075711,nan,nan
1702657075722,nan,nan
1702657075733,nan,nan
1702657075773,nan,nan
1702657075774,nan,nan
1702657075778,nan,nan
1702657075791,nan,nan
1702657075799,nan,nan
1702657075812,nan,nan
1702657075822,nan,nan
1702657075833,nan,nan
1702657075845,nan,nan
1702657075856,nan,nan
1702657075866,nan,nan
1702657075878,nan,nan
1702657075889,nan,nan
1702657075900,nan,nan
1702657075938,nan,nan
1702657075939,nan,nan
1702657075945,nan,nan
1702657075956,nan,nan
1702657075966,nan,nan
1702657075978,nan,nan
1702657075990,nan,nan
1702657076000,nan,nan
1702657076011,nan,nan
1702657076023,nan,nan
1702657076033,nan,nan
1702657076045,nan,nan
1702657076079,nan,nan
1702657076080,nan,nan
1702657076098,nan,nan
1702657076100,nan,nan
1702657076113,nan,nan
1702657076130,nan,nan
1702657076147,nan,nan
1702657076156,nan,nan
1702657076167,nan,nan
1702657076179,nan,nan
1702657076190,nan,nan
1702657076227,nan,nan
1702657076234,1318.0587768554688,895.396728515625
1702657076246,1314.9287414550781,893.9060211181641
1702657076259,1271.1859893798828,880.5928230285645
1702657076269,1097.3955535888672,802.0858955383301
1702657076281,1081.6573333740234,802.3476362228394
1702657076292,1089.5564270019531,810.7475852966309
1702657076302,1106.8294525146484,832.0611047744751
1702657076314,1105.198974609375,828.0213975906372
1702657076325,1111.4491271972656,801.8359565734863
1702657076336,1086.0766220092773,795.4438018798828
1702657076359,1083.4352493286133,798.4835386276245
1702657076385,1079.5964813232422,804.6768236160278
1702657076386,1082.4210739135742,804.9481773376465
1702657076392,1084.772071838379,807.8453922271729
1702657076408,1081.8316268920898,811.2951850891113
1702657076415,1085.52490234375,814.233512878418
1702657076427,1088.2775115966797,814.3802833557129
1702657076436,1089.9852752685547,817.2951364517212
1702657076448,1095.3950500488281,814.2640686035156
1702657076459,1092.0735549926758,813.3800983428955
1702657076470,1092.2282409667969,808.6885929107666
1702657076481,1090.9664916992188,815.6144857406616
1702657076492,1092.283821105957,817.6328372955322
1702657076535,1099.2729949951172,823.8658618927002
1702657076537,1111.0579299926758,824.4153070449829
1702657076547,1151.8452072143555,839.2724275588989
1702657076559,1146.541862487793,838.1476593017578
1702657076570,1148.5260009765625,841.5297746658325
1702657076581,1147.6962661743164,837.8078985214233
1702657076592,1151.1391830444336,836.0531759262085
1702657076603,1157.7360153198242,836.6572523117065
1702657076614,1154.964256286621,830.5063676834106
1702657076625,1155.5985641479492,831.0047006607056
1702657076636,1150.5562210083008,831.2573862075806
1702657076648,1151.8425750732422,839.2307567596436
1702657076659,1139.3647003173828,843.2741117477417
1702657076694,1008.9484405517578,844.9673366546631
1702657076711,641.8111038208008,810.427393913269
1702657076714,631.2884521484375,813.8010120391846
1702657076725,635.3803253173828,816.9482517242432
1702657076736,627.1738243103027,821.3549280166626
1702657076747,628.2286071777344,825.303783416748
1702657076758,624.4707870483398,822.5503349304199
1702657076769,621.1154556274414,823.9546537399292
1702657076781,623.0482482910156,821.8626165390015
1702657076792,628.5108947753906,830.0056743621826
1702657076830,631.005687713623,834.0350818634033
1702657076831,625.0524711608887,836.3775300979614
1702657076837,622.5360298156738,830.1074695587158
1702657076848,628.9583396911621,835.0984811782837
1702657076860,628.6751365661621,841.7660665512085
1702657076869,627.3664283752441,844.0050029754639
1702657076880,626.822509765625,842.1291303634644
1702657076892,616.9717025756836,844.8095798492432
1702657076902,493.37291717529297,949.5305728912354
1702657076914,438.9828300476074,997.7223587036133
1702657076925,408.7481689453125,1021.9493579864502
1702657076936,382.5588035583496,1028.3593654632568
1702657076947,380.7160758972168,1026.4346981048584
1702657076984,375.2432060241699,1031.0966348648071
1702657076985,380.6551742553711,1040.4126977920532
1702657076992,385.1925277709961,1040.1079988479614
1702657077004,383.97010803222656,1042.245740890503
1702657077014,381.6541290283203,1045.9478330612183
1702657077025,387.21439361572266,1043.7158918380737
1702657077038,382.497501373291,1042.563829421997
1702657077048,377.74600982666016,1042.3558187484741
1702657077059,375.4528999328613,1047.132167816162
1702657077069,377.5390815734863,1046.5026426315308
1702657077080,380.3274917602539,1044.072904586792
1702657077091,381.95491790771484,1043.6119079589844
1702657077102,389.03127670288086,1048.5927486419678
1702657077113,386.4312744140625,1051.7832469940186
1702657077151,381.8917655944824,1053.648648262024
1702657077152,376.22570037841797,1056.290044784546
1702657077158,386.2643623352051,1057.4059295654297
1702657077171,389.4621276855469,1057.5617980957031
1702657077180,385.183162689209,1057.7835845947266
1702657077191,384.947452545166,1057.9681634902954
1702657077202,389.7926330566406,1058.6055421829224
1702657077214,398.0721664428711,1062.57963180542
1702657077225,400.59289932250977,1064.9522495269775
1702657077236,398.09337615966797,1061.7218828201294
1702657077248,384.88441467285156,1059.5252180099487
1702657077259,380.9805679321289,1056.5629434585571
1702657077299,381.168212890625,1057.6727771759033
1702657077303,393.3392906188965,1057.7392959594727
1702657077318,398.0864143371582,1058.8608884811401
1702657077325,401.26888275146484,1062.362995147705
1702657077336,389.2751884460449,1067.4860572814941
1702657077347,394.1204643249512,1073.7703657150269
1702657077358,414.4161033630371,1074.2882680892944
1702657077369,611.396484375,1131.981897354126
1702657077379,809.462890625,1185.0895929336548
1702657077390,951.1423492431641,1269.2039680480957
1702657077401,nan,nan
1702657077411,nan,nan
1702657077454,nan,nan
1702657077455,nan,nan
1702657077456,nan,nan
1702657077478,nan,nan
1702657077488,nan,nan
1702657077500,nan,nan
1702657077511,nan,nan
1702657077522,nan,nan
1702657077532,nan,nan
1702657077544,nan,nan
1702657077555,nan,nan
1702657077566,nan,nan
1702657077578,nan,nan
1702657077589,nan,nan
1702657077629,nan,nan
1702657077630,nan,nan
1702657077632,nan,nan
1702657077645,nan,nan
1702657077657,nan,nan
1702657077666,nan,nan
1702657077677,nan,nan
1702657077688,nan,nan
1702657077699,nan,nan
1702657077711,nan,nan
1702657077721,nan,nan
1702657077762,nan,nan
1702657077764,nan,nan
1702657077767,nan,nan
1702657077782,nan,nan
1702657077789,nan,nan
1702657077801,nan,nan
1702657077811,nan,nan
1702657077822,nan,nan
1702657077833,nan,nan
1702657077844,nan,nan
1702657077854,nan,nan
1702657077866,nan,nan
1702657077877,nan,nan
1702657077915,nan,nan
1702657077916,nan,nan
1702657077921,nan,nan
1702657077934,nan,nan
1702657077944,nan,nan
1702657077955,nan,nan
1702657077966,nan,nan
1702657077978,nan,nan
1702657077989,nan,nan
1702657078000,nan,nan
1702657078011,nan,nan
1702657078022,nan,nan
1702657078033,nan,nan
1702657078045,nan,nan
1702657078079,nan,nan
1702657078080,nan,nan
1702657078095,nan,nan
1702657078100,nan,nan
1702657078111,nan,nan
1702657078123,849.3030548095703,1050.162935256958
1702657078133,849.3030548095703,1050.162935256958
1702657078145,822.1538543701172,980.8936214447021
1702657078156,807.3890686035156,953.900899887085
1702657078167,800.0590515136719,945.8976173400879
1702657078178,801.4453887939453,946.6046905517578
1702657078190,805.5541229248047,943.5046577453613
1702657078231,815.8161926269531,946.4441871643066
1702657078234,812.3451232910156,946.7772960662842
1702657078248,802.94677734375,941.3258457183838
1702657078257,793.6978912353516,969.8015928268433
1702657078268,785.8584213256836,931.7420339584351
1702657078279,782.6388549804688,903.5805559158325
1702657078291,777.6873779296875,882.4324750900269
1702657078301,782.3123550415039,852.2763776779175
1702657078312,790.0061416625977,863.4438943862915
1702657078324,786.1406707763672,857.4080228805542
1702657078335,793.5949325561523,851.4913272857666
1702657078346,853.5897827148438,833.4824180603027
1702657078384,930.617561340332,822.4953603744507
1702657078385,1067.0449829101562,796.9669103622437
1702657078391,1066.7649459838867,808.3723068237305
1702657078402,1100.4023361206055,803.3937406539917
1702657078415,1098.1167602539062,806.143798828125
1702657078425,1093.0781555175781,805.1155471801758
1702657078435,1090.2923965454102,803.3385515213013
1702657078446,1088.2462692260742,800.5521011352539
1702657078457,1094.9541091918945,797.2799348831177
1702657078468,1093.1303405761719,800.3968334197998
1702657078480,1099.9056243896484,806.7356014251709
1702657078491,1097.78564453125,807.9598045349121
1702657078513,1103.1326293945312,812.7087306976318
1702657078533,1102.0524597167969,810.2831554412842
1702657078534,1104.0107345581055,810.7219219207764
1702657078535,1100.8114624023438,808.7809467315674
1702657078551,1101.9026947021484,809.1135835647583
1702657078558,1099.2901611328125,807.3919486999512
1702657078570,1097.0211029052734,808.6995792388916
1702657078580,1102.5164413452148,811.4065504074097
1702657078591,1133.3856201171875,814.1366529464722
1702657078602,1215.0757217407227,814.6310806274414
1702657078613,1236.3275527954102,812.5411462783813
1702657078624,1232.1413803100586,815.8809471130371
1702657078635,1220.0862121582031,819.0792560577393
1702657078646,1219.328269958496,821.3298654556274
1702657078657,1222.1486282348633,814.2240715026855
1702657078725,1219.4557571411133,809.9388456344604
1702657078727,1214.1421127319336,804.4488573074341
1702657078735,1237.4286270141602,823.8947010040283
1702657078750,1236.830711364746,818.8769960403442
1702657078757,1236.2586975097656,820.8877086639404
1702657078768,1232.435417175293,819.4292306900024
1702657078780,1232.3700332641602,815.4941082000732
1702657078791,1226.3848495483398,818.7482070922852
1702657078802,1228.0400466918945,819.0172863006592
1702657078813,1226.9401550292969,823.5462284088135
1702657078824,1228.13720703125,822.0685243606567
1702657078835,1227.8411102294922,820.1017570495605
1702657078847,1234.28466796875,826.6536855697632
1702657078857,1235.4110717773438,826.0628700256348
1702657078868,1233.4965896606445,824.0073537826538
1702657078879,1220.958137512207,817.3737573623657
1702657078945,1197.2322845458984,817.1723985671997
1702657078947,1149.4194030761719,815.6571865081787
1702657078958,1140.5492782592773,820.0346803665161
1702657078980,1139.494285583496,824.8720121383667
1702657078991,1134.2201614379883,825.4472064971924
1702657079004,1130.5604553222656,816.518497467041
1702657079012,1132.974967956543,817.8497314453125
1702657079023,1133.1728744506836,820.1664304733276
1702657079034,1130.4520797729492,820.7402515411377
1702657079046,1135.2888488769531,825.4175090789795
1702657079057,1132.8175354003906,826.762261390686
1702657079068,1142.4863815307617,831.5766763687134
1702657079079,1139.5152282714844,826.6818809509277
1702657079126,1140.9809875488281,827.4130725860596
1702657079127,1135.1518630981445,834.6463680267334
1702657079135,1138.0599975585938,831.5961599349976
1702657079147,1134.3299865722656,833.703818321228
1702657079157,1138.0280685424805,834.7169637680054
1702657079168,1139.6568298339844,843.4169340133667
1702657079179,1169.7993469238281,841.4293956756592
1702657079190,1188.846778869629,838.3653688430786
1702657079201,1232.060317993164,825.3244256973267
1702657079213,1222.5057220458984,825.1579570770264
1702657079224,1217.5242614746094,828.9602136611938
1702657079234,1222.4521255493164,831.6341829299927
1702657079276,1223.9920043945312,834.2370843887329
1702657079277,1229.615135192871,830.5136632919312
1702657079279,1223.1136322021484,834.2504739761353
1702657079296,1223.1118392944336,832.0433807373047
1702657079301,1227.225570678711,828.8248157501221
1702657079312,1231.1617279052734,828.8342571258545
1702657079323,1235.5720138549805,830.0223684310913
1702657079334,1228.452491760254,831.7809104919434
1702657079346,1230.588722229004,833.2647943496704
1702657079356,1229.3695831298828,833.4387731552124
1702657079367,1231.0906982421875,826.3993692398071
1702657079379,1232.358512878418,822.0286560058594
1702657079390,1228.6921691894531,823.0001306533813
1702657079434,1232.649269104004,835.4445934295654
1702657079435,1230.9103775024414,834.8095750808716
1702657079454,1232.471580505371,832.5856161117554
1702657079457,1220.395278930664,831.5958166122437
1702657079467,1160.302505493164,830.8883571624756
1702657079479,1142.4872970581055,836.3690328598022
1702657079490,1132.8557968139648,836.4735317230225
1702657079501,1126.3127517700195,826.9333219528198
1702657079512,1128.5528564453125,830.3680515289307
1702657079523,1126.9718551635742,832.1953439712524
1702657079534,1132.059555053711,838.5846662521362
1702657079546,1128.3755493164062,835.423994064331
1702657079588,1118.7239837646484,835.14319896698
1702657079589,1112.7341842651367,832.1911382675171
1702657079607,1121.9490051269531,834.2845916748047
1702657079612,1114.1962432861328,832.1747875213623
1702657079623,1113.7312698364258,834.2353248596191
1702657079634,1113.1612396240234,839.4288539886475
1702657079646,1120.6501388549805,840.6909942626953
1702657079656,1122.4792098999023,840.3674554824829
1702657079667,1123.3306121826172,839.2608833312988
1702657079678,1119.0829467773438,837.9602479934692
1702657079689,1117.239112854004,837.411789894104
1702657079733,1115.3720092773438,839.4470930099487
1702657079734,1127.8001022338867,849.7306823730469
1702657079752,1129.5027160644531,847.9459619522095
1702657079756,1131.8407440185547,849.4405746459961
1702657079768,1129.8665237426758,841.3622760772705
1702657079779,1130.5123138427734,846.443281173706
1702657079789,1128.0123901367188,845.2292919158936
1702657079801,1135.9406661987305,851.1053895950317
1702657079812,1138.431053161621,853.3283185958862
1702657079823,1139.3513870239258,851.0546207427979
1702657079834,1302.3627853393555,887.4742984771729
1702657079845,1375.370101928711,900.5331373214722
1702657079895,1408.8607788085938,902.7326345443726
1702657079896,1607.3300170898438,988.8672924041748
1702657079898,nan,nan
1702657079916,nan,nan
1702657079921,nan,nan
1702657079932,nan,nan
1702657079941,nan,nan
1702657079958,nan,nan
1702657079979,nan,nan
1702657079992,nan,nan
1702657080001,nan,nan
1702657080012,nan,nan
1702657080051,nan,nan
1702657080052,nan,nan
1702657080059,nan,nan
1702657080068,nan,nan
1702657080079,nan,nan
1702657080092,nan,nan
1702657080100,nan,nan
1702657080112,nan,nan
1702657080125,nan,nan
1702657080134,nan,nan
1702657080145,nan,nan
1702657080159,nan,nan
1702657080167,nan,nan
1702657080207,nan,nan
1702657080208,nan,nan
1702657080212,nan,nan
1702657080227,nan,nan
1702657080234,nan,nan
1702657080244,nan,nan
1702657080262,nan,nan
1702657080268,nan,nan
1702657080278,nan,nan
1702657080294,nan,nan
1702657080303,nan,nan
1702657080313,nan,nan
1702657080354,nan,nan
1702657080355,nan,nan
1702657080361,nan,nan
1702657080371,nan,nan
1702657080381,nan,nan
1702657080395,nan,nan
1702657080404,nan,nan
1702657080415,nan,nan
1702657080428,nan,nan
1702657080437,nan,nan
1702657080448,nan,nan
1702657080460,nan,nan
1702657080498,nan,nan
1702657080499,nan,nan
1702657080502,nan,nan
1702657080516,nan,nan
1702657080528,nan,nan
1702657080536,nan,nan
1702657080547,nan,nan
1702657080561,nan,nan
1702657080569,nan,nan
1702657080580,nan,nan
1702657080594,nan,nan
1702657080602,nan,nan
1702657080614,nan,nan
1702657080647,nan,nan
1702657080662,nan,nan
1702657080669,nan,nan
1702657080682,nan,nan
1702657080695,nan,nan
1702657080704,nan,nan
1702657080716,nan,nan
1702657080727,nan,nan
1702657080736,nan,nan
1702657080748,nan,nan
1702657080781,nan,nan
1702657080782,nan,nan
1702657080798,nan,nan
1702657080802,nan,nan
1702657080815,nan,nan
1702657080828,nan,nan
1702657080836,nan,nan
1702657080848,nan,nan
1702657080862,nan,nan
1702657080870,nan,nan
1702657080881,nan,nan
1702657080895,nan,nan
1702657080931,nan,nan
1702657080932,nan,nan
1702657080937,nan,nan
1702657080947,nan,nan
1702657080962,nan,nan
1702657080970,nan,nan
1702657080981,nan,nan
1702657080995,nan,nan
1702657081004,nan,nan
1702657081014,nan,nan
1702657081027,nan,nan
1702657081036,nan,nan
1702657081047,nan,nan
1702657081079,nan,nan
1702657081080,nan,nan
1702657081081,nan,nan
1702657081096,nan,nan
1702657081103,nan,nan
1702657081114,nan,nan
1702657081128,nan,nan
1702657081136,nan,nan
1702657081147,nan,nan
1702657081161,nan,nan
1702657081169,nan,nan
1702657081180,nan,nan
1702657081214,nan,nan
1702657081215,nan,nan
1702657081229,nan,nan
1702657081236,nan,nan
1702657081248,nan,nan
1702657081261,nan,nan
1702657081269,nan,nan
1702657081288,nan,nan
1702657081301,nan,nan
1702657081312,nan,nan
1702657081324,1514.4966125488281,1021.7343521118164
1702657081367,1514.4966125488281,1021.7343521118164
1702657081368,1514.4966125488281,1021.7343521118164
1702657081381,nan,nan
1702657081389,nan,nan
1702657081401,nan,nan
1702657081412,nan,nan
1702657081423,nan,nan
1702657081434,nan,nan
1702657081445,nan,nan
1702657081456,nan,nan
1702657081467,nan,nan
1702657081478,nan,nan
1702657081513,nan,nan
1702657081514,nan,nan
1702657081530,nan,nan
1702657081534,nan,nan
1702657081546,nan,nan
1702657081556,nan,nan
1702657081567,nan,nan
1702657081579,nan,nan
1702657081590,nan,nan
1702657081601,nan,nan
1702657081612,nan,nan
1702657081648,nan,nan
1702657081649,nan,nan
1702657081665,nan,nan
1702657081668,nan,nan
1702657081680,nan,nan
1702657081690,nan,nan
1702657081701,nan,nan
1702657081712,nan,nan
1702657081723,nan,nan
1702657081734,nan,nan
1702657081746,nan,nan
1702657081756,nan,nan
1702657081777,nan,nan
1702657081796,nan,nan
1702657081799,nan,nan
1702657081819,nan,nan
1702657081842,nan,nan
1702657081852,nan,nan
1702657081868,nan,nan
1702657081874,nan,nan
1702657081883,nan,nan
1702657081931,nan,nan
1702657081932,nan,nan
1702657081938,nan,nan
1702657081949,nan,nan
1702657081964,nan,nan
1702657081971,nan,nan
1702657081983,nan,nan
1702657081996,nan,nan
1702657082005,nan,nan
1702657082016,nan,nan
1702657082029,nan,nan
1702657082038,nan,nan
1702657082060,nan,nan
1702657082081,nan,nan
1702657082082,nan,nan
1702657082096,nan,nan
1702657082105,nan,nan
1702657082116,nan,nan
1702657082129,nan,nan
1702657082137,nan,nan
1702657082149,nan,nan
1702657082162,nan,nan
1702657082170,nan,nan
1702657082182,nan,nan
1702657082215,nan,nan
1702657082216,nan,nan
1702657082231,nan,nan
1702657082237,nan,nan
1702657082249,nan,nan
1702657082261,nan,nan
1702657082271,nan,nan
1702657082283,nan,nan
1702657082294,nan,nan
1702657082304,nan,nan
1702657082316,nan,nan
1702657082327,nan,nan
1702657082364,nan,nan
1702657082366,nan,nan
1702657082371,nan,nan
1702657082383,nan,nan
1702657082396,nan,nan
1702657082404,nan,nan
1702657082417,nan,nan
1702657082427,nan,nan
1702657082438,nan,nan
1702657082450,nan,nan
1702657082460,nan,nan
1702657082470,nan,nan
1702657082482,nan,nan
1702657082516,nan,nan
1702657082517,nan,nan
1702657082532,nan,nan
1702657082538,nan,nan
1702657082549,nan,nan
1702657082560,nan,nan
1702657082570,nan,nan
1702657082582,nan,nan
1702657082593,nan,nan
1702657082604,nan,nan
1702657082615,nan,nan
1702657082649,nan,nan
1702657082650,nan,nan
1702657082665,nan,nan
1702657082670,nan,nan
1702657082684,nan,nan
1702657082693,nan,nan
1702657082704,nan,nan
1702657082716,nan,nan
1702657082726,nan,nan
1702657082737,nan,nan
1702657082749,nan,nan
1702657082760,nan,nan
1702657082799,nan,nan
1702657082800,nan,nan
1702657082803,nan,nan
1702657082815,nan,nan
1702657082827,nan,nan
1702657082837,nan,nan
1702657082849,nan,nan
1702657082860,nan,nan
1702657082871,nan,nan
1702657082883,nan,nan
1702657082894,nan,nan
1702657082932,nan,nan
1702657082933,nan,nan
1702657082938,nan,nan
1702657082951,nan,nan
1702657082968,nan,nan
1702657082983,nan,nan
1702657082995,1102.9347229003906,982.3338603973389
1702657083007,1102.9347229003906,982.3338603973389
1702657083018,1102.9347229003906,982.3338603973389
1702657083030,1076.6352844238281,1033.4910106658936
1702657083040,1076.6352844238281,1033.4910106658936
1702657083081,1076.6352844238281,1033.4910106658936
1702657083082,797.2929382324219,908.6235809326172
1702657083085,667.6662445068359,928.0231189727783
1702657083097,580.6145668029785,918.533205986023
1702657083108,540.7935333251953,892.7257204055786
1702657083119,539.1892242431641,891.1478090286255
1702657083130,536.6512680053711,897.5181198120117
1702657083142,537.8325080871582,901.7855358123779
1702657083152,537.6167678833008,909.3071365356445
1702657083164,532.5121688842773,908.7015581130981
1702657083175,538.2262229919434,912.5142002105713
1702657083185,534.9974250793457,907.7826547622681
1702657083218,539.2544746398926,904.2221403121948
1702657083219,537.2357559204102,906.8234968185425
1702657083237,538.8567161560059,906.875638961792
1702657083242,544.5433807373047,904.8287916183472
1702657083252,543.380298614502,908.3925676345825
1702657083263,545.4678153991699,902.6361608505249
1702657083275,518.3797264099121,880.0049257278442
1702657083285,505.42150497436523,873.2839965820312
1702657083297,491.91394805908203,861.3689374923706
1702657083308,474.134464263916,852.3309659957886
1702657083319,476.6021728515625,855.3985977172852
1702657083351,479.56836700439453,852.6001310348511
1702657083352,472.26842880249023,844.0627241134644
1702657083368,467.1209716796875,841.1714315414429
1702657083373,472.0265579223633,854.9769973754883
1702657083385,478.82225036621094,867.9278612136841
1702657083397,508.6038398742676,874.9221181869507
1702657083408,481.62378311157227,852.7008962631226
1702657083419,482.81829833984375,856.0501384735107
1702657083431,476.36030197143555,855.5659675598145
1702657083442,477.0550346374512,847.4443674087524
1702657083453,468.5966110229492,840.2257490158081
1702657083464,473.67605209350586,842.8419542312622
1702657083500,474.8536682128906,847.446813583374
1702657083501,485.6006050109863,850.2666091918945
1702657083507,482.1847343444824,847.7024173736572
1702657083518,479.03696060180664,852.032060623169
1702657083531,477.9838562011719,855.2689504623413
1702657083541,588.4982490539551,840.984320640564
1702657083552,707.2769927978516,814.8590898513794
1702657083563,836.4422988891602,780.9374713897705
1702657083574,1056.4938735961914,741.3779354095459
1702657083585,1080.855827331543,737.4514818191528
1702657083596,1076.6839599609375,742.8488159179688
1702657083608,1092.5017547607422,734.2632150650024
1702657083649,1097.8815841674805,742.0723915100098
1702657083650,1102.1461486816406,743.1347608566284
1702657083652,1103.3037567138672,746.2827301025391
1702657083664,1102.1776962280273,747.3123979568481
1702657083675,1097.0931243896484,749.9876117706299
1702657083686,1091.4224243164062,747.3928213119507
1702657083697,1091.0930252075195,746.3245296478271
1702657083708,1087.2874450683594,744.252233505249
1702657083719,1088.1108856201172,742.4982404708862
1702657083730,1085.6282043457031,742.893877029419
1702657083741,1075.939598083496,747.5248289108276
1702657083752,1012.4496841430664,775.5212116241455
1702657083764,897.1651840209961,820.2181434631348
1702657083774,574.6152496337891,933.0886316299438
1702657083818,456.1803436279297,970.1853847503662
1702657083819,235.49793243408203,995.2573013305664
1702657083835,182.71252632141113,995.4729080200195
1702657083841,178.53034019470215,1001.6776943206787
1702657083853,170.1199245452881,1005.2364492416382
1702657083863,168.44128608703613,1004.8528718948364
1702657083874,174.09329414367676,1008.9736032485962
1702657083885,178.05328369140625,1010.866641998291
1702657083897,184.9878215789795,1015.4394865036011
1702657083907,168.61895561218262,1008.2301378250122
1702657083918,173.1399440765381,1006.0923957824707
1702657083929,172.54079341888428,1004.4527292251587
1702657083972,182.13241577148438,1007.7509880065918
1702657083973,179.56767082214355,1008.6035442352295
1702657083974,172.7105951309204,997.399377822876
1702657083988,171.4677333831787,995.1818561553955
1702657083996,171.23316287994385,997.9387807846069
1702657084007,162.34854698181152,1001.7320251464844
1702657084018,158.53693962097168,1000.8028650283813
1702657084029,160.62166690826416,1002.1277475357056
1702657084040,166.0890531539917,998.7602663040161
1702657084052,173.4545612335205,1004.8602962493896
1702657084063,173.2863712310791,1006.8693780899048
1702657084074,173.73213291168213,1010.0228834152222
1702657084116,175.67430973052979,1003.1523084640503
1702657084117,180.98162651062012,1002.3994874954224
1702657084119,170.69141387939453,993.6252737045288
1702657084133,166.64310455322266,994.1988372802734
1702657084141,173.62271785736084,995.7059383392334
1702657084151,168.99269580841064,997.8275012969971
1702657084162,172.23904132843018,991.8321418762207
1702657084173,172.965350151062,996.7596387863159
1702657084185,178.97333145141602,997.7247190475464
1702657084197,182.2274684906006,1003.8677072525024
1702657084207,189.61451530456543,1001.0086870193481
1702657084218,249.6680450439453,1020.6367492675781
1702657084229,292.6935291290283,1041.3694524765015
1702657084268,501.8296432495117,1117.9504251480103
1702657084272,nan,nan
1702657084284,nan,nan
1702657084294,nan,nan
1702657084305,nan,nan
1702657084317,nan,nan
1702657084326,nan,nan
1702657084337,nan,nan
1702657084348,nan,nan
1702657084365,nan,nan
1702657084386,nan,nan
1702657084423,nan,nan
1702657084424,nan,nan
1702657084430,nan,nan
1702657084441,nan,nan
1702657084453,nan,nan
1702657084463,nan,nan
1702657084474,nan,nan
1702657084486,nan,nan
1702657084496,nan,nan
1702657084507,nan,nan
1702657084519,nan,nan
1702657084530,nan,nan
1702657084572,nan,nan
1702657084573,nan,nan
1702657084587,nan,nan
1702657084596,nan,nan
1702657084606,nan,nan
1702657084618,nan,nan
1702657084629,nan,nan
1702657084641,nan,nan
1702657084652,nan,nan
1702657084663,nan,nan
1702657084674,nan,nan
1702657084686,nan,nan
1702657084716,nan,nan
1702657084717,nan,nan
1702657084719,nan,nan
1702657084732,nan,nan
1702657084741,nan,nan
1702657084752,nan,nan
1702657084770,nan,nan
1702657084786,nan,nan
1702657084798,1165.4276275634766,825.320520401001
1702657084809,1127.6401901245117,800.5313730239868
1702657084821,1129.9849319458008,803.9930105209351
1702657084832,1126.671142578125,801.7213726043701
1702657084868,1127.470359802246,811.3529062271118
1702657084869,1123.3147048950195,809.0008449554443
1702657084883,1117.9961776733398,804.2335939407349
1702657084889,1119.6636962890625,807.5597047805786
1702657084900,1122.6430892944336,784.861307144165
1702657084910,1139.831771850586,686.1527323722839
1702657084921,1143.3271408081055,671.16450548172
1702657084932,1147.464370727539,677.237799167633
1702657084943,1145.6189727783203,707.7466177940369
1702657084954,1143.5968399047852,708.0409955978394
1702657084966,1146.2150955200195,704.0514349937439
1702657084984,1140.4354095458984,694.0311098098755
1702657085003,1148.848762512207,693.7678241729736
1702657085011,1144.684829711914,708.5242223739624
1702657085021,1135.493507385254,704.499363899231
1702657085034,1138.686294555664,701.5358448028564
1702657085044,1142.0526885986328,696.0462427139282
1702657085055,1141.771240234375,692.2632551193237
1702657085066,1148.3932495117188,694.1190218925476
1702657085077,1182.4963760375977,702.0158314704895
1702657085088,1190.578842163086,710.9767699241638
1702657085099,1194.2426681518555,710.6284260749817
1702657085111,1193.6165618896484,708.0204391479492
1702657085150,1196.2915802001953,703.2781863212585
1702657085154,1196.0934829711914,711.3182258605957
1702657085168,1197.0002365112305,708.7570381164551
1702657085177,1200.7794189453125,706.1372494697571
1702657085187,1204.1843795776367,703.7676358222961
1702657085198,1202.3712539672852,713.432343006134
1702657085210,1196.7509460449219,712.1956515312195
1702657085221,1192.2593307495117,710.5533242225647
1702657085232,1191.803321838379,704.7206783294678
1702657085243,1193.4642028808594,706.0586929321289
1702657085254,1193.3015823364258,710.1581382751465
1702657085265,1193.0631256103516,709.6522521972656
1702657085284,1188.7103652954102,701.0392498970032
1702657085302,1190.2687072753906,699.135160446167
1702657085310,1142.1449279785156,757.7139186859131
1702657085321,1133.3660888671875,769.4983434677124
1702657085333,1134.6476364135742,773.2449388504028
1702657085343,1148.0760955810547,763.4757328033447
1702657085354,1137.8062057495117,754.8596620559692
1702657085366,1137.2320556640625,758.2433652877808
1702657085377,1138.3341217041016,763.445348739624
1702657085388,1144.5503234863281,775.7315826416016
1702657085399,1145.228614807129,775.737247467041
1702657085410,1145.9930419921875,774.2012643814087
1702657085449,1147.6007843017578,776.4380550384521
1702657085450,1147.3228454589844,770.5284404754639
1702657085455,1153.4407043457031,768.3740043640137
1702657085466,1158.9909362792969,769.3023061752319
1702657085478,1153.4733200073242,767.9381990432739
1702657085488,1159.509620666504,770.4586601257324
1702657085498,1158.4467697143555,775.3333711624146
1702657085509,1153.8385772705078,782.1603012084961
1702657085521,1149.5357131958008,777.2932291030884
1702657085531,1142.2932815551758,775.6694841384888
1702657085543,1137.8256607055664,773.6669254302979
1702657085585,1138.7456512451172,773.0082178115845
1702657085586,1161.2086868286133,772.987961769104
1702657085587,1215.7604217529297,778.2492113113403
1702657085599,1206.4883041381836,783.9531326293945
1702657085610,1208.0605697631836,789.0219068527222
1702657085621,1203.3306503295898,785.7434749603271
1702657085632,1197.061996459961,789.3463039398193
1702657085643,1191.4081954956055,788.1487512588501
1702657085654,1201.5311431884766,800.8283472061157
1702657085666,1210.6876373291016,799.2651128768921
1702657085677,1217.332649230957,799.3218469619751
1702657085687,1213.8511276245117,792.2177696228027
1702657085698,1217.3834228515625,790.5958271026611
1702657085735,1209.7338485717773,785.4480457305908
1702657085736,1208.3219528198242,787.2597169876099
1702657085742,1203.9204406738281,785.8942365646362
1702657085754,1199.6926498413086,773.8144683837891
1702657085766,1195.744514465332,764.9736070632935
1702657085776,1187.4993133544922,748.3815908432007
1702657085787,1183.6799240112305,753.109016418457
1702657085798,1182.9610061645508,754.7377395629883
1702657085809,1182.0256042480469,757.231764793396
1702657085820,1188.283576965332,757.7076959609985
1702657085832,1187.2031784057617,763.4908390045166
1702657085843,1192.4722290039062,756.8066883087158
1702657085854,1190.9423446655273,756.2223100662231
1702657085889,1196.764793395996,749.3770980834961
1702657085898,1195.1324462890625,758.0104207992554
1702657085909,1193.5201263427734,761.0959053039551
1702657085922,1194.0019989013672,764.3898725509644
1702657085932,1189.154396057129,770.0247859954834
1702657085943,1185.8499908447266,774.2405319213867
1702657085954,1178.7388229370117,767.4619674682617
1702657085965,1184.706916809082,767.8004837036133
1702657085976,1186.8157196044922,761.9727945327759
1702657085988,1191.1760330200195,771.4846801757812
1702657085998,1186.8458938598633,767.5177145004272
1702657086034,1190.0638580322266,767.1461534500122
1702657086035,1192.4810028076172,763.1032276153564
1702657086043,1189.0669250488281,764.3283319473267
1702657086054,1190.7406616210938,767.1851205825806
1702657086065,1193.1348037719727,767.2787189483643
1702657086075,1188.6734008789062,768.695912361145
1702657086087,1191.0508728027344,762.1984004974365
1702657086097,1197.2086334228516,761.5796041488647
1702657086109,1197.165870666504,763.7521505355835
1702657086120,1192.1490097045898,761.8363237380981
1702657086130,1184.9182510375977,760.6752920150757
1702657086142,1312.5406646728516,792.8542470932007
1702657086153,1413.1558227539062,822.8744316101074
1702657086184,1448.8044738769531,826.6911935806274
1702657086185,nan,nan
1702657086201,nan,nan
1702657086207,nan,nan
1702657086219,nan,nan
1702657086229,nan,nan
1702657086239,nan,nan
1702657086250,nan,nan
1702657086261,nan,nan
1702657086272,nan,nan
1702657086319,nan,nan
1702657086320,nan,nan
1702657086336,nan,nan
1702657086342,nan,nan
1702657086354,nan,nan
1702657086367,nan,nan
1702657086376,nan,nan
1702657086387,nan,nan
1702657086400,nan,nan
1702657086409,nan,nan
1702657086421,nan,nan
1702657086433,nan,nan
1702657086466,nan,nan
1702657086482,nan,nan
1702657086487,nan,nan
1702657086500,nan,nan
1702657086509,nan,nan
1702657086519,nan,nan
1702657086533,nan,nan
1702657086542,nan,nan
1702657086552,nan,nan
1702657086566,nan,nan
1702657086601,nan,nan
1702657086602,nan,nan
1702657086609,nan,nan
1702657086620,nan,nan
1702657086633,nan,nan
1702657086642,nan,nan
1702657086653,nan,nan
1702657086666,nan,nan
1702657086676,nan,nan
1702657086686,nan,nan
1702657086700,nan,nan
1702657086710,nan,nan
1702657086720,nan,nan
1702657086754,nan,nan
1702657086755,nan,nan
1702657086770,nan,nan
1702657086777,nan,nan
1702657086786,nan,nan
1702657086800,nan,nan
1702657086810,nan,nan
1702657086821,nan,nan
1702657086833,nan,nan
1702657086844,nan,nan
1702657086855,nan,nan
1702657086867,nan,nan
1702657086902,nan,nan
1702657086903,nan,nan
1702657086920,nan,nan
1702657086921,nan,nan
1702657086936,nan,nan
1702657086944,nan,nan
1702657086955,nan,nan
1702657086968,nan,nan
1702657086977,nan,nan
1702657086987,nan,nan
1702657087001,nan,nan
1702657087010,nan,nan
1702657087021,nan,nan
1702657087055,nan,nan
1702657087073,nan,nan
1702657087077,nan,nan
1702657087089,nan,nan
1702657087101,nan,nan
1702657087111,nan,nan
1702657087121,nan,nan
1702657087133,nan,nan
1702657087144,nan,nan
1702657087185,nan,nan
1702657087188,nan,nan
1702657087200,nan,nan
1702657087209,nan,nan
1702657087221,nan,nan
1702657087234,nan,nan
1702657087243,nan,nan
1702657087253,nan,nan
1702657087267,nan,nan
1702657087276,nan,nan
1702657087287,nan,nan
1702657087300,nan,nan
1702657087342,nan,nan
1702657087343,nan,nan
1702657087357,nan,nan
1702657087366,nan,nan
1702657087376,nan,nan
1702657087387,nan,nan
1702657087400,nan,nan
1702657087409,nan,nan
1702657087420,nan,nan
1702657087433,nan,nan
1702657087442,nan,nan
1702657087453,nan,nan
1702657087485,nan,nan
1702657087486,nan,nan
1702657087501,nan,nan
1702657087509,nan,nan
1702657087521,nan,nan
1702657087532,nan,nan
1702657087543,nan,nan
1702657087553,nan,nan
1702657087568,nan,nan
1702657087576,nan,nan
1702657087587,nan,nan
1702657087622,nan,nan
1702657087638,nan,nan
1702657087642,nan,nan
1702657087653,nan,nan
1702657087666,nan,nan
1702657087675,nan,nan
1702657087687,nan,nan
1702657087700,nan,nan
1702657087709,nan,nan
1702657087720,nan,nan
1702657087733,nan,nan
1702657087767,nan,nan
1702657087776,nan,nan
1702657087786,nan,nan
1702657087801,nan,nan
1702657087809,nan,nan
1702657087820,nan,nan
1702657087833,nan,nan
1702657087842,nan,nan
1702657087854,nan,nan
1702657087867,nan,nan
1702657087902,nan,nan
1702657087917,nan,nan
1702657087920,nan,nan
1702657087935,nan,nan
1702657087943,nan,nan
1702657087954,nan,nan
1702657087967,nan,nan
1702657087977,nan,nan
1702657087987,nan,nan
1702657088000,nan,nan
1702657088009,nan,nan
1702657088019,nan,nan
1702657088052,nan,nan
1702657088053,nan,nan
1702657088070,nan,nan
1702657088077,nan,nan
1702657088088,nan,nan
1702657088099,nan,nan
1702657088109,nan,nan
1702657088120,nan,nan
1702657088131,nan,nan
1702657088142,nan,nan
1702657088153,nan,nan
1702657088165,nan,nan
1702657088183,nan,nan
1702657088202,nan,nan
1702657088203,nan,nan
1702657088209,nan,nan
1702657088219,nan,nan
1702657088234,nan,nan
1702657088242,nan,nan
1702657088253,nan,nan
1702657088266,nan,nan
1702657088275,nan,nan
1702657088286,nan,nan
1702657088300,nan,nan
1702657088334,nan,nan
1702657088335,nan,nan
1702657088342,nan,nan
1702657088353,nan,nan
1702657088367,nan,nan
1702657088374,nan,nan
1702657088385,nan,nan
1702657088399,nan,nan
1702657088407,nan,nan
1702657088419,nan,nan
1702657088432,nan,nan
1702657088441,nan,nan
1702657088452,nan,nan
1702657088485,nan,nan
1702657088486,nan,nan
1702657088501,nan,nan
1702657088508,nan,nan
1702657088519,nan,nan
1702657088532,nan,nan
1702657088541,nan,nan
1702657088552,nan,nan
1702657088566,nan,nan
1702657088575,nan,nan
1702657088586,nan,nan
1702657088620,nan,nan
1702657088621,nan,nan
1702657088635,nan,nan
1702657088643,nan,nan
1702657088653,nan,nan
1702657088665,nan,nan
1702657088675,nan,nan
1702657088686,nan,nan
1702657088699,nan,nan
1702657088709,nan,nan
1702657088719,nan,nan
1702657088732,nan,nan
1702657088769,nan,nan
1702657088770,nan,nan
1702657088771,nan,nan
1702657088785,nan,nan
1702657088797,nan,nan
1702657088807,nan,nan
1702657088818,nan,nan
1702657088829,nan,nan
1702657088840,nan,nan
1702657088852,nan,nan
1702657088863,1735.135498046875,707.5412464141846
1702657088874,1735.135498046875,707.5412464141846
1702657088885,1735.135498046875,707.5412464141846
1702657088923,nan,nan
1702657088924,nan,nan
1702657088929,nan,nan
1702657088941,nan,nan
1702657088952,nan,nan
1702657088963,nan,nan
1702657088974,nan,nan
1702657088985,nan,nan
1702657088995,nan,nan
1702657089014,nan,nan
1702657089054,nan,nan
1702657089055,nan,nan
1702657089070,nan,nan
1702657089078,nan,nan
1702657089090,nan,nan
1702657089103,nan,nan
1702657089111,nan,nan
1702657089121,nan,nan
1702657089136,nan,nan
1702657089144,nan,nan
1702657089156,nan,nan
1702657089169,nan,nan
1702657089206,nan,nan
1702657089208,nan,nan
1702657089212,nan,nan
1702657089226,nan,nan
1702657089238,nan,nan
1702657089246,nan,nan
1702657089256,nan,nan
1702657089270,nan,nan
1702657089278,nan,nan
1702657089289,nan,nan
1702657089304,nan,nan
1702657089310,nan,nan
1702657089322,nan,nan
1702657089360,nan,nan
1702657089370,nan,nan
1702657089378,nan,nan
1702657089388,nan,nan
1702657089402,nan,nan
1702657089410,nan,nan
1702657089421,nan,nan
1702657089436,nan,nan
1702657089443,nan,nan
1702657089485,nan,nan
1702657089488,nan,nan
1702657089501,nan,nan
1702657089510,nan,nan
1702657089521,nan,nan
1702657089534,nan,nan
1702657089543,nan,nan
1702657089555,nan,nan
1702657089568,nan,nan
1702657089577,nan,nan
1702657089588,nan,nan
1702657089601,nan,nan
1702657089636,nan,nan
1702657089637,nan,nan
1702657089643,nan,nan
1702657089654,nan,nan
1702657089668,nan,nan
1702657089676,nan,nan
1702657089687,nan,nan
1702657089701,nan,nan
1702657089709,nan,nan
1702657089721,nan,nan
1702657089733,nan,nan
1702657089771,nan,nan
1702657089772,nan,nan
1702657089776,nan,nan
1702657089788,nan,nan
1702657089800,nan,nan
1702657089809,nan,nan
1702657089821,nan,nan
1702657089832,nan,nan
1702657089842,nan,nan
1702657089854,nan,nan
1702657089865,nan,nan
1702657089875,nan,nan
1702657089887,nan,nan
1702657089921,nan,nan
1702657089922,nan,nan
1702657089938,nan,nan
1702657089942,nan,nan
1702657089955,nan,nan
1702657089966,nan,nan
1702657089976,nan,nan
1702657089988,nan,nan
1702657089999,nan,nan
1702657090009,nan,nan
1702657090020,nan,nan
1702657090031,nan,nan
1702657090050,nan,nan
1702657090072,nan,nan
1702657090076,nan,nan
1702657090089,nan,nan
1702657090098,nan,nan
1702657090109,nan,nan
1702657090121,nan,nan
1702657090132,nan,nan
1702657090142,nan,nan
1702657090154,nan,nan
1702657090165,nan,nan
1702657090202,nan,nan
1702657090203,nan,nan
1702657090209,nan,nan
1702657090221,nan,nan
1702657090234,nan,nan
1702657090242,nan,nan
1702657090254,nan,nan
1702657090265,nan,nan
1702657090276,nan,nan
1702657090288,nan,nan
1702657090299,nan,nan
1702657090310,nan,nan
1702657090321,nan,nan
1702657090355,nan,nan
1702657090356,nan,nan
1702657090371,nan,nan
1702657090376,nan,nan
1702657090387,nan,nan
1702657090398,nan,nan
1702657090409,nan,nan
1702657090421,nan,nan
1702657090432,nan,nan
1702657090443,nan,nan
1702657090454,nan,nan
1702657090487,nan,nan
1702657090488,nan,nan
1702657090502,nan,nan
1702657090518,nan,nan
1702657090531,nan,nan
1702657090542,nan,nan
1702657090553,nan,nan
1702657090565,1361.2579345703125,1042.1723556518555
1702657090576,1361.2579345703125,1042.1723556518555
1702657090587,1361.2579345703125,1042.1723556518555
1702657090599,1391.1141967773438,1059.0355968475342
1702657090616,1385.4023742675781,1056.8869972229004
1702657090643,1381.2452697753906,1033.8679790496826
1702657090644,1343.5148620605469,986.0565090179443
1702657090659,1173.8440704345703,783.2380771636963
1702657090666,nan,nan
1702657090677,1157.1407318115234,747.8928279876709
1702657090688,1155.6624603271484,757.1254634857178
1702657090699,1156.8146514892578,761.8227195739746
1702657090710,1162.6407623291016,774.856367111206
1702657090721,1171.5963745117188,772.232608795166
1702657090732,1174.5447540283203,774.1462898254395
1702657090744,1173.7772369384766,761.174955368042
1702657090755,1162.2972869873047,759.0778541564941
1702657090788,1164.1065979003906,760.1832675933838
1702657090789,1160.0257873535156,756.8237686157227
1702657090803,1151.7382049560547,747.9670715332031
1702657090809,1139.5974731445312,726.1456489562988
1702657090822,1138.7727355957031,727.2915744781494
1702657090833,1142.8664779663086,753.8586616516113
1702657090844,1154.3037414550781,756.8573713302612
1702657090856,1155.350456237793,757.5929403305054
1702657090867,1159.4594192504883,752.6215839385986
1702657090878,1163.3644485473633,749.5131826400757
1702657090889,1161.597785949707,747.3688745498657
1702657090900,1158.6783981323242,755.3739595413208
1702657090940,1153.985710144043,752.2096180915833
1702657090941,1154.0674591064453,752.3730611801147
1702657090945,1157.5482940673828,754.0227270126343
1702657090959,1156.6626358032227,758.8776969909668
1702657090967,1154.5794677734375,763.4513998031616
1702657090978,1155.967025756836,761.332540512085
1702657090989,1159.9474716186523,758.4765243530273
1702657091000,1164.5550537109375,759.749608039856
1702657091011,1161.2994384765625,757.3596525192261
1702657091022,1166.4059448242188,760.8477258682251
1702657091034,1164.413948059082,762.9761552810669
1702657091045,1168.2787322998047,769.2562580108643
1702657091056,1168.8527297973633,766.8996477127075
1702657091067,1167.1539306640625,761.4919281005859
1702657091103,1168.6161804199219,756.2729930877686
1702657091104,1164.512710571289,750.8076596260071
1702657091119,1168.2386016845703,755.9203147888184
1702657091122,1170.802993774414,756.4733219146729
1702657091134,1163.1417846679688,760.3374195098877
1702657091145,1165.3852462768555,762.8156518936157
1702657091156,1162.095069885254,765.8591222763062
1702657091167,1165.655403137207,759.7297811508179
1702657091178,1160.7605361938477,755.608491897583
1702657091189,1161.8911361694336,759.199948310852
1702657091200,1159.7555923461914,762.8487396240234
1702657091238,1158.500633239746,757.0857238769531
1702657091245,1166.009635925293,757.1958017349243
1702657091257,1161.698341369629,760.3896474838257
1702657091267,1164.2380142211914,763.1856679916382
1702657091278,1159.9784088134766,762.7519226074219
1702657091289,1173.0057907104492,770.0485610961914
1702657091300,1172.8102111816406,774.7985601425171
1702657091312,1179.408836364746,781.1571550369263
1702657091323,1167.6213455200195,773.2532644271851
1702657091334,1169.1213607788086,753.790340423584
1702657091345,1175.1702880859375,676.7421698570251
1702657091356,1176.539077758789,650.3660345077515
1702657091390,1172.9003524780273,643.8146424293518
1702657091408,1170.4656600952148,678.056001663208
1702657091411,1169.1868591308594,677.1678042411804
1702657091423,1171.2894439697266,674.2456769943237
1702657091434,1175.6279373168945,667.7418351173401
1702657091444,1175.186996459961,666.3568925857544
1702657091455,1174.6297454833984,666.9483947753906
1702657091466,1154.7232055664062,669.9788403511047
1702657091477,1061.3150787353516,712.786853313446
1702657091488,1000.8047866821289,722.1178078651428
1702657091522,602.3835945129395,810.6420135498047
1702657091537,478.53097915649414,840.7539510726929
1702657091544,474.2626953125,837.5194644927979
1702657091556,469.8200988769531,841.1071872711182
1702657091567,464.36235427856445,837.1000957489014
1702657091578,462.90836334228516,841.9085884094238
1702657091589,467.0680809020996,833.0224084854126
1702657091600,469.0643501281738,836.0415029525757
1702657091612,468.14348220825195,827.6197957992554
1702657091622,465.8260726928711,832.7113151550293
1702657091657,463.66472244262695,834.4799423217773
1702657091658,470.4597854614258,843.8001680374146
1702657091673,473.3257484436035,841.2337875366211
1702657091678,473.3726119995117,840.0700092315674
1702657091690,469.2846870422363,843.1745052337646
1702657091700,469.7835922241211,843.5371828079224
1702657091711,492.34628677368164,845.9310436248779
1702657091723,537.5581741333008,844.3579816818237
1702657091734,561.866569519043,837.9925632476807
1702657091744,617.9584693908691,833.0000495910645
1702657091755,606.5711402893066,830.3635454177856
1702657091792,606.8405723571777,834.1552877426147
1702657091793,609.2441558837891,840.4067230224609
1702657091800,609.7740936279297,844.9318027496338
1702657091811,609.0417861938477,840.3289175033569
1702657091822,605.1886367797852,834.181981086731
1702657091833,605.2570343017578,836.2878370285034
1702657091844,609.6270942687988,834.4729471206665
1702657091855,614.9283981323242,841.9104766845703
1702657091866,616.3248825073242,841.758599281311
1702657091877,612.6740264892578,844.363603591919
1702657091888,610.3239250183105,842.3072290420532
1702657091900,614.9432563781738,841.0685205459595
1702657091938,621.0111427307129,838.8687229156494
1702657091944,619.1811943054199,846.0439538955688
1702657091955,622.4333763122559,848.4900426864624
1702657091967,620.311336517334,846.3342761993408
1702657091978,619.6291160583496,851.1086082458496
1702657091989,615.1599502563477,852.1269035339355
1702657092000,614.1631889343262,850.388617515564
1702657092011,619.1524505615234,847.3421430587769
1702657092022,618.530158996582,843.9503717422485
1702657092033,617.1101760864258,846.4631080627441
1702657092044,615.4619598388672,845.4967403411865
1702657092056,617.7008628845215,845.8077478408813
1702657092088,619.8251342773438,849.0288877487183
1702657092089,626.677417755127,849.2085313796997
1702657092103,626.9245529174805,840.9800291061401
1702657092111,622.8160285949707,838.8676500320435
1702657092122,622.6994132995605,844.9039077758789
1702657092132,620.7352638244629,849.9081373214722
1702657092143,617.9732894897461,858.0156183242798
1702657092155,613.674259185791,848.936448097229
1702657092166,612.048225402832,843.1983232498169
1702657092177,606.8258285522461,836.612491607666
1702657092188,610.2864837646484,835.5822658538818
1702657092225,611.7361450195312,837.6441335678101
1702657092226,606.9567108154297,836.566743850708
1702657092233,596.4301300048828,837.0333194732666
1702657092244,599.2049598693848,842.8422117233276
1702657092257,602.0222854614258,844.3570804595947
1702657092267,610.4710960388184,846.9811391830444
1702657092277,609.5558929443359,839.8241901397705
1702657092288,608.4243202209473,833.6193180084229
1702657092299,603.4247779846191,833.6012935638428
1702657092310,609.2368507385254,835.666766166687
1702657092321,612.4846649169922,841.8471765518188
1702657092333,618.6007690429688,845.0440263748169
1702657092350,615.7134056091309,842.2362470626831
1702657092372,692.4211502075195,895.4394721984863
1702657092373,800.3091430664062,984.913330078125
1702657092377,1301.3433074951172,1377.1246004104614
1702657092389,nan,nan
1702657092399,nan,nan
1702657092410,nan,nan
1702657092420,nan,nan
1702657092431,nan,nan
1702657092442,nan,nan
1702657092453,nan,nan
1702657092464,nan,nan
1702657092507,nan,nan
1702657092508,nan,nan
1702657092525,nan,nan
1702657092530,nan,nan
1702657092541,nan,nan
1702657092552,nan,nan
1702657092563,nan,nan
1702657092575,nan,nan
1702657092586,nan,nan
1702657092597,nan,nan
1702657092608,nan,nan
1702657092619,nan,nan
1702657092657,nan,nan
1702657092662,nan,nan
1702657092675,nan,nan
1702657092686,nan,nan
1702657092696,nan,nan
1702657092707,nan,nan
1702657092718,nan,nan
1702657092729,nan,nan
1702657092740,nan,nan
1702657092752,nan,nan
1702657092763,nan,nan
1702657092807,nan,nan
1702657092808,nan,nan
1702657092825,nan,nan
1702657092830,nan,nan
1702657092842,nan,nan
1702657092853,nan,nan
1702657092864,nan,nan
1702657092875,nan,nan
1702657092886,nan,nan
1702657092897,nan,nan
1702657092940,nan,nan
1702657092941,nan,nan
1702657092942,nan,nan
1702657092956,nan,nan
1702657092964,1190.8414459228516,927.4471950531006
1702657092977,1176.4958953857422,872.6063632965088
1702657092987,1177.7785110473633,885.0754594802856
1702657092998,1174.1859817504883,878.2838487625122
1702657093010,1179.7040939331055,876.7075252532959
1702657093021,1182.0224380493164,875.3453493118286
1702657093031,1177.9705810546875,876.4284038543701
1702657093043,1173.8607025146484,875.5806112289429
1702657093054,1174.9742889404297,877.9096698760986
1702657093088,1173.8432312011719,878.1505966186523
1702657093089,1174.4623184204102,868.6296558380127
1702657093103,1181.1488342285156,769.6776008605957
1702657093110,1177.536277770996,684.3912720680237
1702657093123,1183.2403564453125,690.7178950309753
1702657093132,1182.2007751464844,692.7955555915833
1702657093143,1180.985107421875,669.8399877548218
1702657093154,1175.543098449707,672.1107888221741
1702657093165,1172.5382995605469,673.2327246665955
1702657093178,1168.7011337280273,678.393337726593
1702657093188,1167.123794555664,676.2981247901917
1702657093226,1172.0267868041992,678.8079214096069
1702657093232,1174.5586013793945,674.7603821754456
1702657093244,1172.8876876831055,676.607608795166
1702657093256,1178.0034637451172,680.4400134086609
1702657093265,1177.5903701782227,681.0174608230591
1702657093277,1177.8586196899414,684.8004269599915
1702657093288,1178.230972290039,687.4442481994629
1702657093299,1177.5857162475586,692.821261882782
1702657093310,1183.5919570922852,692.7459454536438
1702657093321,1177.8875350952148,687.7562427520752
1702657093332,1182.0385360717773,681.0817694664001
1702657093375,1177.6896286010742,681.7500686645508
1702657093377,1179.3532943725586,685.2337002754211
1702657093392,1176.3519287109375,681.1164450645447
1702657093399,1176.680908203125,677.3240160942078
1702657093410,1172.8731536865234,678.9957404136658
1702657093420,1173.3216857910156,683.2951927185059
1702657093431,1176.158103942871,688.7479090690613
1702657093443,1178.8461303710938,694.3002104759216
1702657093454,1180.7072067260742,692.3439574241638
1702657093465,1175.429458618164,685.6059694290161
1702657093476,1176.5581130981445,679.1087794303894
1702657093487,1176.7239379882812,679.3033361434937
1702657093527,1176.9160461425781,682.9821681976318
1702657093528,1176.3874816894531,686.0042881965637
1702657093532,1171.384162902832,685.1873517036438
1702657093543,1172.9413223266602,688.2703471183777
1702657093554,1176.1334991455078,694.3097162246704
1702657093565,1181.718978881836,693.4212398529053
1702657093576,1178.9143753051758,688.2798314094543
1702657093587,1180.2659225463867,687.2234487533569
1702657093598,1175.8288955688477,685.5735898017883
1702657093610,1178.21533203125,699.9084949493408
1702657093621,1177.4201583862305,701.2894248962402
1702657093632,1176.1578369140625,702.5668001174927
1702657093653,1177.5867080688477,688.1985068321228
1702657093674,1182.3550033569336,689.1112089157104
1702657093676,1183.5410690307617,704.1174817085266
1702657093690,1187.0183181762695,706.5843415260315
1702657093698,1180.2252578735352,706.1988544464111
1702657093710,1177.7962493896484,706.5930104255676
1702657093721,1171.09619140625,706.6016793251038
1702657093731,1196.2049102783203,709.9935364723206
1702657093743,1581.7974853515625,788.370795249939
1702657093754,1763.3020782470703,830.6734800338745
1702657093764,1815.5967712402344,832.693076133728
1702657093774,2230.13916015625,1044.027500152588
1702657093811,nan,nan
1702657093812,nan,nan
1702657093818,nan,nan
1702657093829,nan,nan
1702657093842,nan,nan
1702657093850,nan,nan
1702657093867,nan,nan
1702657093888,nan,nan
1702657093900,nan,nan
1702657093909,nan,nan
1702657093920,nan,nan
1702657093961,nan,nan
1702657093962,nan,nan
1702657093966,nan,nan
1702657093977,nan,nan
1702657093986,nan,nan
1702657094000,nan,nan
1702657094009,nan,nan
1702657094019,nan,nan
1702657094033,nan,nan
1702657094042,nan,nan
1702657094053,nan,nan
1702657094066,nan,nan
1702657094075,nan,nan
1702657094111,nan,nan
1702657094120,nan,nan
1702657094134,nan,nan
1702657094143,nan,nan
1702657094153,nan,nan
1702657094168,nan,nan
1702657094176,nan,nan
1702657094187,nan,nan
1702657094202,nan,nan
1702657094210,nan,nan
1702657094220,nan,nan
1702657094260,nan,nan
1702657094261,nan,nan
1702657094269,nan,nan
1702657094277,nan,nan
1702657094288,nan,nan
1702657094303,nan,nan
1702657094311,nan,nan
1702657094322,nan,nan
1702657094336,nan,nan
1702657094344,nan,nan
1702657094355,nan,nan
1702657094370,nan,nan
1702657094377,nan,nan
1702657094412,nan,nan
1702657094413,nan,nan
1702657094429,nan,nan
1702657094436,nan,nan
1702657094445,nan,nan
1702657094455,nan,nan
1702657094470,nan,nan
1702657094479,nan,nan
1702657094488,nan,nan
1702657094504,nan,nan
1702657094513,nan,nan
1702657094522,nan,nan
1702657094559,nan,nan
1702657094560,nan,nan
1702657094577,nan,nan
1702657094578,nan,nan
1702657094590,nan,nan
1702657094603,nan,nan
1702657094611,nan,nan
1702657094621,nan,nan
1702657094636,nan,nan
1702657094645,nan,nan
1702657094656,nan,nan
1702657094692,nan,nan
1702657094693,nan,nan
1702657094709,nan,nan
1702657094711,nan,nan
1702657094721,nan,nan
1702657094734,nan,nan
1702657094743,nan,nan
1702657094754,nan,nan
1702657094767,nan,nan
1702657094777,nan,nan
1702657094788,nan,nan
1702657094801,nan,nan
1702657094821,nan,nan
1702657094842,nan,nan
1702657094844,nan,nan
1702657094858,nan,nan
1702657094868,nan,nan
1702657094877,nan,nan
1702657094888,nan,nan
1702657094901,nan,nan
1702657094910,nan,nan
1702657094922,nan,nan
1702657094935,nan,nan
1702657094944,nan,nan
1702657094976,nan,nan
1702657094977,nan,nan
1702657094992,nan,nan
1702657095001,nan,nan
1702657095010,nan,nan
1702657095022,nan,nan
1702657095035,nan,nan
1702657095043,nan,nan
1702657095056,nan,nan
1702657095068,nan,nan
1702657095077,nan,nan
1702657095089,nan,nan
1702657095129,nan,nan
1702657095136,nan,nan
1702657095147,nan,nan
1702657095155,nan,nan
1702657095168,nan,nan
1702657095177,nan,nan
1702657095188,nan,nan
1702657095202,nan,nan
1702657095210,nan,nan
1702657095222,nan,nan
1702657095235,nan,nan
1702657095244,nan,nan
1702657095279,nan,nan
1702657095280,nan,nan
1702657095288,nan,nan
1702657095300,nan,nan
1702657095311,nan,nan
1702657095321,nan,nan
1702657095334,nan,nan
1702657095343,nan,nan
1702657095354,nan,nan
1702657095367,nan,nan
1702657095377,nan,nan
1702657095388,nan,nan
1702657095429,nan,nan
1702657095430,nan,nan
1702657095434,nan,nan
1702657095448,nan,nan
1702657095455,nan,nan
1702657095467,nan,nan
1702657095477,nan,nan
1702657095488,nan,nan
1702657095501,nan,nan
1702657095509,nan,nan
1702657095521,nan,nan
1702657095534,nan,nan
1702657095543,nan,nan
1702657095579,nan,nan
1702657095580,nan,nan
1702657095588,nan,nan
1702657095601,nan,nan
1702657095611,nan,nan
1702657095622,nan,nan
1702657095633,nan,nan
1702657095642,nan,nan
1702657095655,nan,nan
1702657095667,nan,nan
1702657095676,nan,nan
1702657095688,nan,nan
1702657095728,nan,nan
1702657095729,nan,nan
1702657095735,nan,nan
1702657095745,nan,nan
1702657095755,nan,nan
1702657095768,nan,nan
1702657095776,nan,nan
1702657095788,nan,nan
1702657095801,nan,nan
1702657095810,nan,nan
1702657095822,nan,nan
1702657095834,nan,nan
1702657095843,nan,nan
1702657095877,nan,nan
1702657095896,nan,nan
1702657095903,nan,nan
1702657095911,nan,nan
1702657095922,nan,nan
1702657095934,nan,nan
1702657095944,nan,nan
1702657095954,nan,nan
1702657095968,nan,nan
1702657095977,nan,nan
1702657095988,nan,nan
1702657096007,nan,nan
1702657096027,nan,nan
1702657096028,nan,nan
1702657096033,nan,nan
1702657096044,nan,nan
1702657096054,nan,nan
1702657096066,nan,nan
1702657096077,nan,nan
1702657096087,nan,nan
1702657096100,nan,nan
1702657096110,nan,nan
1702657096121,nan,nan
1702657096161,nan,nan
1702657096162,nan,nan
1702657096167,nan,nan
1702657096177,nan,nan
1702657096187,nan,nan
1702657096201,nan,nan
1702657096210,nan,nan
1702657096221,nan,nan
1702657096234,nan,nan
1702657096243,nan,nan
1702657096254,nan,nan
1702657096268,nan,nan
1702657096276,nan,nan
1702657096309,nan,nan
1702657096310,nan,nan
1702657096325,nan,nan
1702657096333,nan,nan
1702657096343,nan,nan
1702657096354,nan,nan
1702657096367,nan,nan
1702657096374,nan,nan
1702657096386,nan,nan
1702657096399,nan,nan
1702657096408,nan,nan
1702657096454,nan,nan
1702657096455,nan,nan
1702657096470,nan,nan
1702657096475,nan,nan
1702657096486,nan,nan
1702657096499,nan,nan
1702657096508,nan,nan
1702657096519,nan,nan
1702657096532,nan,nan
1702657096541,nan,nan
1702657096552,nan,nan
1702657096575,nan,nan
1702657096594,nan,nan
1702657096600,nan,nan
1702657096611,nan,nan
1702657096619,nan,nan
1702657096633,nan,nan
1702657096642,nan,nan
1702657096652,nan,nan
1702657096666,nan,nan
1702657096675,nan,nan
1702657096686,nan,nan
1702657096726,nan,nan
1702657096733,nan,nan
1702657096742,nan,nan
1702657096751,nan,nan
1702657096765,nan,nan
1702657096773,nan,nan
1702657096785,nan,nan
1702657096799,nan,nan
1702657096807,nan,nan
1702657096818,nan,nan
1702657096832,nan,nan
1702657096840,nan,nan
1702657096880,nan,nan
1702657096881,nan,nan
1702657096885,nan,nan
1702657096899,nan,nan
1702657096907,nan,nan
1702657096918,nan,nan
1702657096932,nan,nan
1702657096939,nan,nan
1702657096951,nan,nan
1702657096964,nan,nan
1702657096973,nan,nan
1702657096984,nan,nan
1702657097028,nan,nan
1702657097029,nan,nan
1702657097031,nan,nan
1702657097045,nan,nan
1702657097051,nan,nan
1702657097065,nan,nan
1702657097073,nan,nan
1702657097085,nan,nan
1702657097098,nan,nan
1702657097107,nan,nan
1702657097118,nan,nan
1702657097132,nan,nan
1702657097140,nan,nan
1702657097179,nan,nan
1702657097180,nan,nan
1702657097185,nan,nan
1702657097197,nan,nan
1702657097208,nan,nan
1702657097217,nan,nan
1702657097229,nan,nan
1702657097239,nan,nan
1702657097251,nan,nan
1702657097262,nan,nan
1702657097273,nan,nan
1702657097284,nan,nan
1702657097306,nan,nan
1702657097330,nan,nan
1702657097335,nan,nan
1702657097351,nan,nan
1702657097362,nan,nan
1702657097373,nan,nan
1702657097384,nan,nan
1702657097395,nan,nan
1702657097406,nan,nan
1702657097418,nan,nan
1702657097428,nan,nan
1702657097447,nan,nan
1702657097479,nan,nan
1702657097495,nan,nan
1702657097511,nan,nan
1702657097520,nan,nan
1702657097532,1155.1998138427734,730.6501293182373
1702657097543,1155.1998138427734,730.6501293182373
1702657097554,1172.7871704101562,728.0324649810791
1702657097565,1185.362777709961,734.6838283538818
1702657097577,1185.362777709961,734.6838283538818
1702657097588,1180.8160400390625,742.1959018707275
1702657097628,1178.7921905517578,746.5221118927002
1702657097629,1159.7026062011719,670.309910774231
1702657097632,1146.8097686767578,655.4719734191895
1702657097645,1137.6680755615234,695.5552911758423
1702657097654,1142.0794677734375,677.074785232544
1702657097665,1146.1642456054688,624.4455099105835
1702657097677,1153.6613464355469,624.7165203094482
1702657097688,1158.7818908691406,624.6273422241211
1702657097699,1162.5371551513672,637.7578926086426
1702657097711,1170.102310180664,625.6891965866089
1702657097722,1174.387435913086,634.4089508056641
1702657097733,1175.9169006347656,635.9394836425781
1702657097743,1166.1076354980469,645.238037109375
1702657097779,1159.6621704101562,635.4579305648804
1702657097780,1150.8847045898438,634.307370185852
1702657097794,1142.894058227539,635.881462097168
1702657097798,1144.610595703125,630.0773763656616
1702657097811,1148.5812377929688,632.6109266281128
1702657097822,1156.2648010253906,637.0638656616211
1702657097834,1155.8211135864258,681.4141488075256
1702657097845,1169.605712890625,663.9914846420288
1702657097856,1169.8099517822266,657.0357012748718
1702657097867,1171.1286163330078,651.4073753356934
1702657097878,1172.0072555541992,641.9719004631042
1702657097917,1173.0297470092773,649.0513443946838
1702657097918,1175.4991912841797,643.6833214759827
1702657097923,1182.2629165649414,655.3545355796814
1702657097934,1181.0973739624023,668.2706594467163
1702657097945,1177.6737213134766,660.4803442955017
1702657097956,1173.9594268798828,663.069748878479
1702657097967,1173.657341003418,665.5187129974365
1702657097979,1178.230857849121,668.5017371177673
1702657097990,1182.166976928711,662.165629863739
1702657098001,1183.363265991211,651.9674849510193
1702657098012,1177.6550674438477,648.4490489959717
1702657098023,1175.4205703735352,647.7889466285706
1702657098063,1174.6647644042969,652.8739857673645
1702657098067,1183.6846923828125,663.8033223152161
1702657098079,1178.542594909668,665.6074833869934
1702657098091,1185.8412551879883,690.7796716690063
1702657098101,1192.1124649047852,740.1395487785339
1702657098111,1226.6485595703125,870.0757741928101
1702657098122,1224.7449111938477,894.6559238433838
1702657098133,1223.5784912109375,897.349591255188
1702657098144,1225.9452056884766,904.0067481994629
1702657098156,1230.481834411621,909.98459815979
1702657098167,1235.0149154663086,913.2726860046387
1702657098178,1234.388313293457,915.0074529647827
1702657098214,1237.7505493164062,915.6073236465454
1702657098215,1234.070701599121,908.4374570846558
1702657098223,1235.2420043945312,917.15163230896
1702657098233,1235.2727890014648,920.9439754486084
1702657098246,1232.6940155029297,916.4552021026611
1702657098256,1238.2981872558594,921.0766696929932
1702657098267,1239.032974243164,922.175989151001
1702657098278,1241.6505813598633,921.372184753418
1702657098290,1231.8360137939453,916.0486650466919
1702657098300,1232.6599884033203,916.0801649093628
1702657098312,1253.3014297485352,912.8700971603394
1702657098323,1301.7040252685547,914.0037488937378
1702657098362,1399.9307250976562,908.8780689239502
1702657098363,1742.9203033447266,914.2277669906616
1702657098367,1891.226577758789,920.4440116882324
1702657098378,1920.2086639404297,927.8190565109253
1702657098390,1921.3372802734375,924.8079872131348
1702657098401,1916.3574981689453,929.2023468017578
1702657098412,1918.341293334961,933.5579538345337
1702657098423,1920.5219268798828,940.4944038391113
1702657098434,1918.1749725341797,940.11559009552
1702657098445,1919.6049499511719,935.1359510421753
1702657098456,1917.8858947753906,930.9404182434082
1702657098467,1923.5379028320312,927.4293422698975
1702657098479,1922.7363586425781,937.7859306335449
1702657098513,1927.712173461914,942.0068693161011
1702657098514,1942.7996063232422,959.6918964385986
1702657098529,1980.2250671386719,992.4334716796875
1702657098533,1980.2298736572266,984.730167388916
1702657098546,1989.9917602539062,988.5885572433472
1702657098556,1990.3326416015625,989.0610122680664
1702657098567,1985.6797790527344,1000.045108795166
1702657098578,1985.61279296875,1000.4783391952515
1702657098589,1987.2716522216797,1006.7702865600586
1702657098600,1994.2020416259766,998.417329788208
1702657098611,1988.5338592529297,994.7238206863403
1702657098622,1984.9923706054688,988.4963321685791
1702657098663,1976.8254852294922,987.1694755554199
1702657098664,1970.0887298583984,988.8271236419678
1702657098667,1977.760238647461,987.4855470657349
1702657098679,1988.6888122558594,985.2281141281128
1702657098689,1982.5173950195312,984.9659013748169
1702657098700,1984.0345001220703,982.6265859603882
1702657098711,1979.822006225586,982.4114942550659
1702657098722,1984.8176574707031,986.5908908843994
1702657098733,1957.1625518798828,989.8882055282593
1702657098745,1802.2679901123047,966.9257497787476
1702657098756,1685.5429077148438,946.650652885437
1702657098767,1547.607421875,921.4294338226318
1702657098778,1304.4080352783203,879.9398231506348
1702657098813,1265.3440475463867,874.0165615081787
1702657098814,1263.2999420166016,875.1108598709106
1702657098829,1257.9784393310547,877.4433946609497
1702657098834,1255.5387496948242,874.9288988113403
1702657098846,1253.8677597045898,880.3552865982056
1702657098856,1261.0911178588867,882.9397344589233
1702657098867,1259.1583633422852,887.5975513458252
1702657098877,1253.3869552612305,877.1786069869995
1702657098888,1255.683937072754,882.3317956924438
1702657098899,1265.4699325561523,882.2676372528076
1702657098911,1268.6644744873047,884.5791006088257
1702657098922,1263.5059356689453,872.7889251708984
1702657098943,1257.9485321044922,879.4994258880615
1702657098966,1263.3787155151367,886.91077709198
1702657098982,1268.221092224121,876.6522932052612
1702657098989,1263.2402420043945,870.2440023422241
1702657099001,1248.4370803833008,867.4498701095581
1702657099011,1190.5571746826172,865.8346223831177
1702657099022,1176.8223190307617,867.1474027633667
1702657099033,1174.8710250854492,869.2907667160034
1702657099044,1191.6614151000977,874.9500560760498
1702657099056,1186.0691833496094,875.7339477539062
1702657099066,1184.3720626831055,878.582239151001
1702657099078,1180.8216857910156,880.2366256713867
1702657099116,1181.912841796875,877.8507471084595
1702657099117,1183.6754608154297,878.3696365356445
1702657099122,1181.3685607910156,876.4306354522705
1702657099133,1182.6111602783203,875.4431104660034
1702657099145,1186.2203979492188,888.0283355712891
1702657099156,1217.552490234375,891.060733795166
1702657099166,1254.008560180664,902.0500659942627
1702657099178,1735.785140991211,958.3153009414673
1702657099189,1892.2993469238281,978.1539487838745
1702657099199,1944.1148376464844,978.3218765258789
1702657099211,1968.6775207519531,986.9812917709351
1702657099222,1961.8818664550781,996.158652305603
1702657099264,1966.0078430175781,998.395185470581
1702657099265,1993.0609130859375,948.6208534240723
1702657099280,2012.926025390625,1043.7296676635742
1702657099287,2014.1069030761719,1051.5669536590576
1702657099297,2021.7842102050781,1104.065294265747
1702657099309,nan,nan
1702657099320,nan,nan
1702657099331,nan,nan
1702657099342,nan,nan
1702657099352,nan,nan
1702657099363,nan,nan
1702657099374,nan,nan
1702657099395,nan,nan
1702657099418,nan,nan
1702657099434,nan,nan
1702657099443,nan,nan
1702657099455,nan,nan
1702657099466,nan,nan
1702657099476,nan,nan
1702657099488,nan,nan
1702657099500,nan,nan
1702657099510,nan,nan
1702657099522,nan,nan
1702657099564,nan,nan
1702657099566,nan,nan
1702657099581,nan,nan
1702657099589,nan,nan
1702657099601,nan,nan
1702657099609,nan,nan
1702657099621,nan,nan
1702657099632,nan,nan
1702657099642,nan,nan
1702657099654,nan,nan
1702657099666,nan,nan
1702657099676,nan,nan
1702657099694,nan,nan
1702657099715,nan,nan
1702657099716,nan,nan
1702657099721,nan,nan
1702657099733,nan,nan
1702657099743,nan,nan
1702657099754,nan,nan
1702657099766,nan,nan
1702657099776,nan,nan
1702657099788,nan,nan
1702657099799,nan,nan
1702657099809,nan,nan
1702657099821,nan,nan
1702657099833,nan,nan
1702657099868,nan,nan
1702657099876,nan,nan
1702657099888,nan,nan
1702657099900,nan,nan
1702657099909,nan,nan
1702657099921,nan,nan
1702657099933,nan,nan
1702657099943,nan,nan
1702657099955,nan,nan
1702657099967,nan,nan
1702657099976,nan,nan
1702657100015,nan,nan
1702657100016,nan,nan
1702657100021,nan,nan
1702657100034,nan,nan
1702657100042,nan,nan
1702657100054,nan,nan
1702657100066,nan,nan
1702657100076,nan,nan
1702657100087,nan,nan
1702657100099,nan,nan
1702657100109,nan,nan
1702657100121,nan,nan
1702657100132,nan,nan
1702657100163,nan,nan
1702657100165,nan,nan
1702657100181,nan,nan
1702657100188,nan,nan
1702657100199,nan,nan
1702657100210,nan,nan
1702657100221,nan,nan
1702657100233,nan,nan
1702657100243,nan,nan
1702657100255,nan,nan
1702657100297,nan,nan
1702657100298,nan,nan
1702657100299,nan,nan
1702657100313,nan,nan
1702657100322,nan,nan
1702657100342,nan,nan
1702657100355,nan,nan
1702657100366,2127.7825927734375,1127.3268699645996
1702657100377,2127.7825927734375,1127.3268699645996
1702657100388,2127.7825927734375,1127.3268699645996
1702657100400,1888.6306762695312,1022.9967498779297
1702657100411,1888.6306762695312,1022.9967498779297
1702657100449,1939.3873596191406,1012.6079750061035
1702657100450,1955.3561401367188,1015.1579189300537
1702657100456,1950.5274963378906,1017.6739597320557
1702657100468,1951.7167663574219,1012.2696304321289
1702657100478,1949.4140625,1003.8063812255859
1702657100489,1950.8103942871094,1000.5429267883301
1702657100500,1963.2875061035156,999.9979019165039
1702657100512,1966.3819885253906,1005.7796287536621
1702657100523,1963.6361694335938,1007.8988742828369
1702657100534,1950.2156066894531,1014.4735050201416
1702657100545,1946.3059997558594,1012.9161071777344
1702657100556,1943.2086181640625,1007.9470252990723
1702657100578,1963.8908386230469,987.8037643432617
1702657100600,1966.7103576660156,951.7612266540527
1702657100601,1974.0950012207031,944.9314212799072
1702657100618,1965.04150390625,949.7506427764893
1702657100622,1965.04150390625,949.7506427764893
1702657100634,1973.604736328125,954.3902206420898
1702657100646,1969.8780822753906,960.1750373840332
1702657100656,1969.8780822753906,960.1750373840332
1702657100667,1972.1519470214844,944.9424076080322
1702657100678,1976.4224243164062,955.788402557373
1702657100689,1976.4224243164062,955.788402557373
1702657100701,1889.4667053222656,968.2831192016602
1702657100712,1532.6504516601562,895.4365539550781
1702657100748,1532.6504516601562,895.4365539550781
1702657100749,1427.3344421386719,876.9570350646973
1702657100755,1265.4502868652344,875.3539752960205
1702657100767,1268.645248413086,876.1929702758789
1702657100778,1249.4111633300781,868.5249423980713
1702657100788,1249.4111633300781,868.5249423980713
1702657100800,1252.5022888183594,862.2242832183838
1702657100811,1261.9609069824219,879.5828533172607
1702657100822,1273.5198974609375,889.9843311309814
1702657100833,1269.1680908203125,889.8191070556641
1702657100845,1272.8980255126953,882.9455280303955
1702657100856,1274.6418762207031,879.944543838501
1702657100867,1278.7532043457031,887.0444583892822
1702657100899,1265.79833984375,882.0482540130615
1702657100900,1262.9554748535156,879.7767448425293
1702657100915,1264.0129852294922,887.0234298706055
1702657100922,1258.8935852050781,882.53173828125
1702657100934,1259.525375366211,881.612491607666
1702657100944,1264.9418640136719,887.3678684234619
1702657100956,1267.438735961914,883.5623931884766
1702657100967,1265.151596069336,886.7341804504395
1702657100978,1269.1445922851562,881.086950302124
1702657100989,1278.0009460449219,894.5097541809082
1702657101000,1280.2339172363281,895.3076362609863
1702657101032,1256.073989868164,896.6878795623779
1702657101034,1212.4125671386719,879.4451808929443
1702657101049,1198.5794830322266,874.885425567627
1702657101056,1196.8144226074219,873.2050323486328
1702657101069,1193.282699584961,867.5943660736084
1702657101078,1192.2647094726562,870.0888633728027
1702657101089,1206.3166809082031,874.9982929229736
1702657101101,1205.9243774414062,873.2778167724609
1702657101111,1197.529296875,866.9393920898438
1702657101122,1182.4519348144531,857.4473762512207
1702657101133,1183.6636352539062,854.8862743377686
1702657101144,1193.487777709961,852.0422744750977
1702657101164,1196.5972137451172,862.6112079620361
1702657101184,1198.997802734375,863.3183670043945
1702657101185,1191.8133544921875,864.2171001434326
1702657101191,1180.3186416625977,886.3210773468018
1702657101202,1172.4778366088867,881.4435768127441
1702657101213,1160.6096267700195,879.2162275314331
1702657101224,1159.617691040039,872.9483127593994
1702657101235,1156.5718841552734,879.8916721343994
1702657101246,1156.7482376098633,884.2038917541504
1702657101257,1153.6549758911133,884.2305421829224
1702657101268,1152.300796508789,878.5058498382568
1702657101280,1148.8837432861328,873.4453582763672
1702657101291,1148.6230087280273,874.1611862182617
1702657101332,1152.8203964233398,876.3826560974121
1702657101335,1153.9361572265625,882.6679086685181
1702657101347,1153.3397674560547,878.7501668930054
1702657101358,1158.1729888916016,883.8748168945312
1702657101369,1159.6943283081055,886.0259056091309
1702657101380,1163.8103866577148,887.7019214630127
1702657101391,1156.6394805908203,882.3069906234741
1702657101402,1156.8990325927734,880.8750343322754
1702657101413,1156.108741760254,887.3459386825562
1702657101424,1158.9532852172852,890.4094076156616
1702657101435,1155.690040588379,880.89280128479
1702657101446,1236.6962432861328,888.5845613479614
1702657101481,1257.2515869140625,883.2098007202148
1702657101482,1302.3089599609375,893.4581995010376
1702657101488,nan,nan
1702657101499,nan,nan
1702657101512,nan,nan
1702657101522,nan,nan
1702657101533,nan,nan
1702657101543,nan,nan
1702657101554,nan,nan
1702657101565,nan,nan
1702657101575,nan,nan
1702657101622,nan,nan
1702657101623,nan,nan
1702657101624,nan,nan
1702657101638,nan,nan
1702657101646,nan,nan
1702657101658,nan,nan
1702657101669,nan,nan
1702657101679,nan,nan
1702657101691,nan,nan
1702657101702,nan,nan
1702657101712,nan,nan
1702657101723,nan,nan
1702657101742,nan,nan
1702657101767,nan,nan
1702657101768,nan,nan
1702657101769,nan,nan
1702657101784,nan,nan
1702657101791,nan,nan
1702657101803,nan,nan
1702657101812,nan,nan
1702657101824,nan,nan
1702657101835,nan,nan
1702657101846,nan,nan
1702657101856,nan,nan
1702657101867,nan,nan
1702657101878,nan,nan
1702657101915,nan,nan
1702657101923,nan,nan
1702657101934,nan,nan
1702657101946,nan,nan
1702657101957,nan,nan
1702657101967,nan,nan
1702657101978,nan,nan
1702657101990,nan,nan
1702657102001,nan,nan
1702657102011,nan,nan
1702657102024,nan,nan
1702657102035,nan,nan
1702657102067,nan,nan
1702657102068,nan,nan
1702657102085,nan,nan
1702657102090,nan,nan
1702657102102,nan,nan
1702657102112,nan,nan
1702657102124,nan,nan
1702657102135,nan,nan
1702657102145,nan,nan
1702657102157,nan,nan
1702657102168,nan,nan
1702657102179,nan,nan
1702657102219,nan,nan
1702657102224,nan,nan
1702657102236,nan,nan
1702657102244,nan,nan
1702657102256,nan,nan
1702657102267,nan,nan
1702657102278,nan,nan
1702657102290,nan,nan
1702657102301,nan,nan
1702657102311,nan,nan
1702657102323,nan,nan
1702657102366,nan,nan
1702657102367,nan,nan
1702657102368,nan,nan
1702657102382,nan,nan
1702657102390,nan,nan
1702657102402,nan,nan
1702657102412,nan,nan
1702657102423,nan,nan
1702657102435,nan,nan
1702657102445,nan,nan
1702657102456,nan,nan
1702657102470,nan,nan
1702657102479,nan,nan
1702657102518,nan,nan
1702657102519,nan,nan
1702657102523,nan,nan
1702657102537,nan,nan
1702657102546,nan,nan
1702657102557,nan,nan
1702657102571,nan,nan
1702657102579,nan,nan
1702657102590,nan,nan
1702657102604,nan,nan
1702657102612,nan,nan
1702657102622,nan,nan
1702657102665,nan,nan
1702657102671,nan,nan
1702657102680,nan,nan
1702657102689,nan,nan
1702657102703,nan,nan
1702657102712,nan,nan
1702657102723,nan,nan
1702657102737,nan,nan
1702657102745,nan,nan
1702657102756,nan,nan
1702657102798,nan,nan
1702657102799,nan,nan
1702657102804,nan,nan
1702657102814,nan,nan
1702657102823,nan,nan
1702657102836,nan,nan
1702657102845,nan,nan
1702657102856,nan,nan
1702657102870,nan,nan
1702657102879,nan,nan
1702657102890,nan,nan
1702657102903,nan,nan
1702657102912,nan,nan
1702657102954,nan,nan
1702657102956,nan,nan
1702657102971,nan,nan
1702657102979,nan,nan
1702657102990,nan,nan
1702657103003,nan,nan
1702657103013,nan,nan
1702657103022,nan,nan
1702657103036,nan,nan
1702657103045,nan,nan
1702657103056,nan,nan
1702657103098,nan,nan
1702657103099,nan,nan
1702657103103,nan,nan
1702657103115,nan,nan
1702657103123,nan,nan
1702657103137,nan,nan
1702657103146,nan,nan
1702657103156,nan,nan
1702657103170,nan,nan
1702657103180,nan,nan
1702657103189,nan,nan
1702657103203,nan,nan
1702657103212,nan,nan
1702657103252,nan,nan
1702657103253,nan,nan
1702657103256,nan,nan
1702657103271,nan,nan
1702657103279,nan,nan
1702657103290,nan,nan
1702657103302,nan,nan
1702657103312,nan,nan
1702657103323,nan,nan
1702657103336,nan,nan
1702657103346,nan,nan
1702657103356,nan,nan
1702657103370,nan,nan
1702657103401,nan,nan
1702657103402,nan,nan
1702657103403,nan,nan
1702657103419,nan,nan
1702657103422,nan,nan
1702657103435,nan,nan
1702657103445,nan,nan
1702657103455,nan,nan
1702657103468,nan,nan
1702657103478,nan,nan
1702657103489,nan,nan
1702657103533,nan,nan
1702657103535,nan,nan
1702657103549,nan,nan
1702657103557,nan,nan
1702657103569,nan,nan
1702657103578,nan,nan
1702657103589,nan,nan
1702657103602,nan,nan
1702657103612,nan,nan
1702657103623,nan,nan
1702657103636,nan,nan
1702657103646,nan,nan
1702657103684,nan,nan
1702657103690,nan,nan
1702657103703,nan,nan
1702657103713,nan,nan
1702657103724,nan,nan
1702657103736,nan,nan
1702657103746,nan,nan
1702657103757,nan,nan
1702657103778,nan,nan
1702657103816,nan,nan
1702657103822,nan,nan
1702657103833,nan,nan
1702657103845,nan,nan
1702657103856,nan,nan
1702657103865,nan,nan
1702657103883,nan,nan
1702657103905,nan,nan
1702657103915,nan,nan
1702657103932,nan,nan
1702657103970,nan,nan
1702657103972,1211.4913940429688,842.4992752075195
1702657103988,1223.0134582519531,834.0984678268433
1702657103995,1228.422966003418,835.5292654037476
1702657104006,1228.4574890136719,838.8590669631958
1702657104017,1220.9169387817383,853.2246780395508
1702657104028,1220.248908996582,852.4865770339966
1702657104039,1221.8042755126953,851.564884185791
1702657104050,1218.299217224121,847.4076747894287
1702657104061,1213.8317489624023,847.0043992996216
1702657104101,1213.9305877685547,846.0142135620117
1702657104102,1232.5955963134766,849.4969654083252
1702657104106,1229.94140625,853.6463642120361
1702657104118,1227.1392059326172,860.2791452407837
1702657104128,1223.8338470458984,859.051079750061
1702657104140,1221.3342666625977,857.9474687576294
1702657104150,1222.0301818847656,854.1065454483032
1702657104161,1217.154197692871,850.630316734314
1702657104172,1219.0451049804688,852.3746109008789
1702657104183,1221.5197372436523,852.6291847229004
1702657104194,1220.6684494018555,856.050009727478
1702657104205,1224.4412994384766,849.0067005157471
1702657104216,1225.779685974121,830.8190059661865
1702657104249,1230.1182174682617,833.3092546463013
1702657104250,1227.7646255493164,833.3353042602539
1702657104265,1232.0315170288086,834.5586919784546
1702657104272,1233.4446334838867,838.4248495101929
1702657104283,1225.2857208251953,844.5562505722046
1702657104294,1220.7026672363281,840.3911447525024
1702657104305,1218.2292556762695,836.453447341919
1702657104316,1217.566146850586,833.9194250106812
1702657104327,1222.9283142089844,836.7485332489014
1702657104339,1221.821632385254,842.766809463501
1702657104350,1223.5931777954102,847.6066303253174
1702657104360,1216.3429260253906,846.3069820404053
1702657104401,1216.1643981933594,839.9927186965942
1702657104406,1220.8527755737305,839.2731142044067
1702657104416,1215.762710571289,853.1255865097046
1702657104427,1220.6080627441406,856.0972595214844
1702657104439,1199.170150756836,865.1410675048828
1702657104450,1174.9681091308594,852.8919982910156
1702657104461,1175.2357482910156,855.0508117675781
1702657104472,1170.1398468017578,855.3158569335938
1702657104483,1169.6904754638672,860.6548690795898
1702657104494,1168.900032043457,859.0218114852905
1702657104533,1163.7381744384766,859.181113243103
1702657104534,1167.0989608764648,863.61976146698
1702657104538,1168.7565994262695,864.0329504013062
1702657104549,1167.4106216430664,859.2372035980225
1702657104562,1164.5185089111328,859.4340991973877
1702657104572,1169.26025390625,864.3550729751587
1702657104582,1170.2603149414062,871.2977457046509
1702657104594,1174.3645095825195,870.7826328277588
1702657104605,1173.9521026611328,864.9236583709717
1702657104616,1167.7597045898438,863.4397745132446
1702657104627,1162.8617095947266,865.0812005996704
1702657104669,1168.5383605957031,869.5643949508667
1702657104671,1160.3908920288086,862.0738220214844
1702657104688,1159.632911682129,862.2707176208496
1702657104694,1167.0619583129883,869.7036123275757
1702657104706,1166.2685012817383,868.4937429428101
1702657104716,1169.5189666748047,867.8606986999512
1702657104727,1164.8169326782227,863.8388872146606
1702657104738,1160.577278137207,864.1840553283691
1702657104757,1156.1742782592773,860.8253288269043
1702657104761,1167.0892715454102,862.5444746017456
1702657104772,1203.132438659668,865.4719018936157
1702657104783,1260.1277923583984,864.7636699676514
1702657104819,1270.631217956543,865.7091379165649
1702657104820,1272.880859375,872.4478769302368
1702657104828,1276.5076446533203,878.8644504547119
1702657104839,1273.6756134033203,881.3503217697144
1702657104851,1273.286361694336,879.4862079620361
1702657104861,1271.4978408813477,874.2998886108398
1702657104872,1275.5772399902344,873.5089588165283
1702657104883,1277.258644104004,869.2022752761841
1702657104894,1276.1870574951172,865.9334564208984
1702657104905,1276.921043395996,862.5456762313843
1702657104916,1273.332748413086,866.4173698425293
1702657104927,1274.2432403564453,866.4541053771973
1702657104949,1272.2407531738281,865.4388999938965
1702657104969,1273.0704498291016,874.21311378479
1702657104971,1276.9091033935547,882.9636383056641
1702657104988,1284.7356414794922,876.9356632232666
1702657104994,1278.5107421875,873.01109790802
1702657105006,1281.7026901245117,874.7647905349731
1702657105016,1272.138671875,875.9971904754639
1702657105027,1270.7465362548828,877.2751665115356
1702657105038,1270.8843612670898,877.4195337295532
1702657105048,1271.8200302124023,882.7150297164917
1702657105060,1258.6934280395508,887.4850273132324
1702657105071,1251.0039138793945,886.8954133987427
1702657105082,1265.7250595092773,880.8201026916504
1702657105122,1271.4614486694336,879.7981595993042
1702657105127,1264.8597717285156,886.920862197876
1702657105139,1264.280891418457,889.452953338623
1702657105149,1265.717544555664,886.3985824584961
1702657105161,1273.8352584838867,893.8107919692993
1702657105172,1260.1379013061523,893.5282802581787
1702657105182,1258.289566040039,893.1949138641357
1702657105194,1254.4204330444336,890.529613494873
1702657105205,1252.7931213378906,890.7915258407593
1702657105216,1254.445915222168,894.8336362838745
1702657105227,1244.2021179199219,894.8169422149658
1702657105269,1240.4973983764648,890.0825214385986
1702657105270,1220.4975891113281,881.5201377868652
1702657105272,1232.2025299072266,876.4063024520874
1702657105284,1230.3535842895508,873.7692403793335
1702657105293,1226.9482803344727,878.927149772644
1702657105304,1235.7139205932617,878.3189105987549
1702657105315,1232.3773574829102,877.5390529632568
1702657105327,1231.1145782470703,874.2735385894775
1702657105338,1224.3196487426758,874.2504501342773
1702657105349,1227.038803100586,869.3026971817017
1702657105359,1243.8902282714844,875.4515647888184
1702657105401,1304.2207336425781,922.6503753662109
1702657105403,2005.1263427734375,1400.2391910552979
1702657105418,nan,nan
1702657105425,nan,nan
1702657105437,nan,nan
1702657105446,nan,nan
1702657105457,nan,nan
1702657105468,nan,nan
1702657105479,nan,nan
1702657105489,nan,nan
1702657105509,nan,nan
1702657105552,nan,nan
1702657105553,nan,nan
1702657105561,nan,nan
1702657105572,nan,nan
1702657105584,nan,nan
1702657105594,nan,nan
1702657105605,nan,nan
1702657105615,nan,nan
1702657105627,nan,nan
1702657105638,nan,nan
1702657105649,nan,nan
1702657105660,nan,nan
1702657105671,nan,nan
1702657105702,nan,nan
1702657105704,nan,nan
1702657105719,nan,nan
1702657105726,nan,nan
1702657105738,nan,nan
1702657105748,nan,nan
1702657105760,nan,nan
1702657105771,nan,nan
1702657105781,nan,nan
1702657105793,nan,nan
1702657105804,nan,nan
1702657105815,nan,nan
1702657105853,nan,nan
1702657105860,nan,nan
1702657105871,nan,nan
1702657105881,nan,nan
1702657105893,nan,nan
1702657105905,nan,nan
1702657105915,nan,nan
1702657105926,nan,nan
1702657105937,nan,nan
1702657105948,nan,nan
1702657105960,nan,nan
1702657105971,nan,nan
1702657106004,nan,nan
1702657106005,nan,nan
1702657106015,nan,nan
1702657106026,nan,nan
1702657106038,nan,nan
1702657106047,nan,nan
1702657106059,nan,nan
1702657106071,nan,nan
1702657106081,nan,nan
1702657106093,nan,nan
1702657106105,nan,nan
1702657106114,nan,nan
1702657106153,nan,nan
1702657106154,nan,nan
1702657106155,nan,nan
1702657106160,nan,nan
1702657106173,nan,nan
1702657106182,nan,nan
1702657106193,nan,nan
1702657106204,nan,nan
1702657106215,nan,nan
1702657106226,nan,nan
1702657106237,nan,nan
1702657106247,nan,nan
1702657106259,nan,nan
1702657106270,nan,nan
1702657106303,nan,nan
1702657106304,nan,nan
1702657106321,nan,nan
1702657106326,nan,nan
1702657106338,nan,nan
1702657106347,nan,nan
1702657106359,nan,nan
1702657106371,nan,nan
1702657106381,nan,nan
1702657106393,nan,nan
1702657106435,nan,nan
1702657106436,nan,nan
1702657106438,nan,nan
1702657106452,nan,nan
1702657106460,nan,nan
1702657106471,nan,nan
1702657106482,nan,nan
1702657106493,nan,nan
1702657106505,nan,nan
1702657106515,nan,nan
1702657106527,nan,nan
1702657106538,nan,nan
1702657106549,nan,nan
1702657106587,nan,nan
1702657106588,nan,nan
1702657106593,nan,nan
1702657106604,nan,nan
1702657106617,nan,nan
1702657106633,nan,nan
1702657106649,nan,nan
1702657106660,nan,nan
1702657106672,1281.4529418945312,862.166862487793
1702657106683,1302.0826721191406,828.9227485656738
1702657106720,1304.9444580078125,829.5071697235107
1702657106721,1307.1694946289062,820.1699066162109
1702657106728,1298.5263061523438,818.3547592163086
1702657106739,1297.1414184570312,823.1430816650391
1702657106750,1305.4171752929688,825.7190322875977
1702657106761,1305.2845764160156,826.808910369873
1702657106772,1281.3278198242188,823.4473514556885
1702657106784,1203.7512969970703,827.5765800476074
1702657106795,1189.0383911132812,823.1612777709961
1702657106806,1198.0448150634766,822.1222972869873
1702657106817,1200.1435089111328,817.9879188537598
1702657106828,1207.828140258789,823.1054019927979
1702657106869,1207.6798248291016,823.8992500305176
1702657106870,1201.148910522461,824.5438385009766
1702657106873,1194.9446105957031,821.0041809082031
1702657106886,1195.2375030517578,812.5494289398193
1702657106895,1196.0855102539062,820.5884170532227
1702657106906,1196.618423461914,822.2539615631104
1702657106917,1193.289566040039,831.0522079467773
