timestamp,x,y
1704800129088,nan,nan
1704800129089,nan,nan
1704800129096,nan,nan
1704800129108,1219.5098114013672,849.1493511199951
1704800129120,1219.5098114013672,849.1493511199951
1704800129130,1213.0670166015625,859.2544555664062
1704800129141,1216.5750885009766,874.0414524078369
1704800129153,1226.1802673339844,874.8763275146484
1704800129164,1234.5702362060547,873.7328910827637
1704800129174,1235.9398651123047,879.2262268066406
1704800129185,1229.349136352539,879.7388076782227
1704800129197,1222.5519561767578,888.3671951293945
1704800129217,1205.7661437988281,881.2272834777832
1704800129239,1216.8865966796875,882.8021907806396
1704800129241,1233.9606475830078,886.7300605773926
1704800129257,1227.975082397461,886.3584995269775
1704800129264,1231.4824676513672,884.7526931762695
1704800129276,1222.3638153076172,871.2467193603516
1704800129286,1225.4782104492188,869.6644306182861
1704800129297,1213.3587646484375,878.4791564941406
1704800129308,1192.6848602294922,913.9896297454834
1704800129319,1183.8438415527344,935.7062530517578
1704800129330,1191.079330444336,934.0524673461914
1704800129341,1192.4464416503906,927.5324249267578
1704800129353,1185.4246520996094,923.9671897888184
1704800129392,1182.4784088134766,928.1363296508789
1704800129393,1189.0740203857422,929.2845726013184
1704800129397,1194.3072509765625,934.0600204467773
1704800129407,1191.895523071289,935.3812122344971
1704800129419,1194.6723175048828,930.9011936187744
1704800129430,1199.7957611083984,926.1588764190674
1704800129440,1250.0761413574219,928.9647674560547
1704800129452,1274.3352508544922,941.5124416351318
1704800129463,1285.1718139648438,941.7866706848145
1704800129474,1274.9075317382812,934.8631381988525
1704800129485,1275.3504943847656,932.3351669311523
1704800129496,1276.5547943115234,935.4745101928711
1704800129517,1291.2875366210938,929.7541522979736
1704800129538,1287.39501953125,921.8685436248779
1704800129541,1273.3804321289062,915.3520202636719
1704800129556,1275.137939453125,916.247148513794
1704800129563,1271.2894439697266,928.1240558624268
1704800129575,1268.4283447265625,955.0154972076416
1704800129586,1265.0169372558594,968.2054424285889
1704800129597,1267.408676147461,985.724687576294
1704800129607,1273.0267333984375,937.6735782623291
1704800129618,1279.6733093261719,935.3440475463867
1704800129629,1277.8385162353516,928.5788726806641
1704800129640,1276.6069793701172,939.8628616333008
1704800129652,1265.8771514892578,938.6007213592529
1704800129690,1267.8085327148438,939.1217994689941
1704800129698,1269.9317932128906,953.6486434936523
1704800129709,1272.4509811401367,957.7024698257446
1704800129721,1275.5869674682617,953.6649084091187
1704800129732,1278.8214111328125,943.7231397628784
1704800129742,1290.8213806152344,925.7309675216675
1704800129754,1289.584617614746,917.1607732772827
1704800129764,1287.1316528320312,915.935754776001
1704800129776,1285.269546508789,920.6613349914551
1704800129787,1285.415267944336,921.453423500061
1704800129798,1288.0943298339844,921.4738082885742
1704800129842,1286.2062072753906,913.4368371963501
1704800129843,1294.6268463134766,912.8750324249268
1704800129860,1297.7115631103516,912.8211307525635
1704800129865,1298.266372680664,910.6645059585571
1704800129878,1289.0435028076172,915.7046127319336
1704800129888,1287.3403930664062,910.0692272186279
1704800129899,1280.3102111816406,915.3092336654663
1704800129910,1284.0650177001953,918.2651996612549
1704800129920,1280.6239700317383,921.935019493103
1704800129931,1266.8067169189453,915.8551168441772
1704800129942,1209.958724975586,916.7619180679321
1704800129954,1186.3847732543945,916.5989255905151
1704800129991,1179.891128540039,922.4453687667847
1704800129998,1188.3643341064453,912.6770639419556
1704800130009,1191.0978698730469,912.8453350067139
1704800130020,1195.4705810546875,914.237380027771
1704800130032,1197.2121810913086,916.3069725036621
1704800130042,1195.6216430664062,911.8437337875366
1704800130054,1197.7154159545898,909.0325212478638
1704800130065,1194.537582397461,907.6121091842651
1704800130076,1197.662353515625,908.8928318023682
1704800130087,1193.6462783813477,912.2476959228516
1704800130099,1196.3591384887695,913.5355424880981
1704800130109,1201.9244384765625,921.2899160385132
1704800130144,1202.8998184204102,919.7829008102417
1704800130145,1203.6812210083008,916.508674621582
1704800130163,1196.1739349365234,813.7201595306396
1704800130165,1204.6045303344727,703.8213014602661
1704800130176,1230.7135772705078,481.12486839294434
1704800130187,1231.1383056640625,426.72788858413696
1704800130199,1230.0549697875977,419.34584856033325
1704800130209,1232.0614624023438,442.9604458808899
1704800130221,1226.627082824707,438.4476613998413
1704800130232,1231.4115905761719,444.4314765930176
1704800130242,1229.2175674438477,436.6558814048767
1704800130253,1230.2313232421875,439.9984931945801
1704800130265,1227.3614501953125,436.68785333633423
1704800130307,1229.605712890625,449.4808101654053
1704800130308,1199.0306854248047,430.0217056274414
1704800130309,920.3656005859375,303.46041798591614
1704800130324,834.6768188476562,262.86500215530396
1704800130331,799.5931243896484,252.29822516441345
1704800130343,786.1440277099609,236.42731547355652
1704800130354,789.0727233886719,241.16802334785461
1704800130366,786.8131637573242,236.3491129875183
1704800130376,792.0334243774414,240.87460041046143
1704800130387,792.6910018920898,237.24255681037903
1704800130398,788.6363983154297,235.53833484649658
1704800130409,784.3636703491211,236.00367665290833
1704800130421,785.6928253173828,241.16122126579285
1704800130459,789.9414443969727,243.73927474021912
1704800130464,786.5488052368164,245.87608337402344
1704800130477,788.9796447753906,249.13548231124878
1704800130487,834.6506881713867,285.93066930770874
1704800130498,914.7841262817383,377.47886180877686
1704800130508,1147.766990661621,648.7086009979248
1704800130520,1218.2567596435547,789.1579484939575
1704800130531,1238.2352447509766,845.4171323776245
1704800130542,1222.014045715332,901.2831687927246
1704800130553,1225.58837890625,896.7692041397095
1704800130564,1226.3374328613281,909.2040109634399
1704800130610,1227.3809814453125,910.5312538146973
1704800130611,1222.9677200317383,912.1916484832764
1704800130627,1223.5540390014648,910.2230787277222
1704800130631,1223.4440231323242,912.4733018875122
1704800130642,1223.7308502197266,913.0216312408447
1704800130653,1222.6406478881836,916.986665725708
1704800130664,1219.7203826904297,916.1920022964478
1704800130675,1225.1664352416992,909.9979877471924
1704800130686,1227.972297668457,909.3336582183838
1704800130697,1232.2578048706055,909.5082807540894
1704800130708,1233.1636047363281,915.1684284210205
1704800130720,1230.1470565795898,911.5188217163086
1704800130759,1231.3512802124023,914.8502540588379
1704800130764,1239.6766662597656,914.9946641921997
1704800130777,1238.4605407714844,911.8357944488525
1704800130787,1240.0825119018555,912.6613140106201
1704800130799,1240.9138488769531,915.370774269104
1704800130809,1244.935073852539,936.0077333450317
1704800130820,1244.7299575805664,944.8461484909058
1704800130831,1244.190673828125,952.9984760284424
1704800130842,1243.3117294311523,956.6790246963501
1704800130853,1248.8665771484375,962.4603223800659
1704800130864,1252.9632568359375,964.3851184844971
1704800130910,1252.1897506713867,966.3322734832764
1704800130920,1250.4142379760742,964.5698261260986
1704800130931,1249.2689514160156,970.0784397125244
1704800130944,1262.998924255371,975.5336236953735
1704800130954,1262.4548721313477,975.5789852142334
1704800130965,1265.061264038086,966.8106508255005
1704800130975,1259.0049743652344,960.5992126464844
1704800130986,1258.6256790161133,959.571475982666
1704800130998,1257.1162796020508,960.9556674957275
1704800131008,1254.3682479858398,964.1113185882568
1704800131020,1253.7429428100586,964.0806770324707
1704800131031,1255.8609771728516,966.9360065460205
1704800131075,1309.6570587158203,967.6740646362305
1704800131076,1332.3139190673828,972.469425201416
1704800131093,1338.1640625,960.5761241912842
1704800131098,1330.5745697021484,965.6538677215576
1704800131109,1329.7868347167969,964.5066118240356
1704800131120,1329.0646362304688,965.1084136962891
1704800131131,1333.5472869873047,963.4823942184448
1704800131142,1335.5863189697266,963.4530401229858
1704800131153,1337.601089477539,965.4182624816895
1704800131164,1337.0867919921875,966.4545822143555
1704800131174,1337.0242309570312,967.8028964996338
1704800131186,1336.8274688720703,966.0988569259644
1704800131223,1337.0368957519531,963.9708137512207
1704800131224,1329.325942993164,962.8902053833008
1704800131231,1319.2540740966797,969.1370487213135
1704800131243,1321.6561889648438,968.0599594116211
1704800131253,1325.056381225586,963.2393217086792
1704800131265,1325.2548217773438,963.1788969039917
1704800131275,1322.5371551513672,963.252067565918
1704800131287,1319.7348022460938,964.5305585861206
1704800131297,1313.360595703125,958.940577507019
1704800131308,1233.3734512329102,945.6299114227295
1704800131320,1200.4623794555664,940.0390291213989
1704800131331,1180.5666732788086,939.0629625320435
1704800131342,1184.2100524902344,940.339994430542
1704800131379,1186.013298034668,939.5167922973633
1704800131386,1171.6720962524414,933.1907272338867
1704800131399,1175.9619140625,932.0247602462769
1704800131408,1177.460594177246,933.0188941955566
1704800131420,1171.475830078125,931.6587781906128
1704800131430,1164.6342086791992,934.6774435043335
1704800131441,1162.1304321289062,933.3329916000366
1704800131453,1161.352424621582,933.6861848831177
1704800131464,1160.8662033081055,939.4267559051514
1704800131475,1159.9253845214844,936.7684507369995
1704800131486,1161.5153503417969,936.273250579834
1704800131498,1161.3115692138672,931.1270141601562
1704800131508,1159.0239334106445,932.712779045105
1704800131544,1156.4353561401367,935.2714347839355
1704800131553,1166.0124206542969,936.4767980575562
1704800131563,1168.5058975219727,934.4041156768799
1704800131576,1169.1491317749023,935.4446411132812
1704800131585,1170.6050109863281,934.8400926589966
1704800131596,1166.0393142700195,934.7692394256592
1704800131608,1164.2689514160156,933.3500289916992
1704800131619,1166.1999893188477,934.0983438491821
1704800131630,1169.508285522461,934.1112184524536
1704800131641,1167.4709701538086,928.9277744293213
1704800131653,1164.7770690917969,929.8120021820068
1704800131693,1160.926399230957,933.9349222183228
1704800131694,1170.3665924072266,943.8461351394653
1704800131697,1178.9236450195312,938.4059286117554
1704800131712,1172.2710037231445,929.2362070083618
1704800131720,1170.1488876342773,927.6353788375854
1704800131730,1164.6051788330078,929.8261213302612
1704800131741,1168.8971710205078,932.0418834686279
1704800131753,1170.1478576660156,931.9048976898193
1704800131763,1180.0131225585938,928.2077407836914
1704800131774,1217.5302505493164,934.3669509887695
1704800131786,1232.3079299926758,935.4204797744751
1704800131797,1238.5209655761719,938.8654661178589
1704800131808,1231.4704132080078,939.9980020523071
1704800131852,1235.3615951538086,947.6024723052979
1704800131853,1232.8867721557617,951.939754486084
1704800131871,1227.4151611328125,944.3392753601074
1704800131875,1225.399398803711,944.1969680786133
1704800131888,1224.7237396240234,943.7152004241943
1704800131897,1224.4130325317383,944.862756729126
1704800131908,1224.1758728027344,944.3760967254639
1704800131919,1223.9494323730469,942.9310083389282
1704800131930,1227.0946884155273,941.0039377212524
1704800131941,1232.2392272949219,945.0368213653564
1704800131953,1232.5506210327148,949.4913911819458
1704800131964,1228.302116394043,948.5589694976807
1704800131975,1217.4041748046875,949.7796106338501
1704800132011,1215.2836990356445,948.8555574417114
1704800132012,1224.610824584961,948.3796691894531
1704800132019,1230.1192474365234,946.8274211883545
1704800132030,1224.4376373291016,949.1360950469971
1704800132041,1223.2322692871094,946.3860368728638
1704800132052,1224.4328308105469,948.1445789337158
1704800132063,1242.8128814697266,954.9449443817139
1704800132074,1306.9490051269531,967.1956443786621
1704800132085,1326.566390991211,968.5393667221069
1704800132096,1333.6264038085938,965.627818107605
1704800132108,1316.34521484375,958.2194709777832
1704800132119,1313.9810180664062,958.7857818603516
1704800132139,1307.5790405273438,959.1572570800781
1704800132161,1306.4234924316406,956.6589832305908
1704800132163,1309.3189239501953,954.478325843811
1704800132179,1314.5697784423828,957.9652404785156
1704800132187,1313.2518768310547,955.2423048019409
1704800132197,1314.3267822265625,962.0804786682129
1704800132208,1316.9796752929688,958.6034774780273
1704800132219,1320.55419921875,958.8524723052979
1704800132230,1318.789291381836,953.9203405380249
1704800132240,1315.2381896972656,954.4322776794434
1704800132252,1313.4922790527344,948.9864492416382
1704800132263,1312.7134704589844,947.0422124862671
1704800132274,1347.398910522461,943.6119890213013
1704800132312,1373.9509582519531,944.1923332214355
1704800132319,1408.1398010253906,937.1317291259766
1704800132330,1409.6271514892578,941.3962268829346
1704800132341,1412.3988342285156,944.3246841430664
1704800132352,1412.1329498291016,945.0830841064453
1704800132363,1410.9965515136719,943.2885360717773
1704800132374,1407.8242492675781,945.6045913696289
1704800132385,1409.8214721679688,948.1554365158081
1704800132396,1406.202163696289,951.9574785232544
1704800132407,1409.5650482177734,954.6727752685547
1704800132418,1411.058120727539,956.6365814208984
1704800132438,1415.2484893798828,953.8969087600708
1704800132460,1417.0948791503906,952.35435962677
1704800132461,1416.3453674316406,953.7155485153198
1704800132463,1419.3303680419922,957.1916484832764
1704800132479,1418.0845642089844,956.1158895492554
1704800132485,1417.1112060546875,950.7687664031982
1704800132496,1414.5117950439453,950.8930921554565
1704800132507,1416.444320678711,952.2381448745728
1704800132519,1420.2250671386719,957.0102453231812
1704800132529,1420.194320678711,956.0373115539551
1704800132540,1420.3779602050781,954.9267911911011
1704800132552,1415.9794616699219,953.1353759765625
1704800132563,1411.3218688964844,957.8060245513916
1704800132574,1414.3641662597656,957.874174118042
1704800132612,1419.2229461669922,955.9671878814697
1704800132613,1419.704360961914,962.2096538543701
1704800132619,1419.242172241211,961.8188238143921
1704800132630,1423.298568725586,955.3130722045898
1704800132640,1415.296401977539,956.7385053634644
1704800132652,1415.4317474365234,958.3973979949951
1704800132663,1405.7828521728516,964.2175340652466
1704800132674,1331.258544921875,967.9891490936279
1704800132685,1294.614486694336,967.8008365631104
1704800132696,1268.166618347168,963.8550710678101
1704800132707,1260.7114791870117,965.5127620697021
1704800132718,1262.0600509643555,959.9207210540771
1704800132737,1259.911880493164,966.7910814285278
1704800132764,1295.179443359375,983.0400323867798
1704800132765,1374.05029296875,1032.1168184280396
1704800132772,1688.771743774414,1189.1222620010376
1704800132783,nan,nan
1704800132794,nan,nan
1704800132805,nan,nan
1704800132817,nan,nan
1704800132828,nan,nan
1704800132839,nan,nan
1704800132850,nan,nan
1704800132860,nan,nan
1704800132871,nan,nan
1704800132912,nan,nan
1704800132918,nan,nan
1704800132933,nan,nan
1704800132940,nan,nan
1704800132953,nan,nan
1704800132962,nan,nan
1704800132973,nan,nan
1704800132985,nan,nan
1704800132995,nan,nan
1704800133007,nan,nan
1704800133018,nan,nan
1704800133037,nan,nan
1704800133064,nan,nan
1704800133065,nan,nan
1704800133081,nan,nan
1704800133084,nan,nan
1704800133097,nan,nan
1704800133106,nan,nan
1704800133118,nan,nan
1704800133129,nan,nan
1704800133139,nan,nan
1704800133151,nan,nan
1704800133162,nan,nan
1704800133173,nan,nan
1704800133212,nan,nan
1704800133213,nan,nan
1704800133230,nan,nan
1704800133239,nan,nan
1704800133251,nan,nan
1704800133262,nan,nan
1704800133273,nan,nan
1704800133284,nan,nan
1704800133295,nan,nan
1704800133305,nan,nan
1704800133323,nan,nan
1704800133361,nan,nan
1704800133362,nan,nan
1704800133363,nan,nan
1704800133379,nan,nan
1704800133387,nan,nan
1704800133397,nan,nan
1704800133408,nan,nan
1704800133419,nan,nan
1704800133430,nan,nan
1704800133441,nan,nan
1704800133453,nan,nan
1704800133463,nan,nan
1704800133475,nan,nan
1704800133520,nan,nan
1704800133521,nan,nan
1704800133540,nan,nan
1704800133542,nan,nan
1704800133554,nan,nan
1704800133564,nan,nan
1704800133574,nan,nan
1704800133586,nan,nan
1704800133597,nan,nan
1704800133607,nan,nan
1704800133620,nan,nan
1704800133637,nan,nan
1704800133681,nan,nan
1704800133682,nan,nan
1704800133687,nan,nan
1704800133700,nan,nan
1704800133709,nan,nan
1704800133721,nan,nan
1704800133731,nan,nan
1704800133743,nan,nan
1704800133755,1148.260726928711,1023.4320831298828
1704800133765,1089.1265487670898,971.8668937683105
1704800133776,1083.7005615234375,968.9228582382202
1704800133787,1082.9313659667969,969.3096542358398
1704800133827,1077.1725845336914,975.767297744751
1704800133833,1123.3070755004883,963.9818000793457
1704800133847,1220.3339004516602,993.4741687774658
1704800133855,1230.8636093139648,999.3609952926636
1704800133866,1219.3313217163086,996.2065029144287
1704800133876,1227.9112243652344,1010.7929992675781
1704800133888,1223.2095336914062,996.4882850646973
1704800133899,1222.7355194091797,998.1903076171875
1704800133910,1226.8024063110352,992.8285932540894
1704800133922,1230.6627655029297,991.6065359115601
1704800133933,1235.0648880004883,990.9776544570923
1704800133944,1243.6076736450195,990.6700801849365
1704800133984,1243.0521774291992,996.7599391937256
1704800133986,1239.5701217651367,992.7087306976318
1704800133989,1233.1411743164062,990.998682975769
1704800134006,1226.5693283081055,989.8444747924805
1704800134011,1229.561767578125,983.2444381713867
1704800134022,1233.0348205566406,984.4318628311157
1704800134033,1237.7919387817383,981.2777137756348
1704800134044,1230.2876663208008,977.1096467971802
1704800134055,1231.9995498657227,978.7826585769653
1704800134066,1232.0565032958984,980.3242206573486
1704800134077,1233.1654357910156,981.3335466384888
1704800134089,1231.161003112793,977.2965002059937
1704800134108,1228.8751220703125,975.9691715240479
1704800134129,1230.540657043457,969.295449256897
1704800134130,1249.249153137207,964.7229480743408
1704800134133,1261.3838577270508,963.3183288574219
1704800134149,1290.0621032714844,958.9176607131958
1704800134156,1286.456527709961,962.3107624053955
1704800134168,1286.961669921875,965.3788232803345
1704800134177,1287.3223876953125,961.2157344818115
1704800134189,1281.563377380371,955.0171709060669
1704800134200,1282.2614288330078,949.9875783920288
1704800134211,1281.3425827026367,952.6755809783936
1704800134222,1282.3955917358398,953.937292098999
1704800134233,1284.261474609375,956.3596057891846
1704800134244,1283.3465957641602,955.6936454772949
1704800134255,1285.8272552490234,960.1309633255005
1704800134296,1277.891502380371,967.7080535888672
1704800134297,1278.3655166625977,966.2862253189087
1704800134299,1287.9779815673828,953.2436084747314
1704800134314,1249.6524810791016,948.0571603775024
1704800134322,1236.1226654052734,947.2087669372559
1704800134335,1223.5879516601562,949.5469665527344
1704800134344,1234.861183166504,955.3654289245605
1704800134355,1232.5864791870117,955.5748558044434
1704800134366,1230.896987915039,956.1940383911133
1704800134377,1235.0585556030273,949.9612283706665
1704800134388,1239.0423583984375,949.9267244338989
1704800134400,1239.2917251586914,948.0940246582031
1704800134411,1237.521858215332,944.6081399917603
1704800134452,1236.655387878418,948.3027219772339
1704800134453,1240.6840133666992,947.8457593917847
1704800134455,1240.7839584350586,946.1330938339233
1704800134469,1237.0465469360352,950.6602764129639
1704800134477,1239.5246887207031,958.0953598022461
1704800134489,1238.975486755371,952.958607673645
1704800134499,1243.4451293945312,941.779375076294
1704800134510,1239.4827270507812,944.2643880844116
1704800134522,1240.3523254394531,944.0410995483398
1704800134533,1239.1592407226562,949.2421817779541
1704800134544,1235.536880493164,946.0227155685425
1704800134555,1229.5692825317383,943.332052230835
1704800134595,1226.2591171264648,944.6086120605469
1704800134596,1225.672950744629,940.823564529419
1704800134599,1228.7130737304688,944.2624139785767
1704800134615,1233.918113708496,944.969916343689
1704800134622,1231.6762924194336,947.0271492004395
1704800134633,1230.4166793823242,945.9013509750366
1704800134644,1228.241310119629,943.7766981124878
1704800134655,1228.6510848999023,943.3472871780396
1704800134666,1230.2056503295898,940.840859413147
1704800134677,1234.7286987304688,939.6244239807129
1704800134689,1239.8951721191406,938.3461904525757
1704800134699,1242.6982498168945,935.7767200469971
1704800134710,1235.378303527832,935.4638242721558
1704800134752,1228.284568786621,937.5425148010254
1704800134754,1225.4555130004883,943.5151720046997
1704800134772,1219.1575622558594,946.9709730148315
1704800134776,1217.53173828125,948.0417966842651
1704800134789,1217.7566528320312,946.7078590393066
1704800134799,1227.699966430664,941.9939947128296
1704800134810,1229.277572631836,940.8320188522339
1704800134821,1233.178482055664,941.056079864502
1704800134832,1198.2353210449219,944.1844367980957
1704800134843,981.3433456420898,945.1218795776367
1704800134854,858.8083648681641,938.7698936462402
1704800134877,721.6670227050781,920.3487825393677
1704800134899,466.6369438171387,879.8299169540405
1704800134900,446.42988204956055,885.4324722290039
1704800134918,448.7090873718262,890.409665107727
1704800134921,443.95605087280273,886.7466259002686
1704800134935,441.26089096069336,887.5934743881226
1704800134944,445.55566787719727,889.3548059463501
1704800134955,443.91082763671875,891.5558481216431
1704800134966,444.65890884399414,902.1941757202148
1704800134977,433.1456184387207,897.0798683166504
1704800134988,433.69667053222656,893.1418704986572
1704800135000,436.38980865478516,888.0262327194214
1704800135010,443.1534004211426,899.6350908279419
1704800135021,443.92250061035156,904.725193977356
1704800135062,440.349178314209,903.8678741455078
1704800135063,438.53240966796875,897.5537824630737
1704800135066,432.31889724731445,895.0822877883911
1704800135080,428.6140251159668,899.9423217773438
1704800135088,433.43955993652344,894.7436857223511
1704800135099,433.90125274658203,892.7597951889038
1704800135109,434.80730056762695,895.0370979309082
1704800135121,433.82482528686523,895.5498933792114
1704800135132,441.104679107666,889.9722290039062
1704800135143,454.44849014282227,867.3127555847168
1704800135154,456.6312026977539,861.3949871063232
1704800135165,456.56822204589844,865.109395980835
1704800135176,448.83535385131836,871.1110639572144
1704800135211,447.7243232727051,872.4901485443115
1704800135221,449.7033882141113,868.7482738494873
1704800135232,451.2476921081543,867.2483396530151
1704800135243,452.38332748413086,854.8550319671631
1704800135254,451.1069679260254,855.768871307373
1704800135265,450.053768157959,853.7699174880981
1704800135276,452.47596740722656,861.8155574798584
1704800135288,461.9103240966797,863.0233240127563
1704800135299,511.00669860839844,870.7272720336914
1704800135310,764.3793487548828,860.0825929641724
1704800135321,914.9982833862305,863.2922315597534
1704800135332,993.0924987792969,858.1343221664429
1704800135369,1048.6767196655273,865.8785247802734
1704800135370,1047.4613189697266,866.1582899093628
1704800135377,1062.186050415039,869.8313283920288
1704800135388,1067.5950241088867,865.9462451934814
1704800135399,1072.0735931396484,865.6557512283325
1704800135410,1075.8440780639648,871.7980527877808
1704800135421,1075.7825469970703,873.2438707351685
1704800135432,1073.956527709961,872.4084806442261
1704800135443,1071.4941024780273,873.584189414978
1704800135455,1071.8059158325195,881.455807685852
1704800135466,1074.5741271972656,882.8495264053345
1704800135477,1073.805046081543,878.8921308517456
1704800135517,1070.1339721679688,874.6356153488159
1704800135518,1070.207176208496,877.3599243164062
1704800135520,1084.455223083496,884.3254709243774
1704800135537,1085.428237915039,878.0939483642578
1704800135542,1331.4263153076172,1119.7460889816284
1704800135552,nan,nan
1704800135563,nan,nan
1704800135574,nan,nan
1704800135585,nan,nan
1704800135596,nan,nan
1704800135607,nan,nan
1704800135619,nan,nan
1704800135630,nan,nan
1704800135641,nan,nan
1704800135683,nan,nan
1704800135684,nan,nan
1704800135701,nan,nan
1704800135706,nan,nan
1704800135718,nan,nan
1704800135729,nan,nan
1704800135740,nan,nan
1704800135751,nan,nan
1704800135761,nan,nan
1704800135778,nan,nan
1704800135829,nan,nan
1704800135830,nan,nan
1704800135831,nan,nan
1704800135849,nan,nan
1704800135854,nan,nan
1704800135866,nan,nan
1704800135875,nan,nan
1704800135887,nan,nan
1704800135898,nan,nan
1704800135908,nan,nan
1704800135921,nan,nan
1704800135931,nan,nan
1704800135942,nan,nan
1704800135982,nan,nan
1704800135983,nan,nan
1704800135987,nan,nan
1704800136005,nan,nan
1704800136022,nan,nan
1704800136032,nan,nan
1704800136043,nan,nan
1704800136054,nan,nan
1704800136065,nan,nan
1704800136077,nan,nan
1704800136088,nan,nan
1704800136098,nan,nan
1704800136143,nan,nan
1704800136144,nan,nan
1704800136160,nan,nan
1704800136165,nan,nan
1704800136176,nan,nan
1704800136187,nan,nan
1704800136198,nan,nan
1704800136209,nan,nan
1704800136221,nan,nan
1704800136232,nan,nan
1704800136243,nan,nan
1704800136254,nan,nan
1704800136299,1181.2239837646484,987.5405216217041
1704800136300,1196.312484741211,944.9729633331299
1704800136301,1208.4959411621094,942.7837657928467
1704800136317,1208.5931396484375,941.6521739959717
1704800136322,1204.0267944335938,940.0425052642822
1704800136333,1199.9566650390625,948.1739330291748
1704800136344,1207.8205871582031,926.9491195678711
1704800136355,1226.1053466796875,902.9697418212891
1704800136366,1237.4896240234375,880.8939170837402
1704800136377,1259.397201538086,843.1720161437988
1704800136388,1250.4778289794922,839.296760559082
1704800136399,1250.473861694336,832.6129531860352
1704800136410,1247.9486846923828,827.4691200256348
1704800136450,1248.8546752929688,834.0958499908447
1704800136451,1247.2763061523438,833.1598663330078
1704800136455,1252.816162109375,840.600528717041
1704800136468,1255.8744812011719,841.3977241516113
1704800136477,1251.1614990234375,849.3574047088623
1704800136489,1248.9263153076172,845.6970691680908
1704800136499,1250.9760284423828,848.1757736206055
1704800136510,1255.8068084716797,836.7753982543945
1704800136522,1265.5050659179688,840.1409912109375
1704800136532,1255.2793884277344,843.0591487884521
1704800136544,1257.975845336914,847.6365852355957
1704800136555,1254.4722747802734,848.9163208007812
1704800136596,1263.6832427978516,856.4284801483154
1704800136597,1456.3897705078125,1014.0551662445068
1704800136598,1621.209716796875,1124.5314502716064
1704800136613,nan,nan
1704800136620,nan,nan
1704800136632,nan,nan
1704800136641,nan,nan
1704800136653,nan,nan
1704800136664,nan,nan
1704800136675,nan,nan
1704800136685,nan,nan
1704800136704,nan,nan
1704800136748,nan,nan
1704800136765,nan,nan
1704800136768,nan,nan
1704800136779,nan,nan
1704800136790,nan,nan
1704800136801,nan,nan
1704800136812,nan,nan
1704800136824,nan,nan
1704800136835,nan,nan
1704800136845,nan,nan
1704800136856,nan,nan
1704800136875,nan,nan
1704800136897,nan,nan
1704800136901,nan,nan
1704800136915,nan,nan
1704800136923,nan,nan
1704800136934,nan,nan
1704800136945,nan,nan
1704800136957,nan,nan
1704800136968,nan,nan
1704800136979,nan,nan
1704800136991,nan,nan
1704800137000,nan,nan
1704800137011,nan,nan
1704800137047,nan,nan
1704800137056,nan,nan
1704800137067,nan,nan
1704800137079,nan,nan
1704800137090,nan,nan
1704800137101,nan,nan
1704800137112,nan,nan
1704800137123,nan,nan
1704800137134,nan,nan
1704800137145,nan,nan
1704800137157,nan,nan
1704800137201,nan,nan
1704800137218,nan,nan
1704800137224,nan,nan
1704800137236,nan,nan
1704800137245,nan,nan
1704800137257,nan,nan
1704800137267,nan,nan
1704800137279,nan,nan
1704800137290,nan,nan
1704800137301,nan,nan
1704800137312,nan,nan
1704800137351,nan,nan
1704800137352,nan,nan
1704800137357,nan,nan
1704800137371,nan,nan
1704800137379,nan,nan
1704800137391,nan,nan
1704800137400,nan,nan
1704800137411,nan,nan
1704800137423,nan,nan
1704800137434,nan,nan
1704800137445,nan,nan
1704800137456,nan,nan
1704800137498,nan,nan
1704800137499,nan,nan
1704800137500,nan,nan
1704800137518,nan,nan
1704800137523,nan,nan
1704800137534,nan,nan
1704800137545,nan,nan
1704800137556,nan,nan
1704800137567,nan,nan
1704800137578,nan,nan
1704800137590,nan,nan
1704800137600,nan,nan
1704800137623,nan,nan
1704800137645,nan,nan
1704800137646,nan,nan
1704800137662,nan,nan
1704800137667,nan,nan
1704800137679,nan,nan
1704800137690,nan,nan
1704800137700,nan,nan
1704800137712,nan,nan
1704800137723,nan,nan
1704800137734,nan,nan
1704800137745,nan,nan
1704800137780,nan,nan
1704800137781,nan,nan
1704800137796,nan,nan
1704800137800,nan,nan
1704800137812,nan,nan
1704800137823,nan,nan
1704800137834,nan,nan
1704800137845,nan,nan
1704800137856,nan,nan
1704800137867,nan,nan
1704800137878,nan,nan
1704800137890,nan,nan
1704800137934,nan,nan
1704800137935,nan,nan
1704800137950,nan,nan
1704800137957,nan,nan
1704800137969,nan,nan
1704800137978,nan,nan
1704800137989,nan,nan
1704800138000,nan,nan
1704800138011,nan,nan
1704800138023,nan,nan
1704800138034,nan,nan
1704800138045,nan,nan
1704800138079,nan,nan
1704800138080,nan,nan
1704800138099,nan,nan
1704800138100,nan,nan
1704800138111,nan,nan
1704800138123,nan,nan
1704800138133,nan,nan
1704800138144,nan,nan
1704800138156,nan,nan
1704800138167,nan,nan
1704800138178,nan,nan
1704800138189,nan,nan
1704800138229,nan,nan
1704800138230,nan,nan
1704800138233,nan,nan
1704800138248,nan,nan
1704800138257,nan,nan
1704800138266,nan,nan
1704800138277,nan,nan
1704800138289,nan,nan
1704800138300,nan,nan
1704800138311,nan,nan
1704800138323,nan,nan
1704800138333,nan,nan
1704800138344,nan,nan
1704800138379,nan,nan
1704800138380,nan,nan
1704800138389,nan,nan
1704800138400,nan,nan
1704800138412,nan,nan
1704800138423,nan,nan
1704800138433,nan,nan
1704800138444,nan,nan
1704800138457,nan,nan
1704800138466,nan,nan
1704800138485,nan,nan
1704800138531,nan,nan
1704800138532,nan,nan
1704800138533,nan,nan
1704800138550,nan,nan
1704800138556,nan,nan
1704800138567,nan,nan
1704800138577,nan,nan
1704800138594,nan,nan
1704800138613,nan,nan
1704800138625,nan,nan
1704800138636,nan,nan
1704800138647,nan,nan
1704800138683,nan,nan
1704800138691,nan,nan
1704800138702,nan,nan
1704800138713,nan,nan
1704800138724,nan,nan
1704800138735,nan,nan
1704800138746,nan,nan
1704800138758,nan,nan
1704800138769,nan,nan
1704800138780,nan,nan
1704800138791,nan,nan
1704800138813,nan,nan
1704800138839,nan,nan
1704800138840,nan,nan
1704800138846,nan,nan
1704800138860,nan,nan
1704800138869,nan,nan
1704800138880,nan,nan
1704800138891,nan,nan
1704800138902,nan,nan
1704800138913,nan,nan
1704800138925,nan,nan
1704800138936,nan,nan
1704800138947,nan,nan
1704800138958,nan,nan
1704800138997,nan,nan
1704800138998,nan,nan
1704800139002,nan,nan
1704800139015,nan,nan
1704800139024,nan,nan
1704800139035,nan,nan
1704800139046,nan,nan
1704800139058,nan,nan
1704800139068,nan,nan
1704800139079,nan,nan
1704800139091,nan,nan
1704800139102,nan,nan
1704800139113,nan,nan
1704800139148,nan,nan
1704800139149,nan,nan
1704800139165,nan,nan
1704800139169,nan,nan
1704800139182,nan,nan
1704800139191,nan,nan
1704800139202,nan,nan
1704800139213,nan,nan
1704800139224,nan,nan
1704800139236,nan,nan
1704800139247,nan,nan
1704800139258,nan,nan
1704800139299,nan,nan
1704800139300,nan,nan
1704800139303,nan,nan
1704800139316,nan,nan
1704800139325,nan,nan
1704800139336,nan,nan
1704800139345,nan,nan
1704800139357,nan,nan
1704800139368,nan,nan
1704800139379,nan,nan
1704800139390,nan,nan
1704800139401,nan,nan
1704800139412,nan,nan
1704800139449,nan,nan
1704800139450,nan,nan
1704800139458,nan,nan
1704800139469,nan,nan
1704800139481,nan,nan
1704800139491,nan,nan
1704800139502,nan,nan
1704800139513,nan,nan
1704800139525,nan,nan
1704800139535,nan,nan
1704800139545,nan,nan
1704800139557,nan,nan
1704800139576,nan,nan
1704800139598,nan,nan
1704800139599,nan,nan
1704800139601,nan,nan
1704800139616,nan,nan
1704800139624,nan,nan
1704800139635,nan,nan
1704800139645,nan,nan
1704800139657,nan,nan
1704800139668,nan,nan
1704800139679,nan,nan
1704800139691,nan,nan
1704800139702,nan,nan
1704800139712,nan,nan
1704800139751,nan,nan
1704800139758,nan,nan
1704800139769,nan,nan
1704800139782,nan,nan
1704800139792,nan,nan
1704800139803,nan,nan
1704800139813,nan,nan
1704800139832,nan,nan
1704800139847,nan,nan
1704800139857,nan,nan
1704800139897,nan,nan
1704800139898,nan,nan
1704800139903,nan,nan
1704800139916,nan,nan
1704800139925,nan,nan
1704800139937,988.3373260498047,661.4551019668579
1704800139948,992.7832412719727,621.043975353241
1704800139960,996.4121627807617,624.8626899719238
1704800139972,1010.5001449584961,639.456524848938
1704800139982,1169.6682739257812,756.9374513626099
1704800139993,1210.760498046875,788.5922384262085
1704800140005,1228.720588684082,810.256462097168
1704800140015,1193.0752182006836,819.6826457977295
1704800140049,1195.9685897827148,821.9039011001587
1704800140051,1204.007568359375,834.936261177063
1704800140060,1209.7597122192383,806.2280416488647
1704800140071,1209.4845581054688,806.0766792297363
1704800140084,1209.4404602050781,804.4495439529419
1704800140094,1213.6274337768555,810.325813293457
1704800140105,1211.6274642944336,807.1945381164551
1704800140116,1212.9512023925781,805.371150970459
1704800140127,1211.5544509887695,808.5391187667847
1704800140138,1217.8500366210938,808.0805253982544
1704800140149,1219.9818801879883,802.4904155731201
1704800140159,1215.4699325561523,789.4529914855957
1704800140201,1104.982681274414,814.6733951568604
1704800140202,763.7033081054688,892.4432945251465
1704800140204,526.631908416748,930.9111928939819
1704800140219,491.82552337646484,888.4134578704834
1704800140227,497.7090644836426,899.3677711486816
1704800140238,494.7323226928711,894.9562454223633
1704800140249,480.29369354248047,899.8355054855347
1704800140260,482.8646469116211,897.1014547348022
1704800140271,484.33618545532227,896.8773078918457
1704800140282,481.9590759277344,892.578821182251
1704800140294,478.19379806518555,890.509443283081
1704800140305,481.73269271850586,892.0342683792114
1704800140316,486.8346977233887,893.389835357666
1704800140348,488.41182708740234,894.7508525848389
1704800140349,486.9646644592285,891.927752494812
1704800140361,497.12902069091797,893.2685565948486
1704800140372,577.4200439453125,897.29088306427
1704800140384,885.1144790649414,898.2896947860718
1704800140394,1045.6760787963867,898.198413848877
1704800140405,1113.492660522461,900.347957611084
1704800140416,1166.7936325073242,916.5769100189209
1704800140427,1161.0546112060547,914.6679067611694
1704800140438,1163.5739135742188,912.1189069747925
1704800140449,1172.2697448730469,916.2021732330322
1704800140461,1171.114273071289,917.8943681716919
1704800140482,1175.981674194336,914.5006227493286
1704800140503,1170.3515243530273,906.7273664474487
1704800140504,1170.0457382202148,903.6142015457153
1704800140526,1172.5329208374023,905.9305143356323
1704800140538,1167.8874969482422,909.8292446136475
1704800140548,1160.8318328857422,906.2405776977539
1704800140561,1164.367561340332,907.1870756149292
1704800140571,1161.3236236572266,902.4250173568726
1704800140582,1161.955451965332,902.6171493530273
1704800140593,1157.6316452026367,901.7806434631348
1704800140604,1159.0686416625977,901.875786781311
1704800140615,1157.8495025634766,912.277135848999
1704800140627,1160.7712173461914,917.8890037536621
1704800140667,1162.764892578125,920.5733156204224
1704800140668,1163.0885696411133,915.650839805603
1704800140671,1163.4389877319336,914.7127532958984
1704800140684,1166.1440658569336,911.6991519927979
1704800140693,1168.183479309082,910.3034162521362
1704800140704,1161.4763641357422,911.574912071228
1704800140715,1161.4606094360352,914.2591381072998
1704800140727,1163.144416809082,917.7800416946411
1704800140738,1168.929100036621,914.8625707626343
1704800140749,1173.1456756591797,919.0165615081787
1704800140760,1170.014419555664,918.4189224243164
1704800140771,1163.3544158935547,921.7630577087402
1704800140782,1085.2351379394531,939.279899597168
1704800140816,998.1990432739258,934.7116899490356
1704800140817,881.899299621582,931.5968942642212
1704800140833,425.4718017578125,882.961106300354
1704800140838,345.0970268249512,880.5981874465942
1704800140849,290.6867027282715,884.8574066162109
1704800140860,294.2841625213623,888.5474395751953
1704800140871,295.75928688049316,890.5632591247559
1704800140882,292.778377532959,894.9806213378906
1704800140893,291.4384174346924,896.5657424926758
1704800140905,290.9663200378418,896.9550704956055
1704800140916,288.9706230163574,896.3277339935303
1704800140927,285.4681873321533,891.6869115829468
1704800140948,287.2217845916748,885.4680490493774
1704800140968,290.3434753417969,888.3732032775879
1704800140969,291.5525817871094,889.6207094192505
1704800140971,290.82868576049805,894.4651222229004
1704800140988,282.10509300231934,887.3402738571167
1704800140995,283.3654022216797,885.0615549087524
1704800141006,285.2110195159912,882.4019622802734
1704800141016,280.1952362060547,884.5574283599854
1704800141027,281.70945167541504,884.7556972503662
1704800141037,279.3984127044678,883.2188987731934
1704800141048,284.8399353027344,884.9802303314209
1704800141059,281.1105537414551,886.2685489654541
1704800141071,281.8650531768799,883.6054801940918
1704800141081,284.09241676330566,881.2158679962158
1704800141093,288.2762622833252,882.7282476425171
1704800141133,345.9701919555664,894.9779176712036
1704800141134,845.9590911865234,925.9760999679565
1704800141137,1002.1036148071289,942.7955675125122
1704800141150,1200.2452087402344,981.7568206787109
1704800141160,1229.6953582763672,993.707799911499
1704800141171,1233.554344177246,994.9146223068237
1704800141181,1246.5185165405273,999.5784044265747
1704800141193,1242.0597457885742,1000.4925441741943
1704800141204,1236.6051864624023,1000.7305955886841
1704800141215,1235.3464126586914,1001.9413661956787
1704800141226,1245.8378982543945,1002.7837514877319
1704800141237,1245.4010009765625,1007.3750925064087
1704800141248,1249.6835327148438,1001.9129991531372
1704800141284,1246.569480895996,1000.9076642990112
1704800141286,1247.2721481323242,996.987133026123
1704800141293,1248.7332916259766,1002.1030282974243
1704800141304,1253.6715698242188,999.074535369873
1704800141317,1250.2898406982422,1005.0660753250122
1704800141326,1294.3877410888672,1023.8006830215454
1704800141338,1403.3106994628906,1095.2636575698853
1704800141348,1699.5843505859375,1326.8580293655396
1704800141358,nan,nan
1704800141386,nan,nan
1704800141391,nan,nan
1704800141402,nan,nan
1704800141435,nan,nan
1704800141436,nan,nan
1704800141446,nan,nan
1704800141457,nan,nan
1704800141468,nan,nan
1704800141479,nan,nan
1704800141490,nan,nan
1704800141500,nan,nan
1704800141512,nan,nan
1704800141523,nan,nan
1704800141534,nan,nan
1704800141545,nan,nan
1704800141557,nan,nan
1704800141600,nan,nan
1704800141601,nan,nan
1704800141618,nan,nan
1704800141624,nan,nan
1704800141636,nan,nan
1704800141646,nan,nan
1704800141657,nan,nan
1704800141668,nan,nan
1704800141679,nan,nan
1704800141690,nan,nan
1704800141701,nan,nan
1704800141713,nan,nan
1704800141751,nan,nan
1704800141752,nan,nan
1704800141757,nan,nan
1704800141768,nan,nan
1704800141779,nan,nan
1704800141791,nan,nan
1704800141800,nan,nan
1704800141811,nan,nan
1704800141823,nan,nan
1704800141834,nan,nan
1704800141845,nan,nan
1704800141856,nan,nan
1704800141876,nan,nan
1704800141902,nan,nan
1704800141903,nan,nan
1704800141918,nan,nan
1704800141923,nan,nan
1704800141936,nan,nan
1704800141945,nan,nan
1704800141956,nan,nan
1704800141967,nan,nan
1704800141979,nan,nan
1704800141990,nan,nan
1704800142001,nan,nan
1704800142012,nan,nan
1704800142052,nan,nan
1704800142056,nan,nan
1704800142069,nan,nan
1704800142078,nan,nan
1704800142090,nan,nan
1704800142100,nan,nan
1704800142112,nan,nan
1704800142123,nan,nan
1704800142134,nan,nan
1704800142146,nan,nan
1704800142157,nan,nan
1704800142177,nan,nan
1704800142199,nan,nan
1704800142201,nan,nan
1704800142216,nan,nan
1704800142223,nan,nan
1704800142234,nan,nan
1704800142245,nan,nan
1704800142256,nan,nan
1704800142267,nan,nan
1704800142279,nan,nan
1704800142290,nan,nan
1704800142301,nan,nan
1704800142313,nan,nan
1704800142350,nan,nan
1704800142351,nan,nan
1704800142357,nan,nan
1704800142368,nan,nan
1704800142379,nan,nan
1704800142390,nan,nan
1704800142401,nan,nan
1704800142411,nan,nan
1704800142422,nan,nan
1704800142434,nan,nan
1704800142446,nan,nan
1704800142456,nan,nan
1704800142467,nan,nan
1704800142507,nan,nan
1704800142512,nan,nan
1704800142523,nan,nan
1704800142534,nan,nan
1704800142545,nan,nan
1704800142556,nan,nan
1704800142567,nan,nan
1704800142578,nan,nan
1704800142589,nan,nan
1704800142600,nan,nan
1704800142612,nan,nan
1704800142630,nan,nan
1704800142652,nan,nan
1704800142656,nan,nan
1704800142669,nan,nan
1704800142676,nan,nan
1704800142694,nan,nan
1704800142713,nan,nan
1704800142726,nan,nan
1704800142736,nan,nan
1704800142746,nan,nan
1704800142758,nan,nan
1704800142807,nan,nan
1704800142808,nan,nan
1704800142813,nan,nan
1704800142825,nan,nan
1704800142836,nan,nan
1704800142847,nan,nan
1704800142858,nan,nan
1704800142869,nan,nan
1704800142880,nan,nan
1704800142892,nan,nan
1704800142902,nan,nan
1704800142913,nan,nan
1704800142956,nan,nan
1704800142958,nan,nan
1704800142972,nan,nan
1704800142980,nan,nan
1704800142992,nan,nan
1704800143002,nan,nan
1704800143013,nan,nan
1704800143025,nan,nan
1704800143035,nan,nan
1704800143047,nan,nan
1704800143058,nan,nan
1704800143069,nan,nan
1704800143105,nan,nan
1704800143106,nan,nan
1704800143113,nan,nan
1704800143124,nan,nan
1704800143136,nan,nan
1704800143146,nan,nan
1704800143158,nan,nan
1704800143168,nan,nan
1704800143179,nan,nan
1704800143191,nan,nan
1704800143203,nan,nan
1704800143213,nan,nan
1704800143251,nan,nan
1704800143259,nan,nan
1704800143269,nan,nan
1704800143280,nan,nan
1704800143291,nan,nan
1704800143302,nan,nan
1704800143313,nan,nan
1704800143325,nan,nan
1704800143335,nan,nan
1704800143347,nan,nan
1704800143384,nan,nan
1704800143391,nan,nan
1704800143403,nan,nan
1704800143413,nan,nan
1704800143425,nan,nan
1704800143435,nan,nan
1704800143446,nan,nan
1704800143458,nan,nan
1704800143469,nan,nan
1704800143480,nan,nan
1704800143491,nan,nan
1704800143513,nan,nan
1704800143535,nan,nan
1704800143536,nan,nan
1704800143547,nan,nan
1704800143558,nan,nan
1704800143569,nan,nan
1704800143580,nan,nan
1704800143591,nan,nan
1704800143602,nan,nan
1704800143612,nan,nan
1704800143624,nan,nan
1704800143635,nan,nan
1704800143646,nan,nan
1704800143687,nan,nan
1704800143688,nan,nan
1704800143691,nan,nan
1704800143706,nan,nan
1704800143713,nan,nan
1704800143725,nan,nan
1704800143735,nan,nan
1704800143746,nan,nan
1704800143758,nan,nan
1704800143769,nan,nan
1704800143780,nan,nan
1704800143791,nan,nan
1704800143801,nan,nan
1704800143836,nan,nan
1704800143837,nan,nan
1704800143853,nan,nan
1704800143857,nan,nan
1704800143869,nan,nan
1704800143879,nan,nan
1704800143890,nan,nan
1704800143901,nan,nan
1704800143912,nan,nan
1704800143924,nan,nan
1704800143935,nan,nan
1704800143946,nan,nan
1704800143987,nan,nan
1704800143988,nan,nan
1704800143991,nan,nan
1704800144004,nan,nan
1704800144013,nan,nan
1704800144024,nan,nan
1704800144035,nan,nan
1704800144046,nan,nan
1704800144058,nan,nan
1704800144069,nan,nan
1704800144080,nan,nan
1704800144090,nan,nan
1704800144138,nan,nan
1704800144139,nan,nan
1704800144145,nan,nan
1704800144157,nan,nan
1704800144170,nan,nan
1704800144179,nan,nan
1704800144190,nan,nan
1704800144201,nan,nan
1704800144212,nan,nan
1704800144224,nan,nan
1704800144234,nan,nan
1704800144246,nan,nan
1704800144258,nan,nan
1704800144309,nan,nan
1704800144312,nan,nan
1704800144329,nan,nan
1704800144336,nan,nan
1704800144347,nan,nan
1704800144357,nan,nan
1704800144368,nan,nan
1704800144379,nan,nan
1704800144391,nan,nan
1704800144402,nan,nan
1704800144412,nan,nan
1704800144432,nan,nan
1704800144454,nan,nan
1704800144455,nan,nan
1704800144457,nan,nan
1704800144471,nan,nan
1704800144479,nan,nan
1704800144492,nan,nan
1704800144501,nan,nan
1704800144512,nan,nan
1704800144524,nan,nan
1704800144535,nan,nan
1704800144546,nan,nan
1704800144557,nan,nan
1704800144568,nan,nan
1704800144604,nan,nan
1704800144605,nan,nan
1704800144612,nan,nan
1704800144623,nan,nan
1704800144635,nan,nan
1704800144646,nan,nan
1704800144658,nan,nan
1704800144668,nan,nan
1704800144679,nan,nan
1704800144690,nan,nan
1704800144701,nan,nan
1704800144712,nan,nan
1704800144733,nan,nan
1704800144759,nan,nan
1704800144760,nan,nan
1704800144776,nan,nan
1704800144780,nan,nan
1704800144791,nan,nan
1704800144802,nan,nan
1704800144813,nan,nan
1704800144824,nan,nan
1704800144834,nan,nan
1704800144845,nan,nan
1704800144857,nan,nan
1704800144868,nan,nan
1704800144907,nan,nan
1704800144908,nan,nan
1704800144913,nan,nan
1704800144925,nan,nan
1704800144935,nan,nan
1704800144946,nan,nan
1704800144957,nan,nan
1704800144968,nan,nan
1704800144979,nan,nan
1704800144990,nan,nan
1704800145001,nan,nan
1704800145012,nan,nan
1704800145023,nan,nan
1704800145034,nan,nan
1704800145071,nan,nan
1704800145072,nan,nan
1704800145078,nan,nan
1704800145090,nan,nan
1704800145101,nan,nan
1704800145111,nan,nan
1704800145128,nan,nan
1704800145147,nan,nan
1704800145165,nan,nan
1704800145181,nan,nan
1704800145219,nan,nan
1704800145220,nan,nan
1704800145226,nan,nan
1704800145239,1028.944320678711,986.2728881835938
1704800145249,1028.944320678711,986.2728881835938
1704800145260,1028.944320678711,986.2728881835938
1704800145272,1008.0614471435547,913.9579582214355
1704800145282,1008.0614471435547,913.9579582214355
1704800145294,1003.8571929931641,937.6129817962646
1704800145305,999.9223709106445,940.0921583175659
1704800145317,1006.8099594116211,912.4981069564819
1704800145328,1015.0215911865234,902.9101753234863
1704800145369,1010.6742858886719,904.6957111358643
1704800145370,998.4640121459961,899.0050935745239
1704800145372,999.6829223632812,904.0600490570068
1704800145386,996.485710144043,903.899974822998
1704800145394,992.0785903930664,901.5539646148682
1704800145406,1016.6961669921875,902.4463033676147
1704800145416,1146.3511276245117,898.6497116088867
1704800145427,1186.2918853759766,896.5593481063843
1704800145438,1211.7251586914062,885.014476776123
1704800145449,1196.599464416504,873.0641412734985
1704800145461,1196.9091033935547,872.0094966888428
1704800145472,1191.6363525390625,872.5586414337158
1704800145483,1192.7614212036133,873.3107757568359
1704800145524,1195.4487991333008,869.3481016159058
1704800145525,1194.924545288086,869.7327089309692
1704800145527,1188.8933181762695,881.1429119110107
1704800145542,1196.4799118041992,874.7867631912231
1704800145550,1199.2224884033203,873.8927507400513
1704800145562,1199.5463180541992,870.2921533584595
1704800145572,1198.8725662231445,872.1408176422119
1704800145583,1195.6443405151367,863.9446306228638
1704800145595,1195.6858825683594,869.4388675689697
1704800145605,1191.7598342895508,866.5247011184692
1704800145617,1193.5028076171875,870.2617692947388
1704800145628,1190.9348678588867,869.2344188690186
1704800145670,1192.7384948730469,872.4707937240601
1704800145671,1191.7146301269531,872.297887802124
1704800145672,1192.3087310791016,870.2661895751953
1704800145688,1190.1343154907227,867.4683237075806
1704800145695,1188.7149047851562,870.5977535247803
1704800145706,1185.1761627197266,875.1867771148682
1704800145717,1189.7895812988281,876.8466997146606
1704800145727,1191.0862731933594,878.074164390564
1704800145739,1189.29443359375,878.9121723175049
1704800145750,1175.7594680786133,877.4810314178467
1704800145761,1175.2727127075195,876.2245559692383
1704800145772,1142.7392578125,872.7535629272461
1704800145783,1037.9753875732422,878.3496809005737
1704800145818,981.5358734130859,890.2767133712769
1704800145819,939.4692993164062,916.1778831481934
1704800145834,718.2236480712891,1017.1561861038208
1704800145839,668.7466812133789,1037.9209470748901
1704800145851,616.8127250671387,1052.1770811080933
1704800145861,616.0698318481445,1051.5431356430054
1704800145872,613.5894775390625,1051.4167070388794
1704800145883,612.2017097473145,1047.8458499908447
1704800145894,614.2185592651367,1051.4409971237183
1704800145906,617.2855949401855,1047.9162740707397
1704800145917,617.8446769714355,1039.7726154327393
1704800145928,616.6024398803711,1038.0137300491333
1704800145949,613.1423759460449,1040.2091073989868
1704800145971,606.7743110656738,1047.260570526123
1704800145972,608.0494689941406,1042.8539371490479
1704800145988,611.9162750244141,1048.6087560653687
1704800145994,615.3701210021973,1052.9349660873413
1704800146005,616.1505889892578,1058.4301900863647
1704800146016,612.4888038635254,1052.2482347488403
1704800146027,606.8275260925293,1047.162938117981
1704800146039,604.2900085449219,1039.6330547332764
1704800146050,607.0900535583496,1039.637861251831
1704800146061,607.9599952697754,1041.2577438354492
1704800146072,607.3458671569824,1046.6042232513428
1704800146083,617.4498558044434,1050.8954572677612
1704800146119,687.3050689697266,1033.1473445892334
1704800146120,777.5093078613281,992.473554611206
1704800146134,1049.3872451782227,833.2473707199097
1704800146138,1058.664779663086,825.9391450881958
1704800146150,1049.568862915039,837.0415163040161
1704800146160,1054.2661666870117,831.477370262146
1704800146171,1057.6764678955078,822.7500200271606
1704800146183,1064.2947006225586,817.9571056365967
1704800146194,1071.0394668579102,825.2042627334595
1704800146205,1070.3045272827148,833.5476922988892
1704800146216,1064.2421340942383,837.9285335540771
1704800146228,1060.9423446655273,836.1206817626953
1704800146273,1062.525863647461,832.5935125350952
1704800146274,1070.2204895019531,834.825496673584
1704800146288,1067.6639938354492,836.4413022994995
1704800146294,1069.4183731079102,837.8303861618042
1704800146305,1069.515495300293,838.8541746139526
1704800146316,1069.8262023925781,836.6572093963623
1704800146327,1110.9026336669922,846.9523429870605
1704800146338,1192.0263671875,935.6031274795532
1704800146347,1411.8496322631836,1126.8333435058594
1704800146359,nan,nan
1704800146370,nan,nan
1704800146381,nan,nan
1704800146421,nan,nan
1704800146425,nan,nan
1704800146438,nan,nan
1704800146447,nan,nan
1704800146458,nan,nan
1704800146475,nan,nan
1704800146495,nan,nan
1704800146506,nan,nan
1704800146515,nan,nan
1704800146528,nan,nan
1704800146571,nan,nan
1704800146572,nan,nan
1704800146589,nan,nan
1704800146596,nan,nan
1704800146611,nan,nan
1704800146627,nan,nan
1704800146638,nan,nan
1704800146649,nan,nan
1704800146661,nan,nan
1704800146671,nan,nan
1704800146683,nan,nan
1704800146721,nan,nan
1704800146722,nan,nan
1704800146726,nan,nan
1704800146739,nan,nan
1704800146748,nan,nan
1704800146761,nan,nan
1704800146770,nan,nan
1704800146782,nan,nan
1704800146793,nan,nan
1704800146804,nan,nan
1704800146815,nan,nan
1704800146827,nan,nan
1704800146837,nan,nan
1704800146871,nan,nan
1704800146882,nan,nan
1704800146893,nan,nan
1704800146905,nan,nan
1704800146915,nan,nan
1704800146927,nan,nan
1704800146937,nan,nan
1704800146949,nan,nan
1704800146960,nan,nan
1704800146971,nan,nan
1704800146982,nan,nan
1704800147022,nan,nan
1704800147023,nan,nan
1704800147027,nan,nan
1704800147040,nan,nan
1704800147049,nan,nan
1704800147060,nan,nan
1704800147071,nan,nan
1704800147082,nan,nan
1704800147093,nan,nan
1704800147104,nan,nan
1704800147116,nan,nan
1704800147127,nan,nan
1704800147138,nan,nan
1704800147173,nan,nan
1704800147181,nan,nan
1704800147193,nan,nan
1704800147204,nan,nan
1704800147215,nan,nan
1704800147226,nan,nan
1704800147237,nan,nan
1704800147248,nan,nan
1704800147260,nan,nan
1704800147271,nan,nan
1704800147282,nan,nan
1704800147320,nan,nan
1704800147321,nan,nan
1704800147327,nan,nan
1704800147338,nan,nan
1704800147350,nan,nan
1704800147359,nan,nan
1704800147371,1151.5876007080078,1241.5476036071777
1704800147382,1151.5876007080078,1241.5476036071777
1704800147393,1151.5876007080078,1241.5476036071777
1704800147405,1162.5130462646484,987.874231338501
1704800147415,1162.5130462646484,987.874231338501
1704800147427,1162.5130462646484,987.874231338501
1704800147449,1186.1534881591797,1010.0836086273193
1704800147471,1171.8699645996094,980.277099609375
1704800147472,1172.983169555664,973.6132907867432
1704800147488,1176.1134338378906,980.4339122772217
1704800147495,1168.9932250976562,989.1989421844482
1704800147505,1174.6757507324219,992.5662517547607
1704800147516,1169.0594482421875,987.5470447540283
1704800147527,1165.6732940673828,987.4765777587891
1704800147538,1148.8104248046875,972.784595489502
1704800147549,1105.4593658447266,879.5483493804932
1704800147560,1093.7260437011719,838.9207363128662
1704800147571,1092.776870727539,824.8814964294434
1704800147582,1094.1403198242188,830.1574230194092
1704800147620,1093.9982604980469,834.9539852142334
1704800147627,1095.9320068359375,838.2773494720459
1704800147638,1096.8142700195312,841.6878318786621
1704800147651,1097.6485443115234,843.2148456573486
1704800147661,1090.9049224853516,838.1680870056152
1704800147672,1091.3721466064453,837.601261138916
1704800147682,1090.5662536621094,843.1676387786865
1704800147694,1095.8822631835938,849.0121936798096
1704800147705,1120.0764465332031,850.7802200317383
1704800147716,1240.1303100585938,836.0260105133057
1704800147727,1290.5877685546875,809.1179180145264
1704800147737,1313.3685302734375,779.0511703491211
1704800147772,1286.9673156738281,829.0777587890625
1704800147788,1284.2909240722656,841.7862796783447
1704800147792,nan,nan
1704800147803,nan,nan
1704800147814,nan,nan
1704800147826,nan,nan
1704800147837,nan,nan
1704800147848,nan,nan
1704800147859,nan,nan
1704800147869,nan,nan
1704800147898,nan,nan
1704800147921,nan,nan
1704800147922,nan,nan
1704800147929,nan,nan
1704800147939,nan,nan
1704800147949,nan,nan
1704800147961,nan,nan
1704800147972,nan,nan
1704800147982,nan,nan
1704800147994,nan,nan
1704800148005,nan,nan
1704800148016,nan,nan
1704800148028,nan,nan
1704800148075,nan,nan
1704800148076,nan,nan
1704800148083,nan,nan
1704800148095,nan,nan
1704800148107,nan,nan
1704800148117,nan,nan
1704800148128,nan,nan
1704800148139,nan,nan
1704800148150,nan,nan
1704800148161,nan,nan
1704800148172,nan,nan
1704800148183,nan,nan
1704800148224,nan,nan
1704800148225,nan,nan
1704800148228,nan,nan
1704800148241,nan,nan
1704800148250,nan,nan
1704800148262,nan,nan
1704800148272,nan,nan
1704800148283,nan,nan
1704800148295,nan,nan
1704800148306,nan,nan
1704800148317,nan,nan
1704800148328,nan,nan
1704800148338,nan,nan
1704800148378,nan,nan
1704800148379,nan,nan
1704800148382,nan,nan
1704800148395,nan,nan
1704800148405,nan,nan
1704800148416,nan,nan
1704800148427,nan,nan
1704800148439,nan,nan
1704800148449,nan,nan
1704800148461,nan,nan
1704800148472,nan,nan
1704800148483,nan,nan
1704800148525,nan,nan
1704800148526,nan,nan
1704800148528,nan,nan
1704800148542,nan,nan
1704800148550,nan,nan
1704800148561,nan,nan
1704800148572,nan,nan
1704800148583,nan,nan
1704800148595,nan,nan
1704800148605,nan,nan
1704800148616,nan,nan
1704800148628,nan,nan
1704800148639,nan,nan
1704800148677,nan,nan
1704800148678,nan,nan
1704800148683,nan,nan
1704800148696,nan,nan
1704800148706,nan,nan
1704800148716,nan,nan
1704800148727,nan,nan
1704800148738,nan,nan
1704800148749,nan,nan
1704800148760,nan,nan
1704800148772,nan,nan
1704800148782,nan,nan
1704800148803,nan,nan
1704800148824,nan,nan
1704800148825,nan,nan
1704800148827,nan,nan
1704800148842,nan,nan
1704800148850,nan,nan
1704800148861,nan,nan
1704800148872,nan,nan
1704800148882,nan,nan
1704800148894,nan,nan
1704800148905,nan,nan
1704800148916,nan,nan
1704800148927,nan,nan
1704800148938,nan,nan
1704800148955,nan,nan
1704800148977,nan,nan
1704800148978,nan,nan
1704800148982,nan,nan
1704800148999,nan,nan
1704800149005,nan,nan
1704800149016,nan,nan
1704800149027,nan,nan
1704800149038,nan,nan
1704800149049,nan,nan
1704800149061,nan,nan
1704800149071,nan,nan
1704800149082,nan,nan
1704800149094,nan,nan
1704800149105,nan,nan
1704800149144,nan,nan
1704800149145,nan,nan
1704800149149,nan,nan
1704800149161,nan,nan
1704800149172,nan,nan
1704800149183,nan,nan
1704800149194,nan,nan
1704800149205,nan,nan
1704800149216,nan,nan
1704800149228,nan,nan
1704800149238,nan,nan
1704800149249,nan,nan
1704800149290,nan,nan
1704800149291,nan,nan
1704800149293,nan,nan
1704800149308,nan,nan
1704800149315,nan,nan
1704800149327,nan,nan
1704800149337,nan,nan
1704800149349,nan,nan
1704800149360,nan,nan
1704800149371,nan,nan
1704800149382,nan,nan
1704800149394,nan,nan
1704800149404,nan,nan
1704800149440,nan,nan
1704800149441,nan,nan
1704800149449,nan,nan
1704800149460,nan,nan
1704800149472,nan,nan
1704800149482,nan,nan
1704800149493,nan,nan
1704800149504,nan,nan
1704800149515,nan,nan
1704800149527,nan,nan
1704800149538,nan,nan
1704800149549,nan,nan
1704800149592,nan,nan
1704800149594,nan,nan
1704800149610,nan,nan
1704800149616,nan,nan
1704800149628,nan,nan
1704800149638,nan,nan
1704800149649,nan,nan
1704800149659,nan,nan
1704800149670,nan,nan
1704800149682,nan,nan
1704800149693,nan,nan
1704800149704,nan,nan
1704800149741,nan,nan
1704800149742,nan,nan
1704800149748,nan,nan
1704800149760,nan,nan
1704800149771,nan,nan
1704800149782,nan,nan
1704800149793,nan,nan
1704800149804,nan,nan
1704800149815,nan,nan
1704800149827,nan,nan
1704800149838,nan,nan
1704800149848,nan,nan
1704800149869,nan,nan
1704800149891,nan,nan
1704800149892,nan,nan
1704800149893,nan,nan
1704800149911,nan,nan
1704800149915,nan,nan
1704800149926,nan,nan
1704800149937,nan,nan
1704800149948,nan,nan
1704800149960,nan,nan
1704800149971,nan,nan
1704800149982,nan,nan
1704800149993,nan,nan
1704800150004,nan,nan
1704800150015,nan,nan
1704800150059,nan,nan
1704800150060,nan,nan
1704800150076,nan,nan
1704800150082,nan,nan
1704800150095,nan,nan
1704800150104,nan,nan
1704800150115,nan,nan
1704800150127,nan,nan
1704800150138,nan,nan
1704800150149,nan,nan
1704800150160,nan,nan
1704800150171,nan,nan
1704800150207,nan,nan
1704800150208,nan,nan
1704800150216,nan,nan
1704800150226,nan,nan
1704800150245,nan,nan
1704800150261,nan,nan
1704800150271,nan,nan
1704800150282,nan,nan
1704800150294,nan,nan
1704800150305,nan,nan
1704800150316,nan,nan
1704800150328,nan,nan
1704800150361,nan,nan
1704800150362,nan,nan
1704800150378,nan,nan
1704800150385,nan,nan
1704800150397,nan,nan
1704800150407,nan,nan
1704800150418,nan,nan
1704800150430,nan,nan
1704800150439,nan,nan
1704800150451,nan,nan
1704800150463,nan,nan
1704800150473,nan,nan
1704800150507,nan,nan
1704800150508,nan,nan
1704800150525,nan,nan
1704800150529,nan,nan
1704800150541,nan,nan
1704800150551,nan,nan
1704800150563,nan,nan
1704800150573,nan,nan
1704800150585,nan,nan
1704800150596,nan,nan
1704800150607,nan,nan
1704800150618,nan,nan
1704800150660,nan,nan
1704800150663,nan,nan
1704800150678,nan,nan
1704800150685,nan,nan
1704800150696,nan,nan
1704800150707,nan,nan
1704800150718,nan,nan
1704800150729,nan,nan
1704800150740,nan,nan
1704800150752,nan,nan
1704800150762,nan,nan
1704800150773,nan,nan
1704800150808,nan,nan
1704800150809,nan,nan
1704800150818,nan,nan
1704800150829,nan,nan
1704800150840,nan,nan
1704800150851,nan,nan
1704800150863,nan,nan
1704800150873,nan,nan
1704800150885,nan,nan
1704800150896,nan,nan
1704800150907,nan,nan
1704800150918,nan,nan
1704800150960,nan,nan
1704800150963,nan,nan
1704800150977,nan,nan
1704800150986,nan,nan
1704800150998,nan,nan
1704800151007,nan,nan
1704800151018,nan,nan
1704800151029,nan,nan
1704800151039,nan,nan
1704800151050,nan,nan
1704800151062,nan,nan
1704800151073,nan,nan
1704800151109,nan,nan
1704800151110,nan,nan
1704800151117,nan,nan
1704800151138,nan,nan
1704800151140,nan,nan
1704800151152,nan,nan
1704800151163,nan,nan
1704800151174,nan,nan
1704800151185,nan,nan
1704800151197,nan,nan
1704800151212,nan,nan
1704800151260,nan,nan
1704800151261,nan,nan
1704800151262,nan,nan
1704800151278,nan,nan
1704800151286,nan,nan
1704800151297,nan,nan
1704800151307,1504.7758483886719,901.3761234283447
1704800151318,1504.7758483886719,901.3761234283447
1704800151329,1504.7758483886719,901.3761234283447
1704800151341,1493.7657165527344,899.6711826324463
1704800151352,1533.4329223632812,858.2992458343506
1704800151363,1533.4329223632812,858.2992458343506
1704800151374,1533.3253479003906,860.8345127105713
1704800151412,1517.1540832519531,871.9295883178711
1704800151414,1482.9135131835938,878.1093978881836
1704800151419,1196.2127685546875,863.3904647827148
1704800151432,1157.3982238769531,860.6619930267334
1704800151440,1160.7988739013672,874.4600486755371
1704800151451,1160.7037353515625,879.3179798126221
1704800151462,1159.1503143310547,874.5566082000732
1704800151473,1158.8053894042969,872.0603942871094
1704800151485,1151.4613342285156,873.2190227508545
1704800151496,1153.4049987792969,882.1208667755127
1704800151507,1155.3812408447266,882.9783153533936
1704800151518,1147.9662322998047,882.5242710113525
1704800151539,1144.9154663085938,879.0976524353027
1704800151560,1136.5754699707031,883.1234550476074
1704800151561,1139.5524597167969,887.8238868713379
1704800151563,1140.5458068847656,897.485761642456
1704800151576,1140.9455871582031,894.3995475769043
1704800151585,1136.651611328125,891.3450908660889
1704800151596,1136.7639923095703,885.4941844940186
1704800151607,1136.5349578857422,884.5230102539062
1704800151618,1139.22119140625,890.484209060669
1704800151629,1138.309097290039,886.2171363830566
1704800151640,1139.0998077392578,885.917501449585
1704800151652,1139.795150756836,881.9610500335693
1704800151663,1140.114517211914,880.7625961303711
1704800151709,1138.1989288330078,884.0274238586426
1704800151718,538.2085800170898,979.3625736236572
1704800151732,466.5332794189453,989.0448760986328
1704800151741,454.81006622314453,988.1109523773193
1704800151753,464.8032760620117,998.7381649017334
1704800151763,464.4102478027344,1003.0065250396729
1704800151773,452.62386322021484,1000.144157409668
1704800151785,454.4164276123047,993.1593418121338
1704800151796,457.3176956176758,989.1447830200195
1704800151807,466.18812561035156,991.6447734832764
1704800151818,470.1116943359375,999.7366333007812
1704800151829,468.1093215942383,996.8697166442871
1704800151840,464.51133728027344,992.2817230224609
1704800151875,460.49015045166016,980.5569934844971
1704800151876,469.16847229003906,982.8218936920166
1704800151885,463.0904769897461,987.2149658203125
1704800151895,463.2963562011719,994.8127841949463
1704800151908,460.02613067626953,989.9164867401123
1704800151918,469.40093994140625,995.2379035949707
1704800151929,449.39685821533203,996.0366439819336
1704800151940,426.75960540771484,1010.674295425415
1704800151951,371.03397369384766,1037.3900413513184
1704800151962,362.61608123779297,1045.6915855407715
1704800151973,366.0394287109375,1046.3004684448242
1704800151985,369.5148468017578,1047.7376174926758
1704800152004,366.09996795654297,1046.8317604064941
1704800152025,366.79176330566406,1048.6372089385986
1704800152031,389.07384872436523,1061.260929107666
1704800152043,388.7009811401367,1059.8230075836182
1704800152053,386.7117500305176,1059.730567932129
1704800152064,386.3991355895996,1060.3904342651367
1704800152075,382.7390480041504,1063.8471364974976
1704800152087,388.1299591064453,1061.075792312622
1704800152098,385.4631233215332,1061.4962339401245
1704800152109,383.5786247253418,1064.0428733825684
1704800152120,376.8182563781738,1073.3806085586548
1704800152131,379.783992767334,1075.1455450057983
1704800152141,382.88265228271484,1071.077299118042
1704800152177,384.6685600280762,1067.4458026885986
1704800152192,380.9842300415039,1068.6513805389404
1704800152198,380.4864311218262,1066.390643119812
1704800152210,380.9812355041504,1062.2984075546265
1704800152220,382.08011627197266,1054.634199142456
1704800152231,384.2807197570801,1055.2232551574707
1704800152242,382.0265197753906,1056.772756576538
1704800152253,380.53937911987305,1064.5305633544922
1704800152264,379.3296813964844,1064.5587158203125
1704800152276,387.7833557128906,1066.6337585449219
1704800152287,512.6902389526367,1213.7415933609009
1704800152303,555.4119110107422,1264.169225692749
1704800152324,615.0173377990723,1342.6923751831055
1704800152328,nan,nan
1704800152342,nan,nan
1704800152351,nan,nan
1704800152363,nan,nan
1704800152373,nan,nan
1704800152384,nan,nan
1704800152394,nan,nan
1704800152405,nan,nan
1704800152417,nan,nan
1704800152428,nan,nan
1704800152439,nan,nan
1704800152474,nan,nan
1704800152475,nan,nan
1704800152484,nan,nan
1704800152495,nan,nan
1704800152507,nan,nan
1704800152517,nan,nan
1704800152528,nan,nan
1704800152539,nan,nan
1704800152550,nan,nan
1704800152562,nan,nan
1704800152572,nan,nan
1704800152584,nan,nan
1704800152623,nan,nan
1704800152624,nan,nan
1704800152628,nan,nan
1704800152640,nan,nan
1704800152651,nan,nan
1704800152662,nan,nan
1704800152672,nan,nan
1704800152684,nan,nan
1704800152695,nan,nan
1704800152706,nan,nan
1704800152717,nan,nan
1704800152728,nan,nan
1704800152739,nan,nan
1704800152775,nan,nan
1704800152776,nan,nan
1704800152783,nan,nan
1704800152794,nan,nan
1704800152808,nan,nan
1704800152817,nan,nan
1704800152828,nan,nan
1704800152839,nan,nan
1704800152850,nan,nan
1704800152861,nan,nan
1704800152871,nan,nan
1704800152908,nan,nan
1704800152909,nan,nan
1704800152917,nan,nan
1704800152928,nan,nan
1704800152939,nan,nan
1704800152950,nan,nan
1704800152961,nan,nan
1704800152972,nan,nan
1704800152984,nan,nan
1704800152995,nan,nan
1704800153006,nan,nan
1704800153017,nan,nan
1704800153060,nan,nan
1704800153061,nan,nan
1704800153077,nan,nan
1704800153083,nan,nan
1704800153094,nan,nan
1704800153105,nan,nan
1704800153116,nan,nan
1704800153127,nan,nan
1704800153138,nan,nan
1704800153150,nan,nan
1704800153161,nan,nan
1704800153172,nan,nan
1704800153214,nan,nan
1704800153215,nan,nan
1704800153217,nan,nan
1704800153231,nan,nan
1704800153238,nan,nan
1704800153250,nan,nan
1704800153261,nan,nan
1704800153272,nan,nan
1704800153283,nan,nan
1704800153294,nan,nan
1704800153305,nan,nan
1704800153317,nan,nan
1704800153328,nan,nan
1704800153363,nan,nan
1704800153364,nan,nan
1704800153371,nan,nan
1704800153383,nan,nan
1704800153394,nan,nan
1704800153405,nan,nan
1704800153416,nan,nan
1704800153427,nan,nan
1704800153438,nan,nan
1704800153449,nan,nan
1704800153461,nan,nan
1704800153471,nan,nan
1704800153511,nan,nan
1704800153512,nan,nan
1704800153516,nan,nan
1704800153532,nan,nan
1704800153539,nan,nan
1704800153549,nan,nan
1704800153561,nan,nan
1704800153571,nan,nan
1704800153583,nan,nan
1704800153594,nan,nan
1704800153605,nan,nan
1704800153616,nan,nan
1704800153627,nan,nan
1704800153662,nan,nan
1704800153672,nan,nan
1704800153683,nan,nan
1704800153695,nan,nan
1704800153705,nan,nan
1704800153716,nan,nan
1704800153728,nan,nan
1704800153739,nan,nan
1704800153749,nan,nan
1704800153760,nan,nan
1704800153771,nan,nan
1704800153783,nan,nan
1704800153825,nan,nan
1704800153826,nan,nan
1704800153827,nan,nan
1704800153842,nan,nan
1704800153850,nan,nan
1704800153861,nan,nan
1704800153872,nan,nan
1704800153883,nan,nan
1704800153894,nan,nan
1704800153905,nan,nan
1704800153917,nan,nan
1704800153927,nan,nan
1704800153938,nan,nan
1704800153979,nan,nan
1704800153980,nan,nan
1704800153982,nan,nan
1704800153996,nan,nan
1704800154004,nan,nan
1704800154016,nan,nan
1704800154027,nan,nan
1704800154037,nan,nan
1704800154049,nan,nan
1704800154060,nan,nan
1704800154071,nan,nan
1704800154083,nan,nan
1704800154093,nan,nan
1704800154104,nan,nan
1704800154149,nan,nan
1704800154151,nan,nan
1704800154170,nan,nan
1704800154171,nan,nan
1704800154181,nan,nan
1704800154199,nan,nan
1704800154218,nan,nan
1704800154229,nan,nan
1704800154240,nan,nan
1704800154251,nan,nan
1704800154263,nan,nan
1704800154274,nan,nan
1704800154313,nan,nan
1704800154314,nan,nan
1704800154318,nan,nan
1704800154329,nan,nan
1704800154339,nan,nan
1704800154351,nan,nan
1704800154362,nan,nan
1704800154373,nan,nan
1704800154384,nan,nan
1704800154395,nan,nan
1704800154406,nan,nan
1704800154418,nan,nan
1704800154438,nan,nan
1704800154460,nan,nan
1704800154461,nan,nan
1704800154462,nan,nan
1704800154476,nan,nan
1704800154484,nan,nan
1704800154498,nan,nan
1704800154506,nan,nan
1704800154518,nan,nan
1704800154529,nan,nan
1704800154540,nan,nan
1704800154551,nan,nan
1704800154563,nan,nan
1704800154573,nan,nan
1704800154609,nan,nan
1704800154618,nan,nan
1704800154629,nan,nan
1704800154640,nan,nan
1704800154651,nan,nan
1704800154662,nan,nan
1704800154673,nan,nan
1704800154684,nan,nan
1704800154695,nan,nan
1704800154706,nan,nan
1704800154717,nan,nan
1704800154738,nan,nan
1704800154760,nan,nan
1704800154762,nan,nan
1704800154777,nan,nan
1704800154785,nan,nan
1704800154796,nan,nan
1704800154807,nan,nan
1704800154818,nan,nan
1704800154829,nan,nan
1704800154840,nan,nan
1704800154851,nan,nan
1704800154862,nan,nan
1704800154873,nan,nan
1704800154911,nan,nan
1704800154912,nan,nan
1704800154917,nan,nan
1704800154929,nan,nan
1704800154939,nan,nan
1704800154950,nan,nan
1704800154961,nan,nan
1704800154972,nan,nan
1704800154984,nan,nan
1704800154995,nan,nan
1704800155006,nan,nan
1704800155017,nan,nan
1704800155034,nan,nan
1704800155061,nan,nan
1704800155062,nan,nan
1704800155078,nan,nan
1704800155083,nan,nan
1704800155096,nan,nan
1704800155106,nan,nan
1704800155117,nan,nan
1704800155129,nan,nan
1704800155140,nan,nan
1704800155151,nan,nan
1704800155162,nan,nan
1704800155189,nan,nan
1704800155213,nan,nan
1704800155217,nan,nan
1704800155230,nan,nan
1704800155240,1303.1407165527344,928.9151573181152
1704800155251,1301.4614868164062,899.053544998169
1704800155262,1290.6178283691406,904.6093654632568
1704800155273,1291.8128967285156,911.8993091583252
1704800155285,1282.100830078125,925.2555084228516
1704800155295,1290.4730224609375,925.2827167510986
1704800155307,1281.3345336914062,922.1166801452637
1704800155318,1290.1339721679688,932.257833480835
1704800155361,1271.3334655761719,925.2250385284424
1704800155362,1257.0106506347656,911.5958976745605
1704800155379,1164.4564056396484,848.5937690734863
1704800155385,1161.3646697998047,863.2156276702881
1704800155396,1164.6817016601562,869.3381023406982
1704800155407,1166.7572784423828,869.7893142700195
1704800155418,1177.6421356201172,860.6291198730469
1704800155429,1178.6470031738281,860.0071048736572
1704800155440,1177.4275207519531,865.1205539703369
1704800155451,1166.5534210205078,874.3805694580078
1704800155463,1170.4784393310547,883.5410213470459
1704800155474,1169.242172241211,878.571081161499
1704800155514,1179.4085693359375,887.0988750457764
1704800155515,1178.4773254394531,880.2113914489746
1704800155518,1178.1578826904297,886.4875888824463
1704800155530,1180.8293914794922,888.5239219665527
1704800155540,1177.3411560058594,893.7065505981445
1704800155550,1172.594223022461,892.1166229248047
1704800155562,1173.5395050048828,886.0871887207031
1704800155573,1170.55419921875,885.7502174377441
1704800155584,1175.3904724121094,876.6260719299316
1704800155595,1167.7794647216797,886.7569255828857
1704800155606,1171.21337890625,890.5712413787842
1704800155617,1202.2515869140625,960.2006149291992
1704800155661,1213.4162902832031,972.1169185638428
1704800155662,nan,nan
1704800155678,nan,nan
1704800155684,nan,nan
1704800155697,nan,nan
1704800155705,nan,nan
1704800155716,nan,nan
1704800155727,nan,nan
1704800155738,nan,nan
1704800155749,nan,nan
1704800155759,nan,nan
1704800155795,nan,nan
1704800155798,nan,nan
1704800155813,nan,nan
1704800155819,nan,nan
1704800155831,nan,nan
1704800155842,nan,nan
1704800155853,nan,nan
1704800155865,nan,nan
1704800155875,nan,nan
1704800155886,nan,nan
1704800155898,nan,nan
1704800155909,nan,nan
1704800155944,nan,nan
1704800155945,nan,nan
1704800155953,nan,nan
1704800155964,nan,nan
1704800155976,nan,nan
1704800155986,nan,nan
1704800155997,nan,nan
1704800156009,nan,nan
1704800156020,nan,nan
1704800156031,nan,nan
1704800156043,nan,nan
1704800156053,nan,nan
1704800156094,nan,nan
1704800156098,nan,nan
1704800156111,nan,nan
1704800156120,nan,nan
1704800156131,nan,nan
1704800156142,nan,nan
1704800156153,nan,nan
1704800156164,nan,nan
1704800156175,nan,nan
1704800156186,nan,nan
1704800156197,nan,nan
1704800156209,nan,nan
1704800156247,nan,nan
1704800156252,nan,nan
1704800156264,nan,nan
1704800156275,nan,nan
1704800156286,nan,nan
1704800156297,nan,nan
1704800156308,nan,nan
1704800156319,nan,nan
1704800156331,nan,nan
1704800156342,nan,nan
1704800156353,nan,nan
1704800156373,nan,nan
1704800156395,nan,nan
1704800156398,nan,nan
1704800156412,nan,nan
1704800156419,nan,nan
1704800156431,nan,nan
1704800156441,nan,nan
1704800156452,nan,nan
1704800156464,nan,nan
1704800156475,nan,nan
1704800156486,nan,nan
1704800156497,nan,nan
1704800156508,nan,nan
1704800156544,nan,nan
1704800156545,nan,nan
1704800156553,nan,nan
1704800156564,nan,nan
1704800156577,nan,nan
1704800156586,nan,nan
1704800156598,nan,nan
1704800156608,nan,nan
1704800156619,nan,nan
1704800156630,nan,nan
1704800156641,nan,nan
1704800156653,nan,nan
1704800156696,nan,nan
1704800156697,nan,nan
1704800156713,nan,nan
1704800156720,nan,nan
1704800156732,nan,nan
1704800156742,nan,nan
1704800156753,nan,nan
1704800156764,nan,nan
1704800156775,nan,nan
1704800156786,nan,nan
1704800156797,nan,nan
1704800156807,nan,nan
1704800156826,nan,nan
1704800156849,nan,nan
1704800156852,nan,nan
1704800156866,nan,nan
1704800156874,nan,nan
1704800156886,nan,nan
1704800156897,nan,nan
1704800156908,nan,nan
1704800156919,nan,nan
1704800156930,nan,nan
1704800156941,nan,nan
1704800156952,nan,nan
1704800156964,nan,nan
1704800156986,nan,nan
1704800157018,nan,nan
1704800157019,nan,nan
1704800157036,nan,nan
1704800157041,nan,nan
1704800157053,nan,nan
1704800157064,nan,nan
1704800157075,nan,nan
1704800157086,nan,nan
1704800157097,nan,nan
1704800157108,nan,nan
1704800157119,nan,nan
1704800157131,nan,nan
1704800157166,nan,nan
1704800157167,nan,nan
1704800157174,nan,nan
1704800157185,nan,nan
1704800157198,nan,nan
1704800157207,nan,nan
1704800157218,nan,nan
1704800157230,nan,nan
1704800157241,nan,nan
1704800157252,nan,nan
1704800157263,nan,nan
1704800157275,nan,nan
1704800157316,nan,nan
1704800157319,nan,nan
1704800157337,nan,nan
1704800157354,nan,nan
1704800157363,nan,nan
1704800157374,nan,nan
1704800157386,nan,nan
1704800157399,nan,nan
1704800157410,nan,nan
1704800157421,nan,nan
1704800157440,nan,nan
1704800157461,nan,nan
1704800157462,717.9621124267578,990.9897994995117
1704800157465,717.9621124267578,990.9897994995117
1704800157477,716.1598205566406,997.2172021865845
1704800157488,723.2337188720703,971.2094306945801
1704800157500,732.6549911499023,968.5846424102783
1704800157511,729.9232864379883,965.0585889816284
1704800157522,600.9222602844238,988.4738445281982
1704800157533,547.9080390930176,1000.5638265609741
1704800157544,468.8056755065918,1017.3669004440308
1704800157555,327.7973747253418,1044.9939107894897
1704800157596,325.35741806030273,1050.244517326355
1704800157597,324.74218368530273,1054.4163179397583
1704800157600,314.24665451049805,1064.7843217849731
1704800157615,310.12972831726074,1065.4044914245605
1704800157622,311.3148021697998,1063.141393661499
1704800157634,315.9213924407959,1064.1662549972534
1704800157644,316.7504405975342,1067.7971506118774
1704800157656,310.33233642578125,1066.7386865615845
1704800157667,303.5772514343262,1066.3144254684448
1704800157678,302.7515506744385,1061.0012912750244
1704800157689,300.5928039550781,1057.58535861969
1704800157700,296.76066398620605,1055.8572006225586
1704800157711,301.9960594177246,1056.6808319091797
1704800157750,460.51170349121094,1064.2284393310547
1704800157756,978.2356643676758,1035.3840065002441
1704800157768,1014.6923828125,1033.5134553909302
1704800157778,1011.6133880615234,1033.9438962936401
1704800157789,1035.9342956542969,1034.7852516174316
1704800157800,1025.2420043945312,1034.140920639038
1704800157811,1023.7913131713867,1033.1824922561646
1704800157822,1021.8801879882812,1032.8815698623657
1704800157833,1026.7754364013672,1031.357216835022
1704800157844,1027.2956848144531,1033.2876777648926
1704800157856,1029.9504089355469,1028.751826286316
1704800157876,1028.8409042358398,1029.551510810852
1704800157898,1029.4755935668945,1025.0542402267456
1704800157899,1025.0499725341797,1026.4874839782715
1704800157900,1023.3707427978516,1020.7772970199585
1704800157916,1025.3913879394531,1022.8405809402466
1704800157923,1027.113151550293,1029.4690704345703
1704800157934,1029.1643524169922,1031.194224357605
1704800157944,1026.968002319336,1026.8361711502075
1704800157955,1027.5014114379883,1021.3283729553223
1704800157967,1025.9615325927734,1018.837308883667
1704800157977,1024.2169189453125,1022.8221702575684
1704800157989,1020.6895446777344,1025.869460105896
1704800158000,1018.2337951660156,1027.708854675293
1704800158011,970.1688003540039,1036.4960718154907
1704800158047,755.3916931152344,1061.3725090026855
1704800158048,474.7840118408203,1071.074938774109
1704800158055,286.0459327697754,1066.4903783798218
1704800158066,269.7724437713623,1076.6977071762085
1704800158078,270.8551025390625,1079.011058807373
1704800158089,258.48657608032227,1079.3958377838135
1704800158099,257.50343322753906,1079.903998374939
1704800158111,257.8573703765869,1081.4927673339844
1704800158122,252.46702194213867,1080.949158668518
1704800158133,251.7038345336914,1081.982216835022
1704800158144,247.04821586608887,1077.4577379226685
1704800158155,249.50562477111816,1085.014100074768
1704800158198,248.05867195129395,1081.530146598816
1704800158199,244.8837184906006,1081.2253618240356
1704800158216,255.14459609985352,1090.27024269104
1704800158223,260.24194717407227,1079.1816902160645
1704800158233,261.49142265319824,1078.037052154541
1704800158244,262.51964569091797,1081.5263271331787
1704800158255,257.83191680908203,1083.0557441711426
1704800158267,255.26611328125,1085.9487104415894
1704800158277,254.69539642333984,1084.9409294128418
1704800158289,253.97689819335938,1084.4434976577759
1704800158300,254.97589111328125,1078.1915044784546
1704800158311,257.22339630126953,1082.2732257843018
1704800158346,253.56414794921875,1077.6274251937866
1704800158347,244.4826602935791,1078.1837797164917
1704800158355,242.88227081298828,1075.7618522644043
1704800158366,251.11303329467773,1081.2233877182007
1704800158379,297.80035972595215,1109.7317504882812
1704800158388,541.9543266296387,1262.965579032898
1704800158399,693.6685371398926,1353.5277700424194
1704800158410,nan,nan
1704800158420,nan,nan
1704800158431,nan,nan
1704800158442,nan,nan
1704800158453,nan,nan
1704800158497,nan,nan
1704800158498,nan,nan
1704800158499,nan,nan
1704800158515,nan,nan
1704800158521,nan,nan
1704800158532,nan,nan
1704800158542,nan,nan
1704800158553,nan,nan
1704800158564,nan,nan
1704800158576,nan,nan
1704800158587,nan,nan
1704800158598,nan,nan
1704800158609,nan,nan
1704800158649,nan,nan
1704800158654,nan,nan
1704800158667,nan,nan
1704800158676,nan,nan
1704800158688,nan,nan
1704800158697,nan,nan
1704800158708,nan,nan
1704800158719,nan,nan
1704800158731,nan,nan
1704800158741,nan,nan
1704800158753,nan,nan
1704800158803,nan,nan
1704800158804,nan,nan
1704800158810,716.6933631896973,1207.5729417800903
1704800158821,698.5738372802734,1097.2262620925903
1704800158834,705.5850982666016,1076.5491771697998
1704800158844,704.1506195068359,1058.1897354125977
1704800158855,706.6470336914062,1014.0744352340698
1704800158866,708.5579299926758,1018.0738878250122
1704800158877,704.4535827636719,1015.7915210723877
1704800158888,706.475944519043,1009.3923711776733
1704800158900,708.8121795654297,1008.0751276016235
1704800158911,710.5777359008789,1012.7989482879639
1704800158948,708.830680847168,1016.1720943450928
1704800158955,1057.4604797363281,1004.6676921844482
1704800158966,1125.838279724121,995.6199789047241
1704800158977,1133.6499786376953,991.9812726974487
1704800158989,1127.2683334350586,989.6927690505981
1704800158999,1139.993553161621,989.1066741943359
1704800159010,1139.3292236328125,989.1426372528076
1704800159021,1139.1365814208984,997.3704957962036
1704800159033,1135.124282836914,997.7484941482544
1704800159043,1135.9303283691406,998.9549732208252
1704800159054,1137.0734024047852,1001.386513710022
1704800159099,1143.0405807495117,1008.2587194442749
1704800159100,1140.7615661621094,1003.7703323364258
1704800159116,1143.5894775390625,1000.8699417114258
1704800159121,1141.6412353515625,999.2362833023071
1704800159133,1142.3719024658203,1002.6489973068237
1704800159143,1137.7695846557617,1004.5294618606567
1704800159154,1139.621696472168,1006.1484003067017
1704800159166,1142.6606750488281,1007.0477771759033
1704800159177,1145.1772689819336,1008.0476188659668
1704800159188,1144.3407440185547,1008.2570886611938
1704800159199,1144.8822021484375,1011.5695524215698
1704800159210,1146.4494705200195,1012.0244121551514
1704800159250,1152.408218383789,1017.0074844360352
1704800159255,1450.799789428711,1136.6037511825562
1704800159267,1558.0589294433594,1175.4271173477173
1704800159275,1697.276840209961,1218.9068841934204
1704800159288,nan,nan
1704800159298,nan,nan
1704800159307,nan,nan
1704800159318,nan,nan
1704800159330,nan,nan
1704800159341,nan,nan
1704800159352,nan,nan
1704800159371,nan,nan
1704800159397,nan,nan
1704800159398,nan,nan
1704800159414,nan,nan
1704800159433,nan,nan
1704800159443,nan,nan
1704800159454,nan,nan
1704800159466,nan,nan
1704800159477,nan,nan
1704800159488,nan,nan
1704800159498,nan,nan
1704800159509,nan,nan
1704800159549,nan,nan
1704800159550,nan,nan
1704800159553,nan,nan
1704800159568,nan,nan
1704800159576,nan,nan
1704800159589,nan,nan
1704800159598,nan,nan
1704800159609,nan,nan
1704800159620,nan,nan
1704800159632,nan,nan
1704800159643,nan,nan
1704800159654,nan,nan
1704800159665,nan,nan
1704800159676,nan,nan
1704800159716,nan,nan
1704800159717,nan,nan
1704800159720,nan,nan
1704800159735,nan,nan
1704800159743,nan,nan
1704800159754,nan,nan
1704800159765,nan,nan
1704800159776,nan,nan
1704800159787,nan,nan
1704800159799,nan,nan
1704800159810,nan,nan
1704800159821,nan,nan
1704800159841,nan,nan
1704800159864,nan,nan
1704800159866,nan,nan
1704800159879,nan,nan
1704800159887,nan,nan
1704800159898,nan,nan
1704800159909,nan,nan
1704800159920,nan,nan
1704800159931,nan,nan
1704800159942,nan,nan
1704800159953,nan,nan
1704800159965,nan,nan
1704800159976,nan,nan
1704800160017,nan,nan
1704800160018,nan,nan
1704800160020,nan,nan
1704800160035,nan,nan
1704800160043,nan,nan
1704800160055,nan,nan
1704800160065,nan,nan
1704800160076,nan,nan
1704800160087,nan,nan
1704800160098,nan,nan
1704800160109,nan,nan
1704800160120,nan,nan
1704800160132,nan,nan
1704800160167,nan,nan
1704800160168,nan,nan
1704800160176,nan,nan
1704800160187,nan,nan
1704800160201,nan,nan
1704800160209,nan,nan
1704800160220,nan,nan
1704800160232,nan,nan
1704800160243,nan,nan
1704800160253,nan,nan
1704800160265,nan,nan
1704800160276,nan,nan
1704800160295,nan,nan
1704800160319,nan,nan
1704800160320,nan,nan
1704800160340,nan,nan
1704800160342,nan,nan
1704800160357,nan,nan
1704800160365,nan,nan
1704800160376,nan,nan
1704800160387,nan,nan
1704800160398,nan,nan
1704800160409,nan,nan
1704800160421,nan,nan
1704800160431,nan,nan
1704800160467,nan,nan
1704800160468,nan,nan
1704800160482,nan,nan
1704800160487,nan,nan
1704800160499,nan,nan
1704800160515,nan,nan
1704800160531,nan,nan
1704800160542,nan,nan
1704800160552,nan,nan
1704800160564,nan,nan
1704800160574,nan,nan
1704800160617,nan,nan
1704800160618,nan,nan
1704800160634,nan,nan
1704800160646,nan,nan
1704800160657,nan,nan
1704800160668,nan,nan
1704800160679,nan,nan
1704800160690,nan,nan
1704800160701,nan,nan
1704800160712,nan,nan
1704800160724,nan,nan
1704800160768,nan,nan
1704800160769,nan,nan
1704800160785,nan,nan
1704800160790,nan,nan
1704800160803,nan,nan
1704800160813,nan,nan
1704800160823,nan,nan
1704800160835,nan,nan
1704800160846,nan,nan
1704800160857,nan,nan
1704800160869,nan,nan
1704800160879,nan,nan
1704800160926,nan,nan
1704800160927,nan,nan
1704800160934,nan,nan
1704800160954,nan,nan
1704800160969,nan,nan
1704800160980,nan,nan
1704800160991,nan,nan
1704800161003,nan,nan
1704800161012,nan,nan
1704800161024,nan,nan
1704800161035,nan,nan
1704800161045,nan,nan
1704800161085,nan,nan
1704800161086,nan,nan
1704800161093,nan,nan
1704800161105,nan,nan
1704800161115,nan,nan
1704800161126,nan,nan
1704800161137,nan,nan
1704800161148,nan,nan
1704800161160,nan,nan
1704800161171,nan,nan
1704800161182,nan,nan
1704800161193,nan,nan
1704800161243,nan,nan
1704800161244,nan,nan
1704800161248,nan,nan
1704800161260,nan,nan
1704800161270,nan,nan
1704800161281,nan,nan
1704800161292,nan,nan
1704800161304,nan,nan
1704800161315,nan,nan
1704800161326,nan,nan
1704800161337,nan,nan
1704800161348,nan,nan
1704800161385,nan,nan
1704800161386,nan,nan
1704800161393,nan,nan
1704800161403,nan,nan
1704800161417,nan,nan
1704800161426,nan,nan
1704800161437,nan,nan
1704800161449,nan,nan
1704800161459,nan,nan
1704800161470,nan,nan
1704800161482,nan,nan
1704800161492,nan,nan
1704800161535,nan,nan
1704800161536,nan,nan
1704800161537,nan,nan
1704800161551,nan,nan
1704800161559,nan,nan
1704800161570,nan,nan
1704800161581,nan,nan
1704800161593,nan,nan
1704800161604,nan,nan
1704800161615,nan,nan
1704800161625,nan,nan
1704800161638,nan,nan
1704800161649,nan,nan
1704800161686,nan,nan
1704800161693,nan,nan
1704800161705,nan,nan
1704800161723,nan,nan
1704800161737,nan,nan
1704800161748,nan,nan
1704800161759,nan,nan
1704800161771,nan,nan
1704800161782,1425.7748413085938,1223.2718467712402
1704800161793,1425.7748413085938,1223.2718467712402
1704800161838,1425.7748413085938,1223.2718467712402
1704800161839,1409.7526550292969,1251.2746238708496
1704800161840,1409.7526550292969,1251.2746238708496
1704800161857,1413.5076904296875,1257.5183773040771
1704800161859,1361.2760925292969,1205.2557277679443
1704800161872,1331.3896179199219,1191.1130619049072
1704800161882,1286.3760375976562,1160.3220748901367
1704800161893,1182.004623413086,1083.094882965088
1704800161904,1172.4662780761719,1081.1698722839355
1704800161916,1173.8018035888672,1085.184087753296
1704800161927,1168.2775115966797,1097.8853130340576
1704800161938,1167.7002716064453,1093.761920928955
1704800161949,1168.6863708496094,1094.836950302124
1704800161985,1164.315185546875,1091.1300945281982
1704800161993,1171.6497039794922,1100.6293201446533
1704800162006,1165.1093292236328,1093.991346359253
1704800162015,1171.2586975097656,1083.9010906219482
1704800162025,nan,nan
1704800162037,nan,nan
1704800162047,nan,nan
1704800162058,nan,nan
1704800162070,nan,nan
1704800162081,nan,nan
1704800162092,nan,nan
1704800162103,nan,nan
1704800162114,nan,nan
1704800162152,nan,nan
1704800162154,nan,nan
1704800162173,nan,nan
1704800162184,nan,nan
1704800162194,nan,nan
1704800162206,nan,nan
1704800162217,nan,nan
1704800162228,nan,nan
1704800162239,nan,nan
1704800162250,nan,nan
1704800162260,nan,nan
1704800162282,nan,nan
1704800162307,nan,nan
1704800162308,nan,nan
1704800162325,nan,nan
1704800162327,nan,nan
1704800162341,nan,nan
1704800162350,nan,nan
1704800162361,nan,nan
1704800162372,nan,nan
1704800162383,nan,nan
1704800162395,nan,nan
1704800162405,nan,nan
1704800162417,nan,nan
1704800162428,nan,nan
1704800162467,nan,nan
1704800162471,nan,nan
1704800162484,nan,nan
1704800162493,nan,nan
1704800162505,nan,nan
1704800162516,nan,nan
1704800162526,nan,nan
1704800162538,nan,nan
1704800162550,nan,nan
1704800162561,nan,nan
1704800162572,nan,nan
1704800162583,nan,nan
1704800162616,nan,nan
1704800162617,nan,nan
1704800162633,nan,nan
1704800162638,nan,nan
1704800162650,nan,nan
1704800162660,nan,nan
1704800162671,nan,nan
1704800162682,nan,nan
1704800162693,nan,nan
1704800162705,nan,nan
1704800162716,nan,nan
1704800162727,nan,nan
1704800162766,nan,nan
1704800162767,nan,nan
1704800162772,nan,nan
1704800162784,nan,nan
1704800162793,nan,nan
1704800162805,nan,nan
1704800162816,nan,nan
1704800162827,nan,nan
1704800162839,nan,nan
1704800162850,nan,nan
1704800162861,nan,nan
1704800162872,nan,nan
1704800162922,nan,nan
1704800162923,nan,nan
1704800162926,nan,nan
1704800162945,nan,nan
1704800162949,nan,nan
1704800162962,nan,nan
1704800162971,nan,nan
1704800162982,nan,nan
1704800162999,nan,nan
1704800163020,nan,nan
1704800163035,nan,nan
1704800163064,nan,nan
1704800163086,1344.3125915527344,900.0095272064209
1704800163087,1351.8385314941406,914.5597171783447
1704800163103,1335.9678649902344,929.560604095459
1704800163107,1326.0678100585938,921.6036701202393
1704800163120,1329.8921203613281,920.8888721466064
1704800163130,1333.3241271972656,926.2164688110352
1704800163141,1347.794189453125,932.2089958190918
1704800163151,1347.0448303222656,934.1164970397949
1704800163162,1346.5098571777344,925.4245948791504
1704800163174,1344.2253112792969,921.8145561218262
1704800163185,1360.5717468261719,927.9911041259766
1704800163196,1415.2757263183594,946.3117504119873
1704800163236,1422.7798461914062,949.0441703796387
1704800163237,1425.1869201660156,943.597354888916
1704800163240,1436.8899536132812,931.8267917633057
1704800163252,1432.6678466796875,940.2266120910645
1704800163263,1415.8567810058594,934.7005748748779
1704800163274,1429.2689514160156,941.5121841430664
1704800163285,1433.7495422363281,938.6004638671875
1704800163296,1355.8903503417969,931.47780418396
1704800163307,1321.817626953125,921.8992710113525
1704800163319,1181.3468170166016,883.9340400695801
1704800163330,764.1103363037109,750.7184600830078
1704800163341,747.3326873779297,754.3225765228271
1704800163358,708.1753540039062,744.4039821624756
1704800163386,674.50439453125,733.7553977966309
1704800163387,679.6701049804688,738.8290214538574
1704800163403,680.5193328857422,747.7363586425781
1704800163407,676.0252380371094,746.6383266448975
1704800163419,676.0208129882812,734.3283176422119
1704800163429,675.5450439453125,729.3946838378906
1704800163440,678.7688446044922,725.1267528533936
1704800163451,670.6599426269531,723.8156890869141
1704800163462,674.3201446533203,721.796350479126
1704800163473,673.9632415771484,726.0902881622314
1704800163485,674.5423126220703,724.8114109039307
1704800163496,650.3707885742188,719.5244550704956
1704800163516,626.893424987793,700.630931854248
1704800163539,616.8240737915039,689.0408277511597
1704800163540,616.3224411010742,676.4997625350952
1704800163557,614.2625045776367,673.3771991729736
1704800163564,602.1662521362305,665.9457206726074
1704800163574,605.8535385131836,670.5412673950195
1704800163585,608.5628128051758,678.3204030990601
1704800163595,608.3513259887695,676.8768167495728
1704800163606,602.6408004760742,676.3392162322998
1704800163618,601.2601089477539,674.8418140411377
1704800163629,610.2868270874023,690.7025527954102
1704800163640,617.9511260986328,686.5220403671265
1704800163651,613.4293365478516,683.4329509735107
1704800163662,637.5265884399414,672.8899383544922
1704800163703,702.6835632324219,690.5484867095947
1704800163704,812.7031707763672,712.6491165161133
1704800163707,1102.4825286865234,769.8735523223877
1704800163720,1117.6363372802734,767.5993824005127
1704800163729,1116.1101531982422,759.7167778015137
1704800163740,1123.3598327636719,755.3569221496582
1704800163751,1123.653793334961,764.1040992736816
1704800163762,1122.7769470214844,774.9160194396973
1704800163773,1124.8865509033203,780.8723258972168
1704800163784,1125.1052856445312,777.4887943267822
1704800163795,1122.7946472167969,759.5513820648193
1704800163807,1124.5164489746094,762.9539680480957
1704800163830,1126.0774993896484,763.705587387085
1704800163854,1119.1437911987305,771.9616842269897
1704800163855,1121.4715194702148,769.2108535766602
1704800163872,956.8268585205078,692.162811756134
1704800163875,865.2154541015625,646.523072719574
1704800163888,799.2670822143555,612.6271176338196
1704800163897,738.8277053833008,576.0517001152039
1704800163909,732.640495300293,574.0522527694702
1704800163920,728.8150405883789,568.8210010528564
1704800163931,726.2721633911133,564.3569254875183
1704800163942,727.2941970825195,564.4569826126099
1704800163953,731.037712097168,570.2420783042908
1704800163964,729.7103500366211,578.0812525749207
1704800164003,723.7047576904297,573.9977931976318
1704800164008,718.9381790161133,562.7075600624084
1704800164020,723.6844635009766,568.7272953987122
1704800164030,721.7051315307617,567.3950099945068
1704800164042,716.4162445068359,567.4802613258362
1704800164053,712.3964691162109,565.2023363113403
1704800164064,712.4152755737305,564.8255181312561
1704800164075,714.5271682739258,563.0570197105408
1704800164087,718.5616302490234,556.8536067008972
1704800164097,713.3308410644531,554.9864029884338
1704800164109,710.2460861206055,557.9998326301575
1704800164120,718.6426162719727,576.1003875732422
1704800164131,794.1461944580078,667.322187423706
1704800164175,824.0181732177734,702.6864695549011
1704800164176,nan,nan
1704800164185,nan,nan
1704800164196,nan,nan
1704800164207,nan,nan
1704800164218,nan,nan
1704800164228,nan,nan
1704800164239,nan,nan
1704800164251,nan,nan
1704800164261,nan,nan
1704800164272,nan,nan
1704800164283,nan,nan
1704800164321,nan,nan
1704800164322,nan,nan
1704800164327,nan,nan
1704800164339,nan,nan
1704800164356,nan,nan
1704800164374,nan,nan
1704800164385,nan,nan
1704800164396,nan,nan
1704800164408,nan,nan
1704800164419,nan,nan
1704800164429,nan,nan
1704800164469,nan,nan
1704800164470,nan,nan
1704800164475,nan,nan
1704800164486,nan,nan
1704800164496,nan,nan
1704800164508,nan,nan
1704800164519,nan,nan
1704800164529,nan,nan
1704800164541,nan,nan
1704800164552,nan,nan
1704800164562,nan,nan
1704800164575,nan,nan
1704800164585,nan,nan
1704800164622,nan,nan
1704800164623,nan,nan
1704800164629,nan,nan
1704800164641,nan,nan
1704800164654,nan,nan
1704800164662,nan,nan
1704800164674,nan,nan
1704800164685,nan,nan
1704800164696,nan,nan
1704800164707,nan,nan
1704800164719,nan,nan
1704800164729,nan,nan
1704800164769,nan,nan
1704800164774,nan,nan
1704800164794,nan,nan
1704800164808,nan,nan
1704800164819,nan,nan
1704800164830,nan,nan
1704800164842,nan,nan
1704800164853,nan,nan
1704800164864,nan,nan
1704800164875,nan,nan
1704800164897,nan,nan
1704800164918,nan,nan
1704800164923,nan,nan
1704800164936,nan,nan
1704800164954,nan,nan
1704800164968,nan,nan
1704800164979,nan,nan
1704800164991,1424.47509765625,719.0837574005127
1704800165003,1388.4220886230469,743.7472915649414
1704800165014,1353.5839080810547,750.8278512954712
1704800165053,1357.3657989501953,755.9019041061401
1704800165058,1351.231918334961,740.5435752868652
1704800165070,1364.3091583251953,790.3756284713745
1704800165080,1369.48974609375,815.0217390060425
1704800165091,1377.1952819824219,829.8048734664917
1704800165102,1368.5867309570312,852.8106737136841
1704800165113,1371.322250366211,856.9642782211304
1704800165124,1363.1761932373047,860.1362371444702
1704800165136,1369.0509796142578,868.4640026092529
1704800165147,1369.931869506836,865.4754209518433
1704800165158,1369.4733428955078,864.7115707397461
1704800165169,1363.309555053711,871.7831182479858
1704800165202,1365.4882049560547,869.1346836090088
1704800165203,1369.047622680664,870.1501035690308
1704800165222,1377.2681427001953,879.3800354003906
1704800165225,1373.3868408203125,879.3914079666138
1704800165236,1302.9293823242188,887.837233543396
1704800165247,1273.8804626464844,892.6194190979004
1704800165258,1261.6050338745117,871.5317630767822
1704800165269,1265.832633972168,869.9428653717041
1704800165281,1270.4456329345703,873.5695552825928
1704800165291,1273.160629272461,896.1874866485596
1704800165303,1275.478515625,896.3494062423706
1704800165314,1276.2336349487305,893.7753438949585
1704800165352,1278.000373840332,894.9550867080688
1704800165353,1274.8457717895508,896.1539268493652
1704800165358,1276.795425415039,904.7824001312256
1704800165371,1279.3212890625,911.8406009674072
1704800165381,1279.2400360107422,911.8409442901611
1704800165391,1279.4010162353516,913.1761693954468
1704800165403,1279.0508651733398,912.6709699630737
1704800165414,1279.0232849121094,916.0186243057251
1704800165425,1277.9886627197266,913.5584163665771
1704800165436,1278.867416381836,916.5760946273804
1704800165448,1283.4964752197266,911.6902256011963
1704800165457,1281.9043731689453,911.8031787872314
1704800165468,1278.145637512207,908.0689001083374
1704800165503,1271.5186309814453,910.8859920501709
1704800165504,1299.1739654541016,945.9461975097656
1704800165512,1587.0286560058594,1271.6372680664062
1704800165523,nan,nan
1704800165534,nan,nan
1704800165545,nan,nan
1704800165556,nan,nan
1704800165567,nan,nan
1704800165577,nan,nan
1704800165588,nan,nan
1704800165599,nan,nan
1704800165610,nan,nan
1704800165652,nan,nan
1704800165653,nan,nan
1704800165659,nan,nan
1704800165672,nan,nan
1704800165679,nan,nan
1704800165691,nan,nan
1704800165701,nan,nan
1704800165713,nan,nan
1704800165723,nan,nan
1704800165734,nan,nan
1704800165746,nan,nan
1704800165758,nan,nan
1704800165767,nan,nan
1704800165805,nan,nan
1704800165806,nan,nan
1704800165812,nan,nan
1704800165825,nan,nan
1704800165835,nan,nan
1704800165846,nan,nan
1704800165857,nan,nan
1704800165868,nan,nan
1704800165879,nan,nan
1704800165890,nan,nan
1704800165901,nan,nan
1704800165913,nan,nan
1704800165924,nan,nan
1704800165960,nan,nan
1704800165961,nan,nan
1704800165967,nan,nan
