timestamp,x,y
1706696589567,1249.9460983276367,787.1218299865723
1706696589578,1247.9255294799805,784.6295213699341
1706696589589,1247.847671508789,788.1011581420898
1706696589601,1248.8518142700195,791.3301515579224
1706696589636,1247.3686981201172,787.3650312423706
1706696589659,1228.6891174316406,808.1049013137817
1706696589660,1223.6065292358398,820.3060340881348
1706696589667,1217.625846862793,833.3692932128906
1706696589679,1219.0616607666016,837.0949459075928
1706696589689,1219.1468811035156,841.704912185669
1706696589701,1220.597152709961,839.7181463241577
1706696589711,1223.7880325317383,836.66184425354
1706696589723,1219.6967315673828,836.7236852645874
1706696589734,1215.269432067871,846.3060808181763
1706696589745,1211.1835479736328,847.3541164398193
1706696589756,1212.947998046875,850.2488422393799
1706696589795,1213.5739135742188,852.2667646408081
1706696589796,1215.9872436523438,857.6676177978516
1706696589801,1211.1387634277344,852.1816635131836
1706696589816,1203.7656021118164,846.0049867630005
1706696589823,1225.4730987548828,851.643590927124
1706696589834,1279.4232559204102,861.9212579727173
1706696589845,1364.0135955810547,877.4143409729004
1706696589856,1381.3108825683594,885.4534149169922
1706696589868,1375.6633758544922,883.9236974716187
1706696589879,1375.7569122314453,888.0033588409424
1706696589890,1377.0184326171875,891.6419363021851
1706696589901,1374.0570831298828,898.6377382278442
1706696589911,1376.6720581054688,901.4193391799927
1706696589922,1375.0110626220703,891.0366153717041
1706696589958,1337.4014282226562,865.5835247039795
1706696589960,1158.3577728271484,714.4908499717712
1706696589967,827.6742553710938,417.3758840560913
1706696589978,638.7962532043457,296.19274735450745
1706696589990,592.02880859375,269.9130964279175
1706696590000,572.2904586791992,265.6104040145874
1706696590011,572.1891212463379,263.67800116539
1706696590022,567.6099395751953,259.3377900123596
1706696590034,567.845401763916,258.9864420890808
1706696590045,565.9730339050293,267.45973348617554
1706696590056,563.9715385437012,266.446373462677
1706696590067,561.4123153686523,265.17539262771606
1706696590103,562.6682662963867,254.20849442481995
1706696590105,562.8535079956055,254.88892793655396
1706696590112,556.1493682861328,255.66137194633484
1706696590123,553.1078910827637,253.86592268943787
1706696590135,549.2474174499512,243.5177993774414
1706696590145,557.2477531433105,252.42195010185242
1706696590156,558.9093208312988,256.874041557312
1706696590167,559.0239143371582,262.4016773700714
1706696590178,548.9128112792969,247.72416830062866
1706696590190,549.8257064819336,218.93714547157288
1706696590201,549.2134666442871,193.66343021392822
1706696590212,551.095142364502,173.9360350370407
1706696590223,547.7165031433105,179.51847910881042
1706696590269,545.5788040161133,186.65578365325928
1706696590270,543.2218170166016,185.8869230747223
1706696590278,550.0854682922363,174.53174829483032
1706696590289,550.4612350463867,173.89218628406525
1706696590301,549.0084266662598,170.4272872209549
1706696590311,544.5867538452148,165.09087145328522
1706696590322,543.6599159240723,169.77504909038544
1706696590334,544.5468902587891,168.5389369726181
1706696590345,614.2343330383301,170.26489555835724
1706696590356,706.8509101867676,161.20961844921112
1706696590367,832.3328399658203,156.40277802944183
1706696590378,959.9674987792969,158.6826503276825
1706696590416,981.8099212646484,160.6823229789734
1706696590417,991.832389831543,154.52768325805664
1706696590423,1000.4673767089844,151.8561440706253
1706696590434,995.9362411499023,160.34638702869415
1706696590446,997.8605651855469,161.96647882461548
1706696590456,999.9846267700195,164.15870189666748
1706696590467,1001.721076965332,161.34097158908844
1706696590478,1002.1872329711914,160.7517170906067
1706696590490,1002.1161270141602,160.81700205802917
1706696590500,1000.9376907348633,158.98460805416107
1706696590511,1000.3047180175781,157.793208360672
1706696590522,1041.196517944336,154.1520345211029
1706696590534,1155.6465148925781,147.3175835609436
1706696590567,1366.558837890625,126.99025064706802
1706696590568,1460.4318237304688,118.55308592319489
1706696590584,1524.0859985351562,111.8298876285553
1706696590590,1530.5776977539062,117.13766545057297
1706696590601,1533.8408660888672,122.82184034585953
1706696590612,1534.4281005859375,124.44339394569397
1706696590623,1526.071548461914,123.64184528589249
1706696590634,1523.6182403564453,117.81325489282608
1706696590645,1527.232666015625,124.45871204137802
1706696590656,1533.2212829589844,121.85260266065598
1706696590667,1534.5773315429688,122.85000085830688
1706696590678,1531.1280059814453,127.17628598213196
1706696590712,1532.8633117675781,128.40073585510254
1706696590713,1531.3431549072266,126.222283244133
1706696590722,1532.591781616211,126.06823325157166
1706696590733,1534.7196960449219,131.94004476070404
1706696590745,1534.8606872558594,127.38981664180756
1706696590756,1499.329833984375,187.19189286231995
1706696590767,1423.188705444336,321.1639094352722
1706696590778,1291.2880325317383,539.9493384361267
1706696590789,1244.9148178100586,678.8287138938904
1706696590800,1222.71240234375,763.3200359344482
1706696590811,1205.1216125488281,845.7166814804077
1706696590823,1207.0898818969727,843.2093095779419
1706696590834,1205.1395797729492,854.1424655914307
1706696590866,1206.220703125,858.4132289886475
1706696590867,1200.8837509155273,854.9831342697144
1706696590884,1202.0394134521484,849.2574977874756
1706696590888,1201.703109741211,853.9622640609741
1706696590899,1198.9391708374023,858.9998817443848
1706696590910,1196.0982513427734,865.1620960235596
1706696590921,1200.5177307128906,863.1864023208618
1706696590933,1198.8484191894531,861.8010950088501
1706696590944,1196.7302703857422,864.3386363983154
1706696590955,1190.9722900390625,864.9003982543945
1706696590966,1193.4761428833008,867.1825075149536
1706696590977,1197.4285507202148,864.2089462280273
1706696591019,1199.9635314941406,864.6156549453735
1706696591020,1196.7607116699219,870.0834560394287
1706696591022,1195.0123977661133,879.9549722671509
1706696591038,1195.620460510254,877.4164867401123
1706696591045,1193.913459777832,875.080132484436
1706696591056,1194.2652893066406,870.4530429840088
1706696591066,1191.9876098632812,872.9029941558838
1706696591077,1195.0500869750977,876.9759178161621
1706696591088,1195.0504684448242,883.6129474639893
1706696591100,1197.2307968139648,884.4843864440918
1706696591111,1193.1003189086914,881.0079431533813
1706696591122,1199.8252487182617,884.2098569869995
1706696591133,1199.03564453125,881.8327331542969
1706696591168,1197.575912475586,881.6012048721313
1706696591169,1194.151611328125,880.0350952148438
1706696591177,1192.1950149536133,888.8250589370728
1706696591188,1191.3010025024414,892.1929264068604
1706696591202,1191.1651611328125,898.4797239303589
1706696591211,1193.4240341186523,902.464714050293
1706696591221,1191.7274475097656,900.8453893661499
1706696591233,1195.9773254394531,895.9509801864624
1706696591244,1192.1197891235352,893.0790424346924
1706696591255,1193.7192916870117,892.1926259994507
1706696591266,1190.4054641723633,893.1303691864014
1706696591277,1196.2124252319336,894.476580619812
1706696591288,1196.4218139648438,893.7467622756958
1706696591306,1180.0388717651367,908.2358837127686
1706696591326,1062.498893737793,901.2004280090332
1706696591334,640.9509658813477,867.7202796936035
1706696591347,506.40485763549805,873.2869148254395
1706696591355,451.22413635253906,866.0694551467896
1706696591367,435.95027923583984,861.9374370574951
1706696591377,434.400691986084,859.0289783477783
1706696591388,426.8311882019043,859.0143013000488
1706696591400,424.62488174438477,850.6201028823853
1706696591411,411.81406021118164,846.2399482727051
1706696591422,409.35020446777344,848.349666595459
1706696591434,405.6707572937012,857.5244092941284
1706696591444,401.7617607116699,856.3889122009277
1706696591489,400.78535079956055,853.75657081604
1706696591490,405.29626846313477,849.3321704864502
1706696591501,398.6124610900879,841.063756942749
1706696591514,396.45259857177734,844.9257946014404
1706696591522,395.18775939941406,845.3111743927002
1706696591538,400.86755752563477,850.4530763626099
1706696591545,397.63145446777344,848.3753299713135
1706696591555,385.7604789733887,847.0400190353394
1706696591566,381.8753433227539,842.3146963119507
1706696591577,382.82360076904297,839.6222305297852
1706696591588,401.8518829345703,832.9500102996826
1706696591599,414.0867233276367,831.1658048629761
1706696591611,435.14598846435547,827.844500541687
1706696591659,435.9552192687988,827.7688407897949
1706696591660,438.3571243286133,824.58083152771
1706696591666,429.62398529052734,814.6421527862549
1706696591682,434.88460540771484,817.1950149536133
1706696591688,437.9177665710449,817.986159324646
1706696591701,427.88522720336914,809.9730920791626
1706696591710,644.0796184539795,866.222620010376
1706696591720,1308.9863586425781,1050.2231884002686
1706696591731,1308.9863586425781,1050.2231884002686
1706696591742,nan,nan
1706696591753,nan,nan
1706696591764,nan,nan
1706696591775,nan,nan
1706696591786,nan,nan
1706696591826,nan,nan
1706696591827,nan,nan
1706696591830,nan,nan
1706696591846,nan,nan
1706696591854,nan,nan
1706696591865,nan,nan
1706696591874,nan,nan
1706696591886,nan,nan
1706696591897,nan,nan
1706696591908,nan,nan
1706696591919,nan,nan
1706696591930,nan,nan
1706696591940,nan,nan
1706696591951,nan,nan
1706696591989,nan,nan
1706696591990,nan,nan
1706696591996,nan,nan
1706696592013,nan,nan
1706696592017,nan,nan
1706696592036,nan,nan
1706696592054,nan,nan
1706696592065,nan,nan
1706696592076,nan,nan
1706696592088,nan,nan
1706696592099,nan,nan
1706696592109,nan,nan
1706696592148,nan,nan
1706696592149,nan,nan
1706696592154,nan,nan
1706696592165,nan,nan
1706696592175,nan,nan
1706696592187,nan,nan
1706696592198,nan,nan
1706696592208,nan,nan
1706696592220,nan,nan
1706696592231,nan,nan
1706696592241,nan,nan
1706696592254,nan,nan
1706696592295,nan,nan
1706696592296,nan,nan
1706696592299,nan,nan
1706696592315,nan,nan
1706696592321,nan,nan
1706696592333,nan,nan
1706696592342,nan,nan
1706696592354,nan,nan
1706696592365,nan,nan
1706696592375,nan,nan
1706696592387,nan,nan
1706696592399,nan,nan
1706696592409,nan,nan
1706696592421,nan,nan
1706696592458,nan,nan
1706696592460,nan,nan
1706696592462,nan,nan
1706696592478,nan,nan
1706696592490,nan,nan
1706696592500,nan,nan
1706696592511,nan,nan
1706696592522,nan,nan
1706696592534,1283.3700561523438,806.2748622894287
1706696592545,1283.3700561523438,806.2748622894287
1706696592555,1283.3700561523438,806.2748622894287
1706696592567,1284.1583251953125,771.2158584594727
1706696592604,1259.4356536865234,720.2313137054443
1706696592605,1243.3686065673828,718.1417226791382
1706696592611,1257.7378845214844,696.5428161621094
1706696592622,1255.9111022949219,694.6917057037354
1706696592634,1252.9320526123047,701.9886016845703
1706696592643,1247.2522735595703,702.7379894256592
1706696592654,1241.0924530029297,707.0700788497925
1706696592666,1239.6728515625,705.5701446533203
1706696592677,1198.8282012939453,733.2160377502441
1706696592688,1188.3978271484375,747.2849750518799
1706696592699,1173.5131072998047,755.8712196350098
1706696592710,1164.8046875,749.0321445465088
1706696592756,1161.1746978759766,747.2424030303955
1706696592757,1234.6786880493164,788.1693077087402
1706696592768,1199.2658996582031,788.6950206756592
1706696592780,1201.260986328125,791.131067276001
1706696592790,1201.8480682373047,793.9576005935669
1706696592802,1195.952033996582,802.2662258148193
1706696592813,1196.053123474121,809.5640659332275
1706696592823,1194.8881530761719,812.8737831115723
1706696592834,1197.4600219726562,808.9485740661621
1706696592845,1193.7748336791992,809.6459913253784
1706696592857,1215.8649826049805,818.0179166793823
1706696592868,1279.957046508789,821.2588405609131
1706696592878,1352.1808624267578,841.27610206604
1706696592896,1755.2577209472656,876.4347553253174
1706696592923,nan,nan
1706696592924,nan,nan
1706696592939,nan,nan
1706696592944,nan,nan
1706696592955,nan,nan
1706696592966,nan,nan
1706696592976,nan,nan
1706696592986,nan,nan
1706696593006,nan,nan
1706696593051,nan,nan
1706696593052,nan,nan
1706696593057,nan,nan
1706696593071,nan,nan
1706696593078,nan,nan
1706696593090,nan,nan
1706696593101,nan,nan
1706696593111,nan,nan
1706696593123,nan,nan
1706696593135,nan,nan
1706696593145,nan,nan
1706696593157,nan,nan
1706696593168,nan,nan
1706696593200,nan,nan
1706696593201,nan,nan
1706696593216,nan,nan
1706696593224,nan,nan
1706696593236,nan,nan
1706696593245,nan,nan
1706696593257,nan,nan
1706696593268,nan,nan
1706696593278,nan,nan
1706696593290,nan,nan
1706696593302,nan,nan
1706696593312,nan,nan
1706696593333,nan,nan
1706696593354,nan,nan
1706696593355,nan,nan
1706696593357,nan,nan
1706696593372,nan,nan
1706696593379,nan,nan
1706696593390,nan,nan
1706696593402,nan,nan
1706696593412,nan,nan
1706696593423,nan,nan
1706696593435,nan,nan
1706696593445,nan,nan
1706696593456,nan,nan
1706696593469,nan,nan
1706696593502,nan,nan
1706696593512,nan,nan
1706696593523,nan,nan
1706696593537,nan,nan
1706696593545,nan,nan
1706696593557,nan,nan
1706696593568,nan,nan
1706696593578,nan,nan
1706696593590,nan,nan
1706696593602,nan,nan
1706696593611,nan,nan
1706696593649,nan,nan
1706696593650,nan,nan
1706696593657,nan,nan
1706696593668,nan,nan
1706696593680,nan,nan
1706696593690,nan,nan
1706696593701,nan,nan
1706696593712,nan,nan
1706696593724,nan,nan
1706696593735,nan,nan
1706696593745,nan,nan
1706696593785,nan,nan
1706696593786,nan,nan
1706696593787,nan,nan
1706696593790,nan,nan
1706696593802,nan,nan
1706696593811,nan,nan
1706696593823,nan,nan
1706696593834,nan,nan
1706696593844,nan,nan
1706696593856,nan,nan
1706696593868,nan,nan
1706696593877,nan,nan
1706696593890,nan,nan
1706696593901,nan,nan
1706696593936,nan,nan
1706696593937,nan,nan
1706696593952,nan,nan
1706696593957,nan,nan
1706696593969,nan,nan
1706696593978,nan,nan
1706696593990,nan,nan
1706696594001,nan,nan
1706696594011,nan,nan
1706696594023,nan,nan
1706696594034,nan,nan
1706696594044,nan,nan
1706696594085,nan,nan
1706696594086,nan,nan
1706696594089,nan,nan
1706696594102,nan,nan
1706696594111,nan,nan
1706696594123,nan,nan
1706696594134,nan,nan
1706696594144,nan,nan
1706696594156,nan,nan
1706696594168,nan,nan
1706696594178,nan,nan
1706696594189,nan,nan
1706696594201,nan,nan
1706696594232,nan,nan
1706696594233,nan,nan
1706696594234,nan,nan
1706696594250,nan,nan
1706696594257,nan,nan
1706696594268,nan,nan
1706696594278,nan,nan
1706696594290,nan,nan
1706696594301,nan,nan
1706696594311,nan,nan
1706696594324,nan,nan
1706696594334,nan,nan
1706696594345,nan,nan
1706696594382,nan,nan
1706696594383,nan,nan
1706696594390,nan,nan
1706696594400,nan,nan
1706696594412,nan,nan
1706696594422,nan,nan
1706696594434,nan,nan
1706696594444,nan,nan
1706696594456,nan,nan
1706696594467,nan,nan
1706696594477,nan,nan
1706696594519,nan,nan
1706696594523,nan,nan
1706696594534,nan,nan
1706696594544,nan,nan
1706696594556,nan,nan
1706696594568,nan,nan
1706696594577,nan,nan
1706696594590,nan,nan
1706696594601,nan,nan
1706696594610,nan,nan
1706696594623,nan,nan
1706696594635,nan,nan
1706696594667,nan,nan
1706696594668,nan,nan
1706696594683,nan,nan
1706696594690,nan,nan
1706696594702,nan,nan
1706696594711,nan,nan
1706696594723,nan,nan
1706696594742,nan,nan
1706696594757,nan,nan
1706696594768,nan,nan
1706696594778,nan,nan
1706696594817,nan,nan
1706696594818,nan,nan
1706696594823,nan,nan
1706696594834,nan,nan
1706696594847,nan,nan
1706696594856,nan,nan
1706696594866,nan,nan
1706696594884,nan,nan
1706696594905,nan,nan
1706696594921,nan,nan
1706696594938,nan,nan
1706696594980,nan,nan
1706696594981,nan,nan
1706696594982,nan,nan
1706696594997,nan,nan
1706696595005,nan,nan
1706696595018,1237.971420288086,868.4323740005493
1706696595028,1253.4756088256836,879.4129943847656
1706696595039,1237.2785949707031,885.6541728973389
1706696595050,1232.8271102905273,882.4124336242676
1706696595062,1230.6287384033203,879.2796564102173
1706696595073,1235.5493927001953,872.9976654052734
1706696595084,1233.168067932129,866.3722658157349
1706696595123,1231.8771362304688,868.0981063842773
1706696595129,1228.2302856445312,863.0062007904053
1706696595140,1227.2280883789062,860.7178258895874
1706696595150,1224.676170349121,860.7846879959106
1706696595161,1218.3941268920898,857.1425914764404
1706696595172,1224.8869705200195,852.9305791854858
1706696595183,1228.904685974121,849.7993898391724
1706696595194,1231.0356903076172,844.3657493591309
1706696595205,1223.6136627197266,850.0409603118896
1706696595216,1224.5180892944336,848.224139213562
1706696595228,1220.6850051879883,855.080509185791
1706696595270,1231.2783432006836,849.7578477859497
1706696595272,1212.742919921875,894.1717100143433
1706696595287,1186.7405700683594,951.1165952682495
1706696595294,1178.1908798217773,965.3368091583252
1706696595306,1180.560646057129,964.1714429855347
1706696595317,1185.9857559204102,968.4979104995728
1706696595328,1185.3497695922852,964.181056022644
1706696595339,1128.016471862793,952.7873754501343
1706696595349,986.7783737182617,937.5844860076904
1706696595360,865.9941482543945,933.0869579315186
1706696595372,416.9702911376953,859.7721862792969
1706696595383,336.94886207580566,867.7036285400391
1706696595418,336.51262283325195,861.4484596252441
1706696595419,331.70031547546387,874.074068069458
1706696595434,326.6621971130371,868.7866830825806
1706696595440,323.41962814331055,870.3364849090576
1706696595451,315.41489601135254,859.3103313446045
1706696595462,313.3413028717041,861.8121671676636
1706696595473,311.48417472839355,856.5358543395996
1706696595484,310.994815826416,858.7092161178589
1706696595495,306.91739082336426,860.9236907958984
1706696595506,310.60619354248047,860.8239984512329
1706696595517,302.2669982910156,853.5436248779297
1706696595527,297.0292663574219,846.0953664779663
1706696595539,292.29865074157715,844.1455078125
1706696595583,294.1969966888428,847.3541593551636
1706696595584,294.4540023803711,847.2296190261841
1706696595585,286.0455131530762,849.6207332611084
1706696595601,288.0863380432129,851.1895895004272
1706696595605,371.7983055114746,870.8471775054932
1706696595616,669.645881652832,899.1729784011841
1706696595627,880.3902053833008,942.516188621521
1706696595637,1010.1874542236328,939.5966577529907
1706696595648,1512.4407958984375,1092.0992946624756
1706696595659,nan,nan
1706696595670,nan,nan
1706696595681,nan,nan
1706696595722,nan,nan
1706696595723,nan,nan
1706696595725,nan,nan
1706696595741,nan,nan
1706696595747,nan,nan
1706696595758,nan,nan
1706696595769,nan,nan
1706696595780,nan,nan
1706696595792,nan,nan
1706696595803,nan,nan
1706696595814,nan,nan
1706696595825,nan,nan
1706696595836,nan,nan
1706696595876,nan,nan
1706696595877,nan,nan
1706696595894,nan,nan
1706696595911,nan,nan
1706696595926,nan,nan
1706696595937,nan,nan
1706696595948,nan,nan
1706696595960,nan,nan
1706696595971,nan,nan
1706696595982,nan,nan
1706696596021,nan,nan
1706696596022,nan,nan
1706696596026,nan,nan
1706696596040,nan,nan
1706696596049,nan,nan
1706696596060,nan,nan
1706696596071,nan,nan
1706696596083,nan,nan
1706696596093,nan,nan
1706696596105,1459.2646789550781,966.9938564300537
1706696596116,1459.2646789550781,966.9938564300537
1706696596127,1459.2646789550781,966.9938564300537
1706696596138,1304.9862670898438,893.5117149353027
1706696596169,1304.9862670898438,893.5117149353027
1706696596171,1304.9862670898438,893.5117149353027
1706696596172,1341.6470336914062,869.3365573883057
1706696596187,1341.6470336914062,869.3365573883057
1706696596194,1341.6470336914062,869.3365573883057
1706696596206,1341.6677856445312,867.6379680633545
1706696596216,1300.8824157714844,837.1948528289795
1706696596228,1275.375747680664,836.9538402557373
1706696596239,1274.8986053466797,831.0851669311523
1706696596251,1269.9932098388672,831.8695735931396
1706696596262,1269.0670013427734,873.5216617584229
1706696596273,1316.3949584960938,868.3911752700806
1706696596284,1320.5948638916016,866.6158533096313
1706696596320,1312.8536224365234,865.8976650238037
1706696596338,1242.8239440917969,889.3737316131592
1706696596340,1216.9156646728516,889.8496627807617
1706696596353,1223.4002685546875,891.3628149032593
1706696596362,1217.2131729125977,890.9743881225586
1706696596373,1210.9929656982422,902.0038461685181
1706696596385,1212.4245834350586,901.1719751358032
1706696596396,1214.2372131347656,901.8787908554077
1706696596407,1213.0619812011719,905.810136795044
1706696596418,1212.1745681762695,905.7727146148682
1706696596454,1218.1929016113281,910.5950260162354
1706696596455,1221.297950744629,906.5800380706787
1706696596469,1221.0062789916992,917.4942255020142
1706696596473,1218.6791229248047,917.4048757553101
1706696596486,1219.2784881591797,914.3911457061768
1706696596496,1223.4371948242188,916.3413906097412
1706696596507,1219.7855377197266,921.2002229690552
1706696596518,1222.0236587524414,926.3096380233765
1706696596529,1223.6993789672852,928.911509513855
1706696596540,1221.4274597167969,929.0603399276733
1706696596551,1214.5196533203125,931.5570259094238
1706696596563,1215.265769958496,929.5545101165771
1706696596601,1212.6555633544922,933.5589408874512
1706696596602,1215.2489471435547,937.0119094848633
1706696596606,1214.0168762207031,939.828143119812
1706696596617,1216.106834411621,939.3674468994141
1706696596630,1219.5073699951172,940.3279781341553
1706696596640,1218.128433227539,937.5205850601196
1706696596651,1216.9161224365234,939.7242021560669
1706696596662,1217.4316024780273,938.9395380020142
1706696596673,1223.204002380371,946.3788270950317
1706696596684,1225.4651641845703,948.3147382736206
1706696596696,1227.355842590332,948.8065481185913
1706696596707,1225.998306274414,945.6672048568726
1706696596739,1225.6427383422852,944.5132970809937
1706696596740,1225.296745300293,942.9321241378784
1706696596756,1270.659523010254,967.5627422332764
1706696596761,1323.3951568603516,987.2930288314819
1706696596773,1374.8294067382812,1019.2471504211426
1706696596782,1642.5105285644531,1061.0641193389893
1706696596793,nan,nan
1706696596804,nan,nan
1706696596815,nan,nan
1706696596826,nan,nan
1706696596837,nan,nan
1706696596848,nan,nan
1706696596868,nan,nan
1706696596891,nan,nan
1706696596892,nan,nan
1706696596908,nan,nan
1706696596927,nan,nan
1706696596939,nan,nan
1706696596949,nan,nan
1706696596961,nan,nan
1706696596973,nan,nan
1706696596982,nan,nan
1706696597022,nan,nan
1706696597023,nan,nan
1706696597028,nan,nan
1706696597041,nan,nan
1706696597049,nan,nan
1706696597061,nan,nan
1706696597073,nan,nan
1706696597082,nan,nan
1706696597095,nan,nan
1706696597106,nan,nan
1706696597116,nan,nan
1706696597128,nan,nan
1706696597139,nan,nan
1706696597173,nan,nan
1706696597174,nan,nan
1706696597183,nan,nan
1706696597195,nan,nan
1706696597206,nan,nan
1706696597216,nan,nan
1706696597229,nan,nan
1706696597246,nan,nan
1706696597261,nan,nan
1706696597272,nan,nan
1706696597282,nan,nan
1706696597319,nan,nan
1706696597320,nan,nan
1706696597327,nan,nan
1706696597337,nan,nan
1706696597355,nan,nan
1706696597375,nan,nan
1706696597384,nan,nan
1706696597397,nan,nan
1706696597408,nan,nan
1706696597418,nan,nan
1706696597430,nan,nan
1706696597451,nan,nan
1706696597471,nan,nan
1706696597475,nan,nan
1706696597488,nan,nan
1706696597496,nan,nan
1706696597508,nan,nan
1706696597517,nan,nan
1706696597529,nan,nan
1706696597540,nan,nan
1706696597551,nan,nan
1706696597563,nan,nan
1706696597606,nan,nan
1706696597607,nan,nan
1706696597623,nan,nan
1706696597629,nan,nan
1706696597641,nan,nan
1706696597651,nan,nan
1706696597663,nan,nan
1706696597674,nan,nan
1706696597685,nan,nan
1706696597696,nan,nan
1706696597707,nan,nan
1706696597719,nan,nan
1706696597753,nan,nan
1706696597754,nan,nan
1706696597770,nan,nan
1706696597774,nan,nan
1706696597786,nan,nan
1706696597797,nan,nan
1706696597807,nan,nan
1706696597819,nan,nan
1706696597831,nan,nan
1706696597841,nan,nan
1706696597851,nan,nan
1706696597863,nan,nan
1706696597903,nan,nan
1706696597904,nan,nan
1706696597907,nan,nan
1706696597920,nan,nan
1706696597931,nan,nan
1706696597948,nan,nan
1706696597964,nan,nan
1706696597973,nan,nan
1706696597984,nan,nan
1706696597996,nan,nan
1706696598007,nan,nan
1706696598018,nan,nan
1706696598053,nan,nan
1706696598054,nan,nan
1706696598071,nan,nan
1706696598089,nan,nan
1706696598106,nan,nan
1706696598122,nan,nan
1706696598135,nan,nan
1706696598145,958.2598876953125,964.6695613861084
1706696598156,963.7591934204102,949.1574668884277
1706696598175,963.7591934204102,949.1574668884277
1706696598195,980.477180480957,953.768162727356
1706696598196,978.7245178222656,961.0804224014282
1706696598201,978.7245178222656,961.0804224014282
1706696598213,983.8302993774414,959.5157289505005
1706696598222,978.9627075195312,958.3844804763794
1706696598233,978.9627075195312,958.3844804763794
1706696598245,1008.9666748046875,963.7969207763672
1706696598256,979.3461990356445,917.4298524856567
1706696598267,991.9321823120117,925.3766584396362
1706696598278,990.2613067626953,931.6208410263062
1706696598290,987.8357696533203,934.8273038864136
1706696598301,991.0969161987305,935.134105682373
1706696598336,991.0195541381836,933.2550573348999
1706696598337,994.027214050293,932.0708513259888
1706696598353,991.2478256225586,924.9448013305664
1706696598356,986.6084671020508,925.8723735809326
1706696598370,981.2403869628906,924.0725469589233
1706696598379,985.147705078125,927.9609775543213
1706696598390,984.4916915893555,919.8407077789307
1706696598401,984.1585159301758,924.4255685806274
1706696598412,980.7583236694336,925.3533554077148
1706696598423,981.7586898803711,932.1229076385498
1706696598435,1001.8443298339844,917.5302314758301
1706696598471,1032.235107421875,902.7783823013306
1706696598479,1074.7556686401367,848.9277791976929
1706696598490,1076.873550415039,845.5745029449463
1706696598503,1074.7082901000977,847.2474718093872
1706696598512,1077.7244186401367,852.1083211898804
1706696598523,1078.6993026733398,854.1262865066528
1706696598535,1084.472770690918,857.6090812683105
1706696598546,1084.9169540405273,855.4758453369141
1706696598557,1081.7401504516602,850.4145812988281
1706696598568,1077.5487518310547,844.3557500839233
1706696598579,1075.5841064453125,845.1377534866333
1706696598589,1076.4031600952148,843.8787460327148
1706696598621,1071.2777709960938,849.4997978210449
1706696598622,993.4273529052734,894.2609739303589
1706696598639,665.8537673950195,1029.927577972412
1706696598645,579.2584037780762,1043.6209201812744
1706696598656,525.4241752624512,1058.687982559204
1706696598667,524.5563697814941,1060.7132863998413
1706696598678,520.6395721435547,1060.5308961868286
1706696598689,521.4311218261719,1063.0127334594727
1706696598701,523.6244773864746,1062.9859113693237
1706696598712,521.8674850463867,1060.0480556488037
1706696598723,516.5609169006348,1058.9081811904907
1706696598742,514.0352821350098,1057.0995569229126
1706696598761,512.9608917236328,1061.6545486450195
1706696598762,507.6358413696289,1060.579218864441
1706696598767,505.1635551452637,1063.017110824585
1706696598779,503.88458251953125,1064.6872901916504
1706696598789,502.9862403869629,1062.4244928359985
1706696598801,499.5406723022461,1056.993727684021
1706696598812,500.5293083190918,1055.9111022949219
1706696598823,505.2545928955078,1057.8392028808594
1706696598834,533.3366394042969,1054.9995803833008
1706696598845,558.2704162597656,1047.9211235046387
1706696598856,604.4629859924316,1032.6730871200562
1706696598868,606.3913536071777,1031.8760633468628
1706696598904,612.6896667480469,1031.1117839813232
1706696598911,620.9256744384766,1033.5578298568726
1706696598923,713.8533782958984,1066.7988109588623
1706696598935,740.9630584716797,1087.065453529358
1706696598943,795.1796340942383,1092.0817852020264
1706696598954,nan,nan
1706696598965,nan,nan
1706696598976,nan,nan
1706696598987,nan,nan
1706696598999,nan,nan
1706696599040,nan,nan
1706696599041,nan,nan
1706696599042,nan,nan
1706696599056,nan,nan
1706696599072,nan,nan
1706696599090,nan,nan
1706696599102,nan,nan
1706696599120,nan,nan
1706696599134,nan,nan
1706696599145,nan,nan
1706696599156,nan,nan
1706696599204,nan,nan
1706696599205,nan,nan
1706696599211,nan,nan
1706696599223,nan,nan
1706696599234,nan,nan
1706696599245,nan,nan
1706696599256,nan,nan
1706696599267,nan,nan
1706696599278,nan,nan
1706696599290,nan,nan
1706696599301,nan,nan
1706696599312,nan,nan
1706696599323,nan,nan
1706696599357,nan,nan
1706696599372,nan,nan
1706696599379,nan,nan
1706696599391,nan,nan
1706696599401,nan,nan
1706696599413,nan,nan
1706696599425,nan,nan
1706696599436,nan,nan
1706696599447,1179.4586181640625,1006.2026023864746
1706696599458,1199.4300842285156,1011.1733150482178
1706696599470,1199.4300842285156,1011.1733150482178
1706696599510,1195.9305572509766,1018.9677715301514
1706696599511,1190.4900360107422,1013.9565467834473
1706696599515,1202.5784301757812,1001.6650772094727
1706696599526,1171.7963409423828,984.175615310669
1706696599536,1172.0014953613281,986.2433624267578
1706696599548,1170.8090591430664,990.964822769165
1706696599558,1170.9352111816406,968.626012802124
1706696599570,1175.869255065918,930.8254909515381
1706696599581,1179.398422241211,884.2559480667114
1706696599592,1180.44921875,829.222469329834
1706696599603,1176.153221130371,834.3775463104248
1706696599615,1178.353614807129,829.7515296936035
1706696599625,1175.3636932373047,827.2580623626709
1706696599637,1171.1868286132812,826.7781829833984
1706696599674,1168.5161972045898,831.4027404785156
1706696599675,1168.7393951416016,830.0704765319824
1706696599681,1171.8468856811523,821.3567733764648
1706696599693,1171.3718032836914,822.4288845062256
1706696599704,1166.294059753418,825.4699516296387
1706696599715,1165.824851989746,836.1674165725708
1706696599725,1165.2082061767578,837.7456712722778
1706696599736,1163.1053161621094,835.4077291488647
1706696599748,1161.0564804077148,835.0213193893433
1706696599758,1162.863655090332,828.4398651123047
1706696599770,1168.8663864135742,832.4859237670898
1706696599781,1174.5569610595703,823.4040069580078
1706696599822,1169.359359741211,824.6737003326416
1706696599823,1166.3165664672852,821.4292144775391
1706696599826,1170.5284118652344,814.7531318664551
1706696599839,1170.6694793701172,811.2281513214111
1706696599848,1168.3201217651367,816.3705682754517
1706696599859,1167.8481674194336,819.676079750061
1706696599871,1165.9586715698242,818.721513748169
1706696599881,1165.6297302246094,817.684850692749
1706696599893,1166.2051010131836,821.2887096405029
1706696599904,1164.534912109375,818.3071231842041
1706696599914,1167.6691436767578,813.2606649398804
1706696599925,1168.228874206543,809.8287677764893
1706696599936,1176.6117858886719,819.0576696395874
1706696599978,1264.5657348632812,846.7362213134766
1706696599979,1355.3671264648438,881.0094451904297
1706696599995,nan,nan
1706696600002,nan,nan
1706696600013,nan,nan
1706696600023,nan,nan
1706696600035,nan,nan
1706696600046,nan,nan
1706696600054,nan,nan
1706696600072,nan,nan
1706696600121,nan,nan
1706696600122,nan,nan
1706696600125,nan,nan
1706696600138,nan,nan
1706696600148,nan,nan
1706696600158,nan,nan
1706696600170,nan,nan
1706696600181,nan,nan
1706696600191,nan,nan
1706696600203,nan,nan
1706696600215,nan,nan
1706696600255,nan,nan
1706696600256,nan,nan
1706696600258,nan,nan
1706696600272,nan,nan
1706696600281,nan,nan
1706696600291,nan,nan
1706696600303,nan,nan
1706696600314,nan,nan
1706696600324,nan,nan
1706696600336,nan,nan
1706696600347,nan,nan
1706696600358,nan,nan
1706696600369,nan,nan
1706696600408,nan,nan
1706696600409,nan,nan
1706696600414,nan,nan
1706696600427,nan,nan
1706696600436,nan,nan
1706696600448,nan,nan
1706696600458,nan,nan
1706696600470,nan,nan
1706696600481,nan,nan
1706696600491,nan,nan
1706696600503,nan,nan
1706696600514,nan,nan
1706696600525,nan,nan
1706696600558,nan,nan
1706696600576,nan,nan
1706696600582,nan,nan
1706696600592,nan,nan
1706696600604,nan,nan
1706696600614,nan,nan
1706696600625,nan,nan
1706696600637,nan,nan
1706696600648,nan,nan
1706696600657,nan,nan
1706696600669,nan,nan
1706696600707,nan,nan
1706696600708,nan,nan
1706696600714,nan,nan
1706696600724,nan,nan
1706696600736,nan,nan
1706696600747,nan,nan
1706696600757,nan,nan
1706696600770,nan,nan
1706696600780,nan,nan
1706696600790,nan,nan
1706696600803,nan,nan
1706696600838,nan,nan
1706696600839,nan,nan
1706696600853,nan,nan
1706696600857,nan,nan
1706696600869,nan,nan
1706696600881,nan,nan
1706696600891,nan,nan
1706696600903,nan,nan
1706696600914,nan,nan
1706696600924,nan,nan
1706696600936,nan,nan
1706696600947,nan,nan
1706696600990,nan,nan
1706696600991,nan,nan
1706696601006,nan,nan
1706696601014,nan,nan
1706696601025,nan,nan
1706696601035,nan,nan
1706696601046,nan,nan
1706696601057,nan,nan
1706696601069,nan,nan
1706696601080,nan,nan
1706696601091,nan,nan
1706696601123,nan,nan
1706696601124,nan,nan
1706696601143,nan,nan
1706696601147,nan,nan
1706696601158,nan,nan
1706696601169,nan,nan
1706696601180,nan,nan
1706696601191,nan,nan
1706696601203,nan,nan
1706696601213,nan,nan
1706696601224,nan,nan
1706696601236,nan,nan
1706696601277,nan,nan
1706696601278,nan,nan
1706696601280,nan,nan
1706696601297,nan,nan
1706696601303,nan,nan
1706696601314,nan,nan
1706696601324,nan,nan
1706696601337,nan,nan
1706696601347,nan,nan
1706696601357,nan,nan
1706696601369,nan,nan
1706696601381,nan,nan
1706696601390,nan,nan
1706696601423,nan,nan
1706696601440,nan,nan
1706696601446,nan,nan
1706696601458,nan,nan
1706696601469,nan,nan
1706696601480,nan,nan
1706696601490,nan,nan
1706696601502,nan,nan
1706696601513,nan,nan
1706696601523,nan,nan
1706696601535,nan,nan
1706696601574,nan,nan
1706696601575,nan,nan
1706696601580,nan,nan
1706696601592,nan,nan
1706696601602,nan,nan
1706696601614,nan,nan
1706696601624,nan,nan
1706696601635,nan,nan
1706696601647,nan,nan
1706696601657,nan,nan
1706696601669,nan,nan
1706696601680,nan,nan
1706696601691,nan,nan
1706696601725,nan,nan
1706696601726,nan,nan
1706696601743,nan,nan
1706696601747,nan,nan
1706696601758,nan,nan
1706696601769,nan,nan
1706696601779,nan,nan
1706696601790,nan,nan
1706696601802,nan,nan
1706696601813,nan,nan
1706696601823,nan,nan
1706696601836,nan,nan
1706696601875,nan,nan
1706696601876,nan,nan
1706696601879,nan,nan
1706696601892,nan,nan
1706696601902,nan,nan
1706696601913,nan,nan
1706696601923,nan,nan
1706696601936,nan,nan
1706696601946,nan,nan
1706696601956,nan,nan
1706696601969,nan,nan
1706696601980,nan,nan
1706696601990,nan,nan
1706696602026,nan,nan
1706696602042,nan,nan
1706696602046,nan,nan
1706696602056,nan,nan
1706696602069,nan,nan
1706696602080,nan,nan
1706696602090,nan,nan
1706696602102,nan,nan
1706696602114,nan,nan
1706696602123,nan,nan
1706696602136,nan,nan
1706696602174,nan,nan
1706696602175,nan,nan
1706696602179,nan,nan
1706696602190,nan,nan
1706696602201,nan,nan
1706696602213,nan,nan
1706696602223,nan,nan
1706696602235,nan,nan
1706696602246,nan,nan
1706696602257,nan,nan
1706696602269,nan,nan
1706696602279,nan,nan
1706696602290,nan,nan
1706696602326,nan,nan
1706696602327,nan,nan
1706696602335,nan,nan
1706696602346,nan,nan
1706696602358,nan,nan
1706696602368,nan,nan
1706696602379,nan,nan
1706696602390,nan,nan
1706696602402,nan,nan
1706696602413,nan,nan
1706696602424,nan,nan
1706696602435,nan,nan
1706696602474,nan,nan
1706696602475,nan,nan
1706696602479,nan,nan
1706696602492,nan,nan
1706696602502,nan,nan
1706696602513,nan,nan
1706696602523,nan,nan
1706696602535,nan,nan
1706696602546,nan,nan
1706696602556,nan,nan
1706696602568,nan,nan
1706696602579,nan,nan
1706696602590,nan,nan
1706696602624,nan,nan
1706696602625,nan,nan
1706696602640,nan,nan
1706696602646,nan,nan
1706696602656,nan,nan
1706696602669,nan,nan
1706696602680,nan,nan
1706696602689,nan,nan
1706696602702,nan,nan
1706696602713,nan,nan
1706696602722,nan,nan
1706696602757,nan,nan
1706696602758,nan,nan
1706696602773,nan,nan
1706696602779,nan,nan
1706696602791,nan,nan
1706696602801,nan,nan
1706696602812,nan,nan
1706696602822,nan,nan
1706696602835,nan,nan
1706696602846,nan,nan
1706696602857,nan,nan
1706696602868,nan,nan
1706696602907,nan,nan
1706696602908,nan,nan
1706696602912,nan,nan
1706696602924,nan,nan
1706696602934,nan,nan
1706696602946,nan,nan
1706696602956,nan,nan
1706696602967,nan,nan
1706696602978,nan,nan
1706696602989,nan,nan
1706696603001,nan,nan
1706696603042,nan,nan
1706696603043,nan,nan
1706696603045,nan,nan
1706696603060,nan,nan
1706696603068,nan,nan
1706696603079,nan,nan
1706696603089,nan,nan
1706696603101,nan,nan
1706696603112,nan,nan
1706696603123,nan,nan
1706696603135,nan,nan
1706696603145,nan,nan
1706696603156,nan,nan
1706696603191,nan,nan
1706696603192,nan,nan
1706696603206,nan,nan
1706696603213,nan,nan
1706696603224,nan,nan
1706696603235,nan,nan
1706696603246,nan,nan
1706696603255,nan,nan
1706696603268,nan,nan
1706696603279,nan,nan
1706696603288,nan,nan
1706696603324,nan,nan
1706696603325,nan,nan
1706696603340,nan,nan
1706696603345,nan,nan
1706696603357,nan,nan
1706696603368,nan,nan
1706696603378,nan,nan
1706696603389,nan,nan
1706696603401,nan,nan
1706696603419,nan,nan
1706696603435,nan,nan
1706696603455,nan,nan
1706696603477,nan,nan
1706696603478,nan,nan
1706696603479,nan,nan
1706696603495,nan,nan
1706696603503,nan,nan
1706696603514,nan,nan
1706696603524,nan,nan
1706696603536,nan,nan
1706696603547,1274.7815704345703,890.0277614593506
1706696603558,1274.7815704345703,890.0277614593506
1706696603570,1274.7815704345703,890.0277614593506
1706696603581,1350.9178161621094,915.5895137786865
1706696603624,1335.3833770751953,869.8971605300903
1706696603625,1339.1734313964844,871.8999338150024
1706696603626,1177.9719161987305,848.2443952560425
1706696603640,1153.1024169921875,839.066948890686
1706696603649,1139.6686935424805,836.9148302078247
1706696603660,1127.485466003418,832.4554967880249
1706696603671,1122.9635620117188,832.3437023162842
1706696603682,1120.7441329956055,833.4336233139038
1706696603693,1115.6849670410156,830.7447195053101
1706696603704,1118.2197189331055,834.2135667800903
1706696603714,1122.7377319335938,829.0600776672363
1706696603725,1127.4152755737305,828.4009408950806
1706696603737,1123.9866256713867,827.5768804550171
1706696603779,1122.6215362548828,829.2036724090576
1706696603780,1120.2227783203125,828.4683609008789
1706696603781,1119.8295211791992,831.9663047790527
1706696603798,1120.0030899047852,830.4205369949341
1706696603804,1123.333969116211,835.6973648071289
1706696603817,1129.316062927246,831.888542175293
1706696603826,1126.8487548828125,833.9841842651367
1706696603837,1119.4068145751953,828.3304309844971
1706696603848,1111.1372756958008,826.1327362060547
1706696603859,1110.018196105957,823.4637022018433
1706696603871,1112.3026275634766,823.8323879241943
1706696603881,1114.7843933105469,825.381932258606
1706696603893,1117.4080276489258,824.4607973098755
1706696603924,1119.1704177856445,821.6961908340454
1706696603925,1118.4984588623047,823.1762981414795
1706696603926,1116.1183547973633,825.7563257217407
1706696603940,1114.4966125488281,827.2940254211426
1706696603948,1116.2151718139648,826.0208559036255
1706696603960,1110.4537963867188,835.8746480941772
1706696603970,1103.0605697631836,862.0127105712891
1706696603982,1093.9189147949219,889.0989446640015
1706696603993,1085.7678604125977,917.5733184814453
1706696604004,1085.3786849975586,916.3721179962158
1706696604015,1088.9429473876953,913.6245918273926
1706696604026,1089.184684753418,921.9152784347534
1706696604037,1089.4946670532227,921.5773630142212
1706696604079,1088.8768768310547,925.0217914581299
1706696604081,1084.2459106445312,923.1718397140503
1706696604094,1084.097023010254,923.1395244598389
1706696604103,1083.4420776367188,923.4483861923218
1706696604114,1053.7070846557617,926.7112398147583
1706696604125,902.4763870239258,975.7894420623779
1706696604136,789.7360610961914,992.7689838409424
1706696604148,584.329662322998,1027.9211568832397
1706696604159,386.5389823913574,1042.6082468032837
1706696604170,364.5162582397461,1046.7596626281738
1706696604210,365.5168914794922,1046.4441061019897
1706696604211,354.641170501709,1050.5944061279297
1706696604215,345.26227951049805,1048.9980840682983
1706696604229,354.8397445678711,1051.3954639434814
1706696604237,355.5693817138672,1050.5304193496704
1706696604248,355.294828414917,1046.2539052963257
1706696604259,352.0491313934326,1043.3887481689453
1706696604271,348.9920425415039,1042.263593673706
1706696604281,352.4538993835449,1046.9453573226929
1706696604292,351.07712745666504,1043.8188886642456
1706696604303,364.8210144042969,1047.988543510437
1706696604314,368.1534194946289,1041.5524864196777
1706696604325,813.6701965332031,1176.991982460022
1706696604358,1064.7569274902344,1295.0684881210327
1706696604359,1064.7569274902344,1295.0684881210327
1706696604375,nan,nan
1706696604380,nan,nan
1706696604392,nan,nan
1706696604402,nan,nan
1706696604413,nan,nan
1706696604423,nan,nan
1706696604434,nan,nan
1706696604445,nan,nan
1706696604455,nan,nan
1706696604492,nan,nan
1706696604493,nan,nan
1706696604508,nan,nan
1706696604511,nan,nan
1706696604523,nan,nan
1706696604532,nan,nan
1706696604550,nan,nan
1706696604570,nan,nan
1706696604581,nan,nan
1706696604593,nan,nan
1706696604604,nan,nan
1706696604646,nan,nan
1706696604647,nan,nan
1706696604648,nan,nan
1706696604662,nan,nan
1706696604670,nan,nan
1706696604683,nan,nan
1706696604692,nan,nan
1706696604704,nan,nan
1706696604715,nan,nan
1706696604725,nan,nan
1706696604737,nan,nan
1706696604755,nan,nan
1706696604795,nan,nan
1706696604804,nan,nan
1706696604815,nan,nan
1706696604826,nan,nan
1706696604837,nan,nan
1706696604848,nan,nan
1706696604859,nan,nan
1706696604871,nan,nan
1706696604882,1296.7779541015625,1011.2238693237305
1706696604893,1296.7779541015625,1011.2238693237305
1706696604904,1296.7779541015625,1011.2238693237305
1706696604943,1058.956298828125,865.7698631286621
1706696604944,1058.956298828125,865.7698631286621
1706696604948,nan,nan
1706696604960,1008.0680847167969,831.6455554962158
1706696604972,1008.0680847167969,831.6455554962158
1706696604982,1021.1715698242188,840.0040054321289
1706696604993,1015.3813934326172,836.273717880249
1706696605005,1012.4101257324219,838.4519290924072
1706696605016,1012.6957702636719,845.0765991210938
1706696605027,1009.9671173095703,843.9883518218994
1706696605038,1012.2200775146484,843.4489059448242
1706696605079,1009.8712921142578,839.4937419891357
1706696605080,1015.1944732666016,844.6232414245605
1706696605084,1052.1850204467773,854.436821937561
1706696605097,1045.909538269043,864.3188095092773
1706696605107,1042.6799774169922,869.154896736145
1706696605118,1041.624755859375,877.5564765930176
1706696605129,1040.7158279418945,880.4460096359253
1706696605140,1042.3845672607422,882.9891729354858
1706696605151,1039.5045852661133,881.8684816360474
1706696605162,1039.019775390625,880.0694274902344
1706696605173,1035.3126525878906,877.3989343643188
1706696605185,1037.716064453125,877.9288101196289
1706696605206,1040.2152633666992,880.1713514328003
1706696605226,1085.2449417114258,882.1097946166992
1706696605227,1124.9914932250977,883.9981126785278
1706696605228,1186.6250610351562,889.1575241088867
1706696605244,1180.0704956054688,892.82142162323
1706696605250,1185.219612121582,891.777548789978
1706696605262,1186.5973281860352,889.9202156066895
1706696605273,1189.3890762329102,889.6816492080688
1706696605284,1190.626335144043,889.1586399078369
1706696605295,1192.834243774414,890.452880859375
1706696605306,1194.965591430664,888.8106393814087
1706696605317,1192.8146362304688,894.7181940078735
1706696605329,1191.5371704101562,893.8825035095215
1706696605340,1193.3356475830078,896.8497133255005
1706696605379,1196.7798233032227,891.6859245300293
1706696605384,1190.433235168457,895.6846475601196
1706696605397,1191.966667175293,893.5562610626221
1706696605406,1192.0906448364258,896.270055770874
1706696605417,1192.1887969970703,894.7820091247559
1706696605428,1193.509178161621,896.3500499725342
1706696605440,1196.2895202636719,901.3697290420532
1706696605451,1194.9031448364258,906.4185905456543
1706696605462,1193.4785461425781,906.2091207504272
1706696605473,1196.3046264648438,909.8769664764404
1706696605484,1182.8327560424805,900.0390958786011
1706696605507,1270.6456756591797,959.6506547927856
1706696605528,1293.6040878295898,972.3030424118042
1706696605545,nan,nan
1706696605549,nan,nan
1706696605561,nan,nan
1706696605571,nan,nan
1706696605581,nan,nan
1706696605592,nan,nan
1706696605602,nan,nan
1706696605620,nan,nan
1706696605640,nan,nan
1706696605660,nan,nan
1706696605680,nan,nan
1706696605681,nan,nan
1706696605684,nan,nan
1706696605698,nan,nan
1706696605707,nan,nan
1706696605720,nan,nan
1706696605729,nan,nan
1706696605740,nan,nan
1706696605751,nan,nan
1706696605762,nan,nan
1706696605773,nan,nan
1706696605784,nan,nan
1706696605795,nan,nan
1706696605807,nan,nan
1706696605845,nan,nan
1706696605851,nan,nan
1706696605862,nan,nan
1706696605875,nan,nan
1706696605885,nan,nan
1706696605895,nan,nan
1706696605907,nan,nan
1706696605918,nan,nan
1706696605929,nan,nan
1706696605941,nan,nan
1706696605951,nan,nan
1706696605996,nan,nan
1706696606013,nan,nan
1706696606018,nan,nan
1706696606028,nan,nan
1706696606040,nan,nan
1706696606051,nan,nan
1706696606061,nan,nan
1706696606073,nan,nan
1706696606084,nan,nan
1706696606094,nan,nan
1706696606126,nan,nan
1706696606127,nan,nan
1706696606142,nan,nan
1706696606152,nan,nan
1706696606161,nan,nan
1706696606173,nan,nan
1706696606185,nan,nan
1706696606194,nan,nan
1706696606207,nan,nan
1706696606218,nan,nan
1706696606227,nan,nan
1706696606260,nan,nan
1706696606261,nan,nan
1706696606262,nan,nan
1706696606279,nan,nan
1706696606285,nan,nan
1706696606295,nan,nan
1706696606306,nan,nan
1706696606318,nan,nan
1706696606328,nan,nan
1706696606339,nan,nan
1706696606351,nan,nan
1706696606362,nan,nan
1706696606373,nan,nan
1706696606412,nan,nan
1706696606418,nan,nan
1706696606430,nan,nan
1706696606441,nan,nan
1706696606451,nan,nan
1706696606462,nan,nan
1706696606474,nan,nan
1706696606485,nan,nan
1706696606495,nan,nan
1706696606507,nan,nan
1706696606518,nan,nan
1706696606528,nan,nan
1706696606560,nan,nan
1706696606561,nan,nan
1706696606579,nan,nan
1706696606585,nan,nan
1706696606595,nan,nan
1706696606606,nan,nan
1706696606617,nan,nan
1706696606627,nan,nan
1706696606640,nan,nan
1706696606651,nan,nan
1706696606692,nan,nan
1706696606693,nan,nan
1706696606694,nan,nan
1706696606708,nan,nan
1706696606718,nan,nan
1706696606727,nan,nan
1706696606740,nan,nan
1706696606751,nan,nan
1706696606761,nan,nan
1706696606774,nan,nan
1706696606791,nan,nan
1706696606807,nan,nan
1706696606844,nan,nan
1706696606845,nan,nan
1706696606859,nan,nan
1706696606862,nan,nan
1706696606874,nan,nan
1706696606884,nan,nan
1706696606896,nan,nan
1706696606905,nan,nan
1706696606922,nan,nan
1706696606943,nan,nan
1706696606978,nan,nan
1706696606995,1237.3544692993164,973.7153434753418
1706696606999,1237.3544692993164,973.7153434753418
1706696607010,1237.3544692993164,973.7153434753418
1706696607022,1240.7254028320312,970.0265550613403
1706696607032,1240.7254028320312,970.0265550613403
1706696607044,1240.7254028320312,970.0265550613403
1706696607055,1181.4224243164062,972.2270822525024
1706696607066,1149.6001434326172,960.2507400512695
1706696607078,1153.826560974121,961.6227006912231
1706696607089,1132.9536819458008,965.2894306182861
1706696607099,1130.2202224731445,966.3289260864258
1706696607146,1129.5972442626953,964.8775291442871
1706696607147,1128.619155883789,964.8419523239136
1706696607163,1128.0228424072266,956.5381336212158
1706696607166,1124.5882415771484,949.0382480621338
1706696607179,1124.352684020996,953.1440019607544
1706696607189,1128.2366943359375,955.511212348938
1706696607199,1126.5339279174805,952.9700231552124
1706696607210,1122.2133255004883,945.8664608001709
1706696607222,1117.3917770385742,941.9925355911255
1706696607233,1121.0862350463867,938.4967374801636
1706696607245,1125.4162979125977,942.1263027191162
1706696607255,1126.6167831420898,944.8605251312256
1706696607295,1123.0725479125977,951.5238189697266
1706696607296,1123.0445098876953,947.9157543182373
1706696607299,1126.4070129394531,946.0212993621826
1706696607312,1127.4528884887695,949.9666786193848
1706696607321,1129.4928359985352,949.9866342544556
1706696607332,1127.1331787109375,943.6498403549194
1706696607346,1124.905128479004,938.6319208145142
1706696607355,1124.2524337768555,940.0710439682007
1706696607366,1123.7771224975586,951.0898160934448
1706696607377,1122.851791381836,953.2850646972656
1706696607388,1123.392448425293,952.099871635437
1706696607399,1119.6826553344727,940.4598999023438
1706696607410,1122.759017944336,957.1634531021118
1706696607444,1126.4551544189453,971.3509225845337
1706696607445,1135.8966445922852,998.4590005874634
1706696607460,1141.9354629516602,994.2872428894043
1706696607466,1141.7521667480469,999.5294380187988
1706696607477,1135.3814315795898,992.2035312652588
1706696607488,1139.371223449707,992.1727180480957
1706696607499,1142.6033020019531,988.403377532959
1706696607511,1143.687973022461,991.3551378250122
1706696607522,1142.9906463623047,993.646559715271
1706696607533,1140.9878540039062,992.9161834716797
1706696607544,1142.6267623901367,992.1896266937256
1706696607579,1184.2317581176758,1045.2150964736938
1706696607580,1496.787109375,1392.542667388916
1706696607587,nan,nan
1706696607599,nan,nan
1706696607609,nan,nan
1706696607620,nan,nan
1706696607632,nan,nan
1706696607643,nan,nan
1706696607654,nan,nan
1706696607664,nan,nan
1706696607675,nan,nan
1706696607686,nan,nan
1706696607728,432.9903030395508,24.680794179439545
1706696607729,432.9903030395508,24.680794179439545
1706696607731,nan,nan
1706696607748,nan,nan
1706696607753,nan,nan
1706696607764,nan,nan
1706696607775,nan,nan
1706696607786,nan,nan
1706696607797,nan,nan
1706696607808,nan,nan
1706696607819,nan,nan
1706696607831,nan,nan
1706696607842,nan,nan
1706696607859,nan,nan
1706696607883,nan,nan
1706696607886,nan,nan
1706696607901,nan,nan
1706696607908,nan,nan
1706696607919,nan,nan
1706696607930,nan,nan
1706696607942,nan,nan
1706696607953,nan,nan
1706696607965,nan,nan
1706696607976,nan,nan
1706696607988,nan,nan
1706696608029,1258.6529541015625,1130.143404006958
1706696608030,1235.0919723510742,1122.204623222351
1706696608032,1074.3907165527344,1056.4340686798096
1706696608045,1068.6427688598633,1054.8944807052612
1706696608054,1065.194969177246,1045.1190948486328
1706696608065,1071.3715362548828,1043.362741470337
1706696608076,1067.9954147338867,1039.2300367355347
1706696608087,1069.759407043457,1041.7973613739014
1706696608099,1066.6686248779297,1042.137508392334
1706696608110,1071.9617462158203,1045.1245880126953
1706696608121,1068.2466506958008,1047.9722356796265
1706696608132,1066.0244369506836,1050.9076881408691
1706696608143,1066.90185546875,1056.4388751983643
1706696608182,1068.1094360351562,1053.8060188293457
1706696608188,1069.2646789550781,1053.3171272277832
1706696608200,1066.4291763305664,1056.4033842086792
1706696608210,1034.6113967895508,1054.1761636734009
1706696608221,913.0986022949219,1041.8793725967407
1706696608232,720.2482986450195,1025.2608346939087
1706696608243,557.3215103149414,1010.8750534057617
1706696608254,275.59757232666016,1026.2155294418335
1706696608266,222.80542373657227,1022.065315246582
1706696608277,213.22513580322266,1026.6485452651978
1706696608288,208.02838325500488,1024.616847038269
1706696608299,208.56250286102295,1027.8261852264404
1706696608331,208.6526107788086,1023.0421113967896
1706696608332,202.8259801864624,1022.2693347930908
1706696608350,203.37903499603271,1025.6195640563965
1706696608355,205.0202989578247,1027.128939628601
1706696608367,207.0854139328003,1030.0201034545898
1706696608377,208.87312412261963,1027.5395107269287
1706696608388,211.50012493133545,1029.0626621246338
1706696608399,212.1850299835205,1029.8251819610596
1706696608409,214.8437738418579,1035.157971382141
1706696608420,215.8240842819214,1033.042459487915
1706696608432,225.0979232788086,1037.3479843139648
1706696608443,232.5125026702881,1039.372730255127
1706696608461,233.00477027893066,1041.4457988739014
1706696608482,242.03453063964844,1043.1819820404053
1706696608483,350.22607803344727,1037.0954704284668
1706696608487,566.8350410461426,1032.95259475708
1706696608499,971.6603469848633,1015.3340435028076
1706696608510,1112.8693008422852,1019.5047283172607
1706696608521,1175.1762390136719,1015.305118560791
1706696608532,1194.2488098144531,1018.2089853286743
1706696608543,1196.718521118164,1018.7209224700928
1706696608554,1198.8262939453125,1022.4919366836548
1706696608565,1194.2567825317383,1022.8709650039673
1706696608576,1193.717269897461,1021.7481279373169
1706696608587,1192.1659469604492,1026.900372505188
1706696608630,1197.0245742797852,1032.0981931686401
1706696608631,1197.578468322754,1035.9104490280151
1706696608645,1207.1004486083984,1042.5019025802612
1706696608654,1206.8572235107422,1064.0854454040527
1706696608666,1299.0939331054688,1108.6547899246216
1706696608675,1326.798095703125,1131.5945863723755
1706696608686,1419.2204284667969,1160.0220966339111
1706696608696,nan,nan
1706696608708,nan,nan
1706696608719,nan,nan
1706696608730,nan,nan
1706696608741,nan,nan
1706696608763,nan,nan
1706696608782,nan,nan
1706696608798,nan,nan
1706696608810,nan,nan
1706696608821,nan,nan
1706696608831,nan,nan
1706696608843,nan,nan
1706696608854,nan,nan
1706696608865,nan,nan
1706696608877,nan,nan
1706696608888,nan,nan
1706696608930,nan,nan
1706696608932,nan,nan
1706696608946,nan,nan
1706696608955,nan,nan
1706696608967,nan,nan
1706696608976,nan,nan
1706696608987,nan,nan
1706696608997,nan,nan
1706696609010,nan,nan
1706696609021,nan,nan
1706696609031,nan,nan
1706696609043,nan,nan
1706696609080,nan,nan
1706696609088,nan,nan
1706696609097,nan,nan
1706696609110,nan,nan
1706696609121,nan,nan
1706696609131,nan,nan
1706696609143,nan,nan
1706696609154,nan,nan
1706696609164,nan,nan
1706696609176,nan,nan
1706696609213,nan,nan
1706696609214,nan,nan
1706696609221,nan,nan
1706696609231,nan,nan
1706696609243,nan,nan
1706696609254,nan,nan
1706696609265,nan,nan
1706696609276,nan,nan
1706696609288,nan,nan
1706696609298,nan,nan
1706696609310,nan,nan
1706696609321,nan,nan
1706696609332,nan,nan
1706696609364,nan,nan
1706696609381,nan,nan
1706696609387,nan,nan
1706696609397,nan,nan
1706696609410,nan,nan
1706696609420,nan,nan
1706696609431,nan,nan
1706696609443,nan,nan
1706696609454,nan,nan
1706696609495,nan,nan
1706696609496,nan,nan
1706696609498,nan,nan
1706696609511,nan,nan
1706696609520,nan,nan
1706696609531,nan,nan
1706696609543,nan,nan
1706696609554,nan,nan
1706696609565,nan,nan
1706696609577,nan,nan
1706696609587,nan,nan
1706696609598,nan,nan
1706696609610,nan,nan
1706696609646,nan,nan
1706696609647,nan,nan
1706696609662,nan,nan
1706696609664,nan,nan
1706696609678,nan,nan
1706696609687,nan,nan
1706696609697,nan,nan
1706696609710,nan,nan
1706696609722,nan,nan
1706696609731,nan,nan
1706696609743,nan,nan
1706696609780,nan,nan
1706696609781,nan,nan
1706696609787,nan,nan
1706696609797,nan,nan
1706696609809,nan,nan
1706696609821,nan,nan
1706696609831,nan,nan
1706696609842,nan,nan
1706696609854,nan,nan
1706696609864,nan,nan
1706696609876,nan,nan
1706696609888,nan,nan
1706696609898,nan,nan
1706696609930,nan,nan
1706696609931,nan,nan
1706696609947,nan,nan
1706696609954,nan,nan
1706696609966,nan,nan
1706696609976,nan,nan
1706696609987,nan,nan
1706696609998,nan,nan
1706696610009,nan,nan
1706696610020,nan,nan
1706696610031,nan,nan
1706696610066,nan,nan
1706696610067,nan,nan
1706696610076,nan,nan
1706696610087,nan,nan
1706696610100,nan,nan
1706696610110,nan,nan
1706696610120,nan,nan
1706696610131,nan,nan
1706696610143,nan,nan
1706696610154,nan,nan
1706696610164,nan,nan
1706696610176,nan,nan
1706696610212,nan,nan
1706696610213,nan,nan
1706696610220,nan,nan
1706696610230,nan,nan
1706696610243,nan,nan
1706696610253,nan,nan
1706696610263,nan,nan
1706696610276,nan,nan
1706696610287,nan,nan
1706696610297,nan,nan
1706696610309,nan,nan
1706696610351,nan,nan
1706696610352,nan,nan
1706696610354,nan,nan
1706696610368,nan,nan
1706696610376,nan,nan
1706696610387,nan,nan
1706696610397,nan,nan
1706696610409,nan,nan
1706696610420,nan,nan
1706696610430,nan,nan
1706696610442,nan,nan
1706696610454,nan,nan
1706696610464,nan,nan
1706696610501,nan,nan
1706696610502,nan,nan
1706696610509,nan,nan
1706696610520,nan,nan
1706696610532,nan,nan
1706696610543,nan,nan
1706696610554,nan,nan
1706696610564,nan,nan
1706696610575,nan,nan
1706696610586,nan,nan
1706696610598,nan,nan
1706696610631,nan,nan
1706696610632,nan,nan
1706696610648,nan,nan
1706696610654,nan,nan
1706696610665,nan,nan
1706696610683,nan,nan
1706696610699,nan,nan
1706696610710,nan,nan
1706696610721,nan,nan
1706696610732,nan,nan
1706696610743,nan,nan
1706696610761,nan,nan
1706696610780,nan,nan
1706696610781,nan,nan
1706696610797,nan,nan
1706696610814,nan,nan
1706696610832,nan,nan
1706696610847,nan,nan
1706696610858,1176.6501998901367,1006.8223857879639
1706696610869,1176.6501998901367,1006.8223857879639
1706696610881,1199.3860244750977,1003.6690950393677
1706696610924,1211.8060302734375,1003.846549987793
1706696610926,1234.446029663086,985.6974363327026
1706696610941,1248.6570739746094,986.7317819595337
1706696610947,1247.506446838379,983.6618757247925
1706696610959,1251.536521911621,974.6751880645752
1706696610969,1247.0426940917969,975.1149845123291
1706696610981,1242.716941833496,972.9406356811523
1706696610991,1244.8841857910156,971.453447341919
1706696611003,1248.1526565551758,968.5423278808594
1706696611015,1251.639060974121,972.4565935134888
1706696611025,1247.8484725952148,980.7601118087769
1706696611036,1247.3786163330078,976.5989971160889
1706696611068,1244.0814208984375,973.2930135726929
1706696611069,1241.7678451538086,957.5985717773438
1706696611085,1239.047622680664,956.3805055618286
1706696611092,1240.7489395141602,957.6962471008301
1706696611103,1239.5198059082031,958.4383392333984
1706696611114,1244.9201965332031,959.5518207550049
1706696611125,1239.424705505371,959.3119668960571
1706696611136,1242.9160690307617,963.6755990982056
1706696611147,1239.4963836669922,961.8958568572998
1706696611158,1241.519889831543,956.4196443557739
1706696611170,1238.6370086669922,952.5788068771362
1706696611181,1238.134765625,951.2704467773438
1706696611217,1242.0763397216797,957.7869701385498
1706696611218,1241.903305053711,955.838828086853
1706696611225,1245.1852416992188,943.6101865768433
1706696611236,1280.903091430664,930.5196762084961
1706696611249,1299.6202087402344,928.3409070968628
1706696611259,1311.8898391723633,932.8880023956299
1706696611270,1314.323959350586,939.8284864425659
1706696611281,1311.9024658203125,940.1176071166992
1706696611291,1311.2125396728516,939.3784332275391
1706696611302,1310.3646850585938,937.9125738143921
1706696611313,1311.988525390625,937.2072601318359
1706696611324,1313.2451629638672,928.4251928329468
1706696611368,1316.2914276123047,929.3508768081665
1706696611369,1317.7006530761719,933.014645576477
1706696611385,1164.5611572265625,862.7893924713135
1706696611393,935.1142120361328,806.3306951522827
1706696611404,644.6661949157715,740.4275321960449
1706696611413,622.5890731811523,732.918291091919
1706696611424,604.9209022521973,728.2884120941162
1706696611436,608.2015800476074,723.734815120697
1706696611447,603.789119720459,717.3798251152039
1706696611458,603.3479499816895,715.3013277053833
1706696611469,598.928337097168,714.9953198432922
1706696611480,596.2766075134277,717.230715751648
1706696611516,591.1594581604004,713.9057207107544
1706696611517,593.017635345459,711.2296485900879
1706696611525,592.0009994506836,710.2710270881653
1706696611536,586.6376304626465,710.8749961853027
1706696611548,585.9577369689941,706.1161780357361
1706696611558,582.5649642944336,702.4489545822144
1706696611569,580.5845069885254,697.3837423324585
1706696611580,583.3621406555176,694.9177837371826
1706696611591,621.062126159668,696.4957165718079
1706696611603,655.7120132446289,679.706118106842
1706696611614,673.7254524230957,677.3383498191833
1706696611625,666.396484375,673.891282081604
1706696611636,673.3019065856934,679.1754484176636
1706696611669,670.8908271789551,676.1802577972412
1706696611670,674.5247077941895,670.4235076904297
1706696611687,722.843017578125,682.0606899261475
1706696611690,872.996711730957,745.6820869445801
1706696611702,1311.475601196289,888.162145614624
1706696611712,1461.3168334960938,946.0161924362183
1706696611722,1619.0103912353516,981.2694311141968
1706696611733,nan,nan
1706696611744,nan,nan
1706696611755,nan,nan
1706696611767,nan,nan
1706696611778,nan,nan
1706696611820,nan,nan
1706696611821,nan,nan
1706696611839,nan,nan
1706696611844,nan,nan
1706696611855,nan,nan
1706696611866,nan,nan
1706696611877,nan,nan
1706696611888,nan,nan
1706696611900,nan,nan
1706696611911,nan,nan
1706696611922,nan,nan
1706696611933,nan,nan
1706696611967,nan,nan
1706696611968,nan,nan
1706696611977,nan,nan
1706696611988,nan,nan
1706696612000,nan,nan
1706696612011,nan,nan
1706696612021,nan,nan
1706696612033,nan,nan
1706696612043,nan,nan
1706696612054,nan,nan
1706696612066,nan,nan
1706696612077,nan,nan
1706696612118,nan,nan
1706696612119,nan,nan
1706696612122,nan,nan
1706696612137,nan,nan
1706696612144,nan,nan
1706696612155,nan,nan
1706696612167,nan,nan
1706696612178,nan,nan
1706696612189,nan,nan
1706696612200,nan,nan
1706696612212,nan,nan
1706696612222,nan,nan
1706696612233,nan,nan
1706696612249,nan,nan
1706696612269,nan,nan
1706696612270,nan,nan
1706696612289,nan,nan
1706696612304,nan,nan
1706696612321,nan,nan
1706696612336,nan,nan
1706696612348,1291.7656326293945,855.7648801803589
1706696612359,1366.6851043701172,867.5384473800659
1706696612371,1361.8072509765625,853.2599115371704
1706696612382,1366.1521911621094,855.2324295043945
1706696612417,1362.2746276855469,853.3696031570435
1706696612418,1363.475341796875,863.4757375717163
1706696612434,1348.9643859863281,860.9563064575195
1706696612437,1297.9800415039062,841.7700147628784
1706696612449,1280.9899139404297,835.4133081436157
1706696612460,1262.968406677246,830.4386043548584
1706696612471,1264.2292404174805,838.8648176193237
1706696612483,1261.515007019043,840.7005643844604
1706696612493,1260.5046463012695,847.8194904327393
1706696612504,1259.4307327270508,847.7352046966553
1706696612516,1262.1784591674805,850.9601640701294
1706696612527,1256.297264099121,856.071982383728
1706696612567,1257.7740097045898,859.078631401062
1706696612568,1256.0177612304688,858.1518316268921
1706696612571,1256.933250427246,859.1551923751831
1706696612585,1260.8393478393555,864.0943193435669
1706696612593,1260.947608947754,857.1283864974976
1706696612604,1264.1727447509766,858.3940887451172
1706696612615,1265.2336502075195,858.8024711608887
1706696612626,1265.004005432129,862.4246549606323
1706696612637,1261.385498046875,861.2575721740723
1706696612648,1256.6756439208984,859.6321964263916
1706696612659,1258.170394897461,866.6958045959473
1706696612671,1259.3501281738281,867.0963764190674
1706696612682,1260.3736877441406,868.7454414367676
1706696612718,1252.175178527832,867.3930072784424
1706696612719,1251.5178680419922,874.1591691970825
1706696612726,1254.0100860595703,867.6314449310303
1706696612737,1255.979995727539,864.8657655715942
1706696612751,1253.1022262573242,869.7052001953125
1706696612760,1254.4499206542969,872.0176076889038
1706696612771,1252.0257568359375,871.9143104553223
1706696612782,1255.0312805175781,871.6134309768677
1706696612792,1249.2573165893555,878.8991260528564
1706696612803,1248.890380859375,884.1949224472046
1706696612814,1250.0230026245117,881.1354446411133
1706696612825,1252.6835250854492,881.8750905990601
1706696612867,1252.3556900024414,880.0628614425659
1706696612868,1251.7722702026367,884.6710681915283
1706696612870,1251.7397689819336,882.7201795578003
1706696612883,1254.3009948730469,885.4034614562988
1706696612893,1258.0352401733398,882.1698331832886
1706696612904,1259.1176986694336,882.0406579971313
1706696612915,1308.6098098754883,904.790768623352
1706696612926,1470.948257446289,941.4288425445557
1706696612937,1728.4712982177734,1024.3383264541626
1706696612947,1877.2425842285156,1038.5848903656006
1706696612958,2014.725341796875,1104.405870437622
1706696612969,nan,nan
1706696612980,nan,nan
1706696613017,nan,nan
1706696613018,nan,nan
1706696613023,nan,nan
1706696613034,nan,nan
1706696613044,nan,nan
1706696613063,nan,nan
1706696613083,nan,nan
1706696613094,nan,nan
1706696613103,nan,nan
1706696613116,nan,nan
1706696613127,nan,nan
1706696613148,nan,nan
1706696613169,nan,nan
1706696613170,nan,nan
1706696613187,nan,nan
1706696613193,nan,nan
1706696613203,nan,nan
1706696613215,nan,nan
1706696613227,nan,nan
1706696613236,nan,nan
1706696613249,nan,nan
1706696613260,nan,nan
1706696613270,nan,nan
1706696613282,nan,nan
1706696613323,nan,nan
1706696613324,nan,nan
1706696613327,nan,nan
1706696613339,nan,nan
1706696613349,nan,nan
1706696613359,nan,nan
1706696613369,nan,nan
1706696613381,nan,nan
1706696613393,nan,nan
1706696613403,nan,nan
1706696613415,nan,nan
1706696613426,nan,nan
1706696613467,nan,nan
1706696613468,nan,nan
1706696613470,nan,nan
1706696613484,nan,nan
1706696613494,nan,nan
1706696613504,nan,nan
1706696613515,nan,nan
1706696613526,nan,nan
1706696613537,nan,nan
1706696613549,nan,nan
1706696613559,nan,nan
1706696613600,nan,nan
1706696613601,nan,nan
1706696613603,nan,nan
1706696613617,nan,nan
1706696613626,nan,nan
1706696613637,nan,nan
1706696613649,nan,nan
1706696613659,nan,nan
1706696613670,nan,nan
1706696613682,nan,nan
1706696613693,nan,nan
1706696613703,nan,nan
1706696613716,nan,nan
1706696613753,nan,nan
1706696613759,nan,nan
1706696613770,nan,nan
1706696613782,nan,nan
1706696613792,nan,nan
1706696613802,nan,nan
1706696613815,nan,nan
1706696613826,nan,nan
1706696613836,nan,nan
1706696613848,nan,nan
1706696613859,nan,nan
1706696613869,nan,nan
1706696613901,nan,nan
1706696613902,nan,nan
1706696613918,nan,nan
1706696613926,nan,nan
1706696613936,nan,nan
1706696613948,nan,nan
1706696613959,nan,nan
1706696613969,nan,nan
1706696613981,nan,nan
1706696613993,nan,nan
1706696614003,nan,nan
1706696614015,nan,nan
1706696614054,nan,nan
1706696614055,nan,nan
1706696614059,nan,nan
1706696614072,nan,nan
1706696614082,nan,nan
1706696614093,nan,nan
1706696614103,nan,nan
1706696614115,nan,nan
1706696614125,nan,nan
1706696614136,nan,nan
1706696614147,nan,nan
1706696614159,nan,nan
1706696614169,nan,nan
1706696614201,nan,nan
1706696614202,nan,nan
1706696614218,nan,nan
1706696614225,nan,nan
1706696614236,nan,nan
1706696614247,nan,nan
1706696614259,nan,nan
1706696614269,nan,nan
1706696614281,nan,nan
1706696614292,nan,nan
1706696614303,nan,nan
1706696614315,nan,nan
1706696614353,nan,nan
1706696614354,nan,nan
1706696614359,nan,nan
1706696614371,nan,nan
1706696614382,nan,nan
1706696614393,nan,nan
1706696614402,nan,nan
1706696614415,nan,nan
1706696614426,nan,nan
1706696614436,nan,nan
1706696614448,nan,nan
1706696614459,nan,nan
1706696614479,nan,nan
1706696614499,nan,nan
1706696614500,nan,nan
1706696614502,nan,nan
1706696614514,nan,nan
1706696614528,nan,nan
1706696614536,nan,nan
1706696614548,nan,nan
1706696614559,nan,nan
1706696614569,nan,nan
1706696614581,nan,nan
1706696614593,nan,nan
1706696614636,nan,nan
1706696614637,nan,nan
1706696614653,nan,nan
1706696614662,nan,nan
1706696614671,nan,nan
1706696614682,nan,nan
1706696614693,nan,nan
1706696614704,nan,nan
1706696614715,nan,nan
1706696614726,nan,nan
1706696614736,nan,nan
1706696614754,nan,nan
1706696614789,nan,nan
1706696614792,nan,nan
1706696614809,nan,nan
1706696614821,1310.9080505371094,880.1495933532715
1706696614832,1247.6954650878906,872.6698780059814
1706696614843,1253.3847045898438,855.6600379943848
1706696614854,1253.9052200317383,858.3875226974487
1706696614864,1256.0076522827148,854.5950508117676
1706696614876,1256.5073776245117,846.6403913497925
1706696614887,1252.3490142822266,836.6487979888916
1706696614898,1254.8641967773438,835.6528186798096
1706696614934,1252.876853942871,828.9688396453857
1706696614935,1250.7818603515625,832.0820045471191
1706696614942,1250.5460739135742,824.6953296661377
1706696614954,1250.8413696289062,822.8597545623779
1706696614966,1252.1672058105469,820.196213722229
1706696614976,1254.9411010742188,814.2323112487793
1706696614987,1256.4573287963867,814.9624300003052
1706696614999,1252.4732971191406,819.7277927398682
1706696615010,1252.2268676757812,815.4185771942139
1706696615021,1215.2101516723633,785.4998874664307
1706696615032,1106.2335968017578,706.1702942848206
1706696615043,860.3743743896484,584.0418291091919
1706696615085,774.1201400756836,540.545003414154
1706696615086,730.1542282104492,535.1277780532837
1706696615100,707.557487487793,510.0389099121094
1706696615109,712.1763610839844,512.3571109771729
1706696615120,708.2553863525391,511.9018220901489
1706696615132,709.0409851074219,506.4051818847656
1706696615142,701.6421127319336,496.85359954833984
1706696615153,704.5909118652344,498.5899543762207
1706696615165,698.4553909301758,497.5976872444153
1706696615176,701.4527130126953,499.914493560791
1706696615187,701.2202453613281,497.30618476867676
1706696615220,698.2170867919922,495.92246532440186
1706696615231,696.8160629272461,491.87185764312744
1706696615242,689.6554183959961,488.37384939193726
1706696615254,685.7883071899414,484.4424819946289
1706696615265,685.0102615356445,489.3791198730469
1706696615276,685.2446365356445,486.58028841018677
1706696615287,688.1438446044922,490.31673431396484
1706696615298,687.6489639282227,480.5572485923767
1706696615309,692.3125076293945,485.9916830062866
1706696615320,687.6834487915039,479.3599319458008
1706696615332,687.7169799804688,479.29935693740845
1706696615371,682.2409439086914,472.2713255882263
1706696615372,719.8026275634766,486.0309934616089
1706696615375,1273.133888244629,682.3986053466797
1706696615391,1441.5738677978516,744.7351598739624
1706696615396,1568.3061218261719,831.5098357200623
1706696615408,nan,nan
1706696615418,nan,nan
1706696615429,nan,nan
1706696615440,nan,nan
1706696615452,nan,nan
1706696615463,nan,nan
1706696615473,nan,nan
1706696615483,nan,nan
1706696615518,nan,nan
1706696615520,nan,nan
1706696615537,nan,nan
1706696615552,nan,nan
1706696615564,nan,nan
1706696615574,nan,nan
1706696615586,nan,nan
1706696615597,nan,nan
1706696615608,nan,nan
1706696615619,nan,nan
1706696615630,nan,nan
1706696615672,nan,nan
1706696615673,nan,nan
1706696615675,nan,nan
1706696615691,nan,nan
1706696615697,nan,nan
1706696615709,nan,nan
1706696615719,nan,nan
1706696615730,nan,nan
1706696615742,nan,nan
1706696615752,nan,nan
1706696615764,nan,nan
1706696615775,nan,nan
1706696615786,nan,nan
1706696615819,nan,nan
1706696615820,nan,nan
1706696615835,nan,nan
1706696615841,nan,nan
1706696615853,nan,nan
1706696615863,nan,nan
1706696615874,nan,nan
1706696615885,nan,nan
1706696615897,nan,nan
1706696615906,nan,nan
1706696615924,nan,nan
1706696615969,nan,nan
1706696615985,nan,nan
1706696615989,nan,nan
1706696616002,1385.4434204101562,661.5119862556458
1706696616011,1385.4434204101562,661.5119862556458
1706696616023,1368.9018249511719,670.3495001792908
1706696616035,1398.9019012451172,643.9138627052307
1706696616045,1398.9019012451172,643.9138627052307
1706696616056,1420.5924987792969,638.5674476623535
1706696616068,1457.3533630371094,666.8264293670654
1706696616079,1366.0384368896484,617.2807288169861
1706696616099,1341.706771850586,629.7707462310791
1706696616120,1409.2154693603516,678.9184069633484
1706696616124,1523.9249420166016,772.2440242767334
1706696616137,1527.586669921875,780.7991981506348
1706696616146,1520.785140991211,786.8236112594604
1706696616158,1521.0488891601562,790.5001258850098
1706696616169,1517.3651123046875,795.5706167221069
1706696616180,1515.2302551269531,799.8947238922119
1706696616191,1516.7871856689453,801.4060735702515
1706696616202,1514.7648620605469,803.6052703857422
1706696616213,1513.7866973876953,810.3998422622681
1706696616224,1511.0456848144531,812.9554510116577
1706696616235,1506.053237915039,812.1544361114502
1706696616270,1507.9423522949219,810.5685424804688
1706696616271,1506.260757446289,820.5581188201904
1706696616285,1504.4017791748047,822.7572298049927
1706696616290,1508.0280303955078,825.8945989608765
1706696616302,1438.2453918457031,774.2216062545776
1706696616312,1243.142433166504,643.8229250907898
1706696616323,1061.9865798950195,537.1714925765991
1706696616335,858.9366912841797,451.79847478866577
1706696616346,704.2673873901367,411.1834788322449
1706696616357,675.7931709289551,404.4165873527527
1706696616368,674.1034507751465,407.4012851715088
1706696616379,672.3146820068359,404.7266936302185
1706696616420,669.9896240234375,406.2585783004761
1706696616424,681.817626953125,423.05527925491333
1706696616436,684.0631484985352,423.6948251724243
1706696616446,680.8663177490234,420.2687430381775
1706696616457,682.0944976806641,420.30893325805664
1706696616468,681.5412139892578,420.512158870697
1706696616479,684.3247032165527,422.60518312454224
1706696616491,685.0043487548828,424.65630054473877
1706696616502,681.326732635498,427.339346408844
1706696616512,682.7166557312012,431.21121168136597
1706696616524,683.8322830200195,434.2208003997803
1706696616535,688.1873321533203,440.49440145492554
1706696616572,691.7363739013672,443.5145902633667
1706696616573,694.9001312255859,439.31349992752075
1706696616579,692.1097183227539,436.0926389694214
1706696616590,693.1306457519531,437.94692516326904
1706696616602,694.7300338745117,441.55147075653076
1706696616612,693.1732940673828,441.9449186325073
1706696616624,698.6003875732422,442.9335594177246
1706696616634,698.91845703125,445.74378490448
1706696616645,762.4139404296875,458.33115577697754
1706696616656,947.2383117675781,529.6509647369385
1706696616667,1072.7423477172852,564.1407823562622
1706696616677,1447.5382995605469,731.3083648681641
1706696616719,nan,nan
1706696616720,nan,nan
1706696616721,nan,nan
1706696616736,nan,nan
1706696616743,nan,nan
1706696616755,nan,nan
1706696616765,nan,nan
1706696616775,nan,nan
1706696616792,nan,nan
1706696616811,nan,nan
1706696616823,nan,nan
1706696616835,nan,nan
1706696616872,nan,nan
1706696616873,nan,nan
1706696616878,nan,nan
1706696616890,nan,nan
1706696616902,nan,nan
1706696616911,nan,nan
1706696616923,nan,nan
1706696616935,nan,nan
1706696616945,nan,nan
1706696616957,nan,nan
1706696616968,nan,nan
1706696617004,nan,nan
1706696617005,nan,nan
1706696617011,nan,nan
1706696617022,nan,nan
1706696617035,nan,nan
1706696617044,nan,nan
1706696617056,nan,nan
1706696617067,nan,nan
1706696617077,nan,nan
1706696617089,nan,nan
1706696617100,nan,nan
1706696617110,nan,nan
1706696617123,nan,nan
1706696617158,nan,nan
1706696617159,nan,nan
1706696617167,nan,nan
1706696617177,nan,nan
1706696617191,nan,nan
1706696617201,nan,nan
1706696617211,nan,nan
1706696617223,nan,nan
1706696617234,nan,nan
1706696617244,nan,nan
1706696617256,nan,nan
1706696617267,nan,nan
1706696617305,nan,nan
1706696617310,nan,nan
1706696617323,nan,nan
1706696617334,nan,nan
1706696617344,nan,nan
1706696617355,nan,nan
1706696617367,nan,nan
1706696617377,nan,nan
1706696617389,nan,nan
1706696617400,nan,nan
1706696617411,nan,nan
1706696617452,nan,nan
1706696617453,nan,nan
1706696617456,nan,nan
1706696617467,nan,nan
1706696617477,nan,nan
1706696617490,nan,nan
1706696617500,nan,nan
1706696617511,nan,nan
1706696617523,nan,nan
1706696617534,nan,nan
1706696617544,nan,nan
1706696617556,nan,nan
1706696617567,nan,nan
1706696617603,nan,nan
1706696617604,nan,nan
1706696617610,nan,nan
1706696617623,nan,nan
1706696617633,nan,nan
1706696617644,nan,nan
1706696617655,nan,nan
1706696617667,nan,nan
1706696617677,nan,nan
1706696617689,nan,nan
1706696617700,nan,nan
1706696617710,nan,nan
1706696617753,nan,nan
1706696617754,nan,nan
1706696617756,nan,nan
1706696617769,nan,nan
1706696617777,nan,nan
1706696617790,nan,nan
1706696617802,nan,nan
1706696617810,nan,nan
1706696617823,nan,nan
1706696617834,nan,nan
1706696617844,nan,nan
1706696617857,nan,nan
1706696617881,nan,nan
1706696617905,nan,nan
1706696617906,nan,nan
1706696617911,nan,nan
1706696617922,nan,nan
1706696617934,nan,nan
1706696617945,nan,nan
1706696617956,nan,nan
1706696617967,nan,nan
1706696617976,nan,nan
1706696617996,nan,nan
1706696618014,nan,nan
1706696618056,nan,nan
1706696618057,nan,nan
1706696618059,nan,nan
1706696618073,1370.0420379638672,963.4323978424072
1706696618082,1370.0420379638672,963.4323978424072
1706696618093,1370.0420379638672,963.4323978424072
1706696618104,1389.8294830322266,931.7651653289795
1706696618115,1389.8294830322266,931.7651653289795
1706696618126,1389.8294830322266,931.7651653289795
1706696618137,nan,nan
1706696618148,nan,nan
1706696618159,nan,nan
1706696618171,nan,nan
1706696618204,nan,nan
1706696618219,1450.4046630859375,929.2498540878296
1706696618226,1463.4393310546875,942.2954320907593
1706696618238,1441.4425659179688,938.1889915466309
1706696618249,1444.7891235351562,931.698260307312
1706696618260,1442.5923919677734,929.3460702896118
1706696618271,1449.1104125976562,922.9976034164429
1706696618282,1452.1754455566406,916.1173295974731
1706696618294,1456.1567687988281,917.339129447937
1706696618305,1455.1203918457031,923.6005210876465
1706696618340,1422.6995086669922,900.1214504241943
1706696618341,1380.0768280029297,876.2216377258301
1706696618349,1372.4901580810547,878.3493804931641
1706696618360,1375.2975463867188,875.3397274017334
1706696618372,1376.3662719726562,865.4849481582642
1706696618383,1374.5992279052734,861.2468433380127
1706696618394,1373.7293243408203,856.448564529419
1706696618405,1371.34521484375,860.0711345672607
1706696618416,1372.5509643554688,857.7529764175415
1706696618427,1371.2200164794922,861.8927621841431
1706696618438,1370.5467987060547,868.5691452026367
1706696618449,1375.983657836914,868.6864757537842
1706696618488,1377.276382446289,866.5506219863892
1706696618493,1373.7017822265625,858.5839033126831
1706696618506,1318.321762084961,832.9746437072754
1706696618516,1127.0827865600586,740.6932854652405
1706696618527,959.6990585327148,659.6712613105774
1706696618538,781.4309310913086,596.1074352264404
1706696618549,635.4563903808594,567.4732232093811
1706696618560,597.4328422546387,558.4626317024231
1706696618571,594.7714996337891,561.2601971626282
1706696618582,590.8100128173828,566.1246514320374
1706696618594,591.0815811157227,561.945276260376
1706696618605,595.7958793640137,562.0085549354553
1706696618641,587.7561378479004,544.1510081291199
1706696618642,581.723461151123,546.4650893211365
1706696618649,575.9597969055176,539.7213506698608
1706696618660,576.6840362548828,536.3908624649048
1706696618672,578.8469696044922,534.7412180900574
1706696618682,574.2952156066895,537.3694396018982
1706696618693,570.7915306091309,534.847412109375
1706696618704,601.6759872436523,529.6881294250488
1706696618715,986.6701126098633,614.1801595687866
1706696618725,1184.3012619018555,661.6365480422974
1706696618736,1391.7613220214844,741.0721206665039
1706696618747,nan,nan
1706696618758,nan,nan
1706696618789,nan,nan
1706696618790,nan,nan
1706696618791,nan,nan
1706696618807,nan,nan
1706696618813,nan,nan
1706696618823,nan,nan
1706696618840,nan,nan
1706696618861,nan,nan
1706696618878,nan,nan
1706696618893,nan,nan
1706696618903,nan,nan
1706696618921,nan,nan
1706696618942,nan,nan
1706696618949,nan,nan
1706696618961,nan,nan
1706696618971,nan,nan
1706696618982,nan,nan
1706696618993,nan,nan
1706696619004,nan,nan
1706696619014,nan,nan
1706696619025,nan,nan
1706696619036,nan,nan
1706696619048,nan,nan
1706696619089,nan,nan
1706696619092,nan,nan
1706696619107,nan,nan
1706696619114,nan,nan
1706696619125,nan,nan
1706696619137,nan,nan
1706696619148,nan,nan
1706696619158,nan,nan
1706696619176,nan,nan
1706696619198,nan,nan
1706696619240,nan,nan
1706696619241,nan,nan
1706696619258,nan,nan
1706696619262,nan,nan
1706696619274,nan,nan
1706696619284,nan,nan
1706696619295,nan,nan
1706696619305,nan,nan
1706696619322,nan,nan
1706696619343,nan,nan
1706696619390,nan,nan
1706696619397,nan,nan
1706696619409,1475.88134765625,701.2041521072388
1706696619421,1475.88134765625,701.2041521072388
1706696619431,1475.88134765625,701.2041521072388
1706696619442,1357.4957275390625,690.3206920623779
1706696619454,1357.4957275390625,690.3206920623779
1706696619466,1357.4957275390625,690.3206920623779
1706696619476,1410.936050415039,709.578287601471
1706696619487,1401.3813018798828,706.4122080802917
1706696619498,1401.3813018798828,706.4122080802917
1706696619540,1390.4209899902344,712.5290822982788
1706696619544,1335.3192901611328,701.3276839256287
1706696619556,1334.1808319091797,711.660304069519
1706696619567,1337.6170349121094,712.0533871650696
1706696619577,1344.0758514404297,708.6673879623413
1706696619588,1336.4433288574219,713.7583494186401
1706696619599,1334.203872680664,721.6220927238464
1706696619611,1320.8888244628906,734.8557901382446
1706696619621,1325.9147644042969,737.9276490211487
1706696619633,1321.9550323486328,738.5836958885193
1706696619644,1325.3437805175781,749.9205350875854
1706696619655,1320.0586700439453,754.3883228302002
1706696619688,1355.0792694091797,765.8555173873901
1706696619689,1378.1633758544922,761.3150310516357
1706696619705,1418.674087524414,780.8893632888794
1706696619711,1420.6866455078125,787.1318292617798
1706696619722,1420.0927734375,791.3890743255615
1706696619734,1422.332763671875,792.7276039123535
1706696619744,1420.4641723632812,795.4670190811157
1706696619755,1419.9917602539062,794.7197341918945
1706696619767,1420.0305938720703,796.300950050354
1706696619778,1418.2550811767578,802.6066732406616
1706696619788,1417.0352935791016,807.627854347229
1706696619820,1418.9871215820312,813.2165050506592
1706696619822,1416.3028717041016,820.237283706665
1706696619837,1414.1439819335938,821.487021446228
1706696619844,1416.3204956054688,821.3020133972168
1706696619854,1413.1770324707031,829.2411375045776
1706696619866,1418.8945007324219,825.3685426712036
1706696619876,1418.0218505859375,825.6943988800049
1706696619887,1574.5988464355469,906.1035919189453
1706696619898,1668.8936614990234,962.1414184570312
1706696619908,1703.8655090332031,967.3979902267456
1706696619919,nan,nan
1706696619931,nan,nan
1706696619951,nan,nan
1706696619973,nan,nan
1706696619974,nan,nan
1706696619975,nan,nan
1706696619991,nan,nan
1706696620005,nan,nan
1706696620022,nan,nan
1706696620034,nan,nan
1706696620045,nan,nan
1706696620054,nan,nan
1706696620067,nan,nan
1706696620078,nan,nan
1706696620088,nan,nan
1706696620123,nan,nan
1706696620124,nan,nan
1706696620139,nan,nan
1706696620145,nan,nan
1706696620155,nan,nan
1706696620167,nan,nan
1706696620178,nan,nan
1706696620188,nan,nan
1706696620200,nan,nan
1706696620211,nan,nan
1706696620221,nan,nan
1706696620232,nan,nan
1706696620253,nan,nan
1706696620272,nan,nan
1706696620273,nan,nan
1706696620277,nan,nan
1706696620292,nan,nan
1706696620299,nan,nan
1706696620310,nan,nan
1706696620321,nan,nan
1706696620333,nan,nan
1706696620343,nan,nan
1706696620354,nan,nan
1706696620366,nan,nan
1706696620405,nan,nan
1706696620411,nan,nan
1706696620421,nan,nan
1706696620435,nan,nan
1706696620444,nan,nan
1706696620454,nan,nan
1706696620466,nan,nan
1706696620477,nan,nan
1706696620487,nan,nan
1706696620499,nan,nan
1706696620511,nan,nan
1706696620520,nan,nan
1706696620556,nan,nan
1706696620557,nan,nan
1706696620572,nan,nan
1706696620579,nan,nan
1706696620589,nan,nan
1706696620599,nan,nan
1706696620611,nan,nan
1706696620621,nan,nan
1706696620632,nan,nan
1706696620644,nan,nan
1706696620654,nan,nan
1706696620696,nan,nan
1706696620699,nan,nan
1706696620711,nan,nan
1706696620721,nan,nan
1706696620732,nan,nan
1706696620744,nan,nan
1706696620754,nan,nan
1706696620766,nan,nan
1706696620777,nan,nan
1706696620787,nan,nan
1706696620799,nan,nan
1706696620820,nan,nan
1706696620843,nan,nan
1706696620860,nan,nan
1706696620866,nan,nan
1706696620877,nan,nan
1706696620888,nan,nan
1706696620900,nan,nan
1706696620910,nan,nan
1706696620920,nan,nan
1706696620932,nan,nan
1706696620943,nan,nan
1706696620974,nan,nan
1706696620975,nan,nan
1706696620977,nan,nan
1706696620992,nan,nan
1706696620999,nan,nan
1706696621010,nan,nan
1706696621020,nan,nan
1706696621032,nan,nan
1706696621044,nan,nan
1706696621053,nan,nan
1706696621066,nan,nan
1706696621077,nan,nan
1706696621087,nan,nan
1706696621105,nan,nan
1706696621124,nan,nan
1706696621125,nan,nan
1706696621141,nan,nan
1706696621144,nan,nan
1706696621154,nan,nan
1706696621166,nan,nan
1706696621177,nan,nan
1706696621187,nan,nan
1706696621199,nan,nan
1706696621211,nan,nan
1706696621220,nan,nan
1706696621232,nan,nan
1706696621274,nan,nan
1706696621275,nan,nan
1706696621277,nan,nan
1706696621291,nan,nan
1706696621299,nan,nan
1706696621310,nan,nan
1706696621320,nan,nan
1706696621332,nan,nan
1706696621344,nan,nan
1706696621354,nan,nan
1706696621366,nan,nan
1706696621377,nan,nan
1706696621388,nan,nan
1706696621424,nan,nan
1706696621425,nan,nan
1706696621441,nan,nan
1706696621451,nan,nan
1706696621467,nan,nan
1706696621478,nan,nan
1706696621489,nan,nan
1706696621500,nan,nan
1706696621511,nan,nan
1706696621522,nan,nan
1706696621534,nan,nan
1706696621545,nan,nan
1706696621577,nan,nan
1706696621578,nan,nan
1706696621595,nan,nan
1706696621610,nan,nan
1706696621626,nan,nan
1706696621637,nan,nan
1706696621649,1615.617904663086,876.1444330215454
1706696621660,1615.617904663086,876.1444330215454
1706696621671,1615.617904663086,876.1444330215454
1706696621683,1587.2285461425781,895.8036088943481
1706696621722,1587.2285461425781,895.8036088943481
1706696621723,1587.2285461425781,895.8036088943481
1706696621726,nan,nan
1706696621738,nan,nan
1706696621748,nan,nan
1706696621760,1374.7319030761719,1040.9904670715332
1706696621771,1385.0450897216797,1022.0440721511841
1706696621783,1340.9871673583984,1013.0487155914307
1706696621793,1326.5608978271484,1004.2012023925781
1706696621804,1317.3941040039062,1000.881142616272
1706696621816,1303.8870239257812,1006.8129873275757
1706696621826,1281.7090606689453,1018.3822774887085
1706696621859,1281.7090606689453,1018.3822774887085
1706696621860,1248.1895446777344,978.0234432220459
1706696621876,1348.1430053710938,1004.7837781906128
1706696621884,1334.8029327392578,1004.4554758071899
1706696621896,1326.6253662109375,1002.0904541015625
1706696621905,1324.5995330810547,1003.5800886154175
1706696621917,1244.5798873901367,948.7399005889893
1706696621927,1008.3346176147461,812.373948097229
1706696621939,852.6893615722656,726.9263434410095
1706696621950,719.2032241821289,679.4914984703064
1706696621961,614.3464469909668,652.6532077789307
1706696621971,597.7809715270996,646.0373783111572
1706696622012,593.720874786377,636.1453056335449
1706696622013,577.8891563415527,630.2932834625244
1706696622016,572.3978996276855,623.6454176902771
1706696622028,569.9584770202637,624.143385887146
1706696622038,565.5617523193359,624.5905423164368
1706696622049,563.2478523254395,618.3867645263672
1706696622060,560.6861305236816,606.2151145935059
1706696622071,561.7955207824707,606.9019746780396
1706696622082,592.2089385986328,609.8430919647217
1706696622094,763.7876892089844,626.0969138145447
1706696622104,828.7603759765625,635.0160098075867
1706696622115,953.9878082275391,650.844476222992
1706696622125,nan,nan
1706696622157,nan,nan
1706696622158,nan,nan
1706696622174,nan,nan
1706696622181,nan,nan
1706696622192,nan,nan
1706696622203,nan,nan
1706696622214,nan,nan
1706696622224,nan,nan
1706696622235,nan,nan
1706696622246,nan,nan
1706696622258,nan,nan
1706696622269,nan,nan
1706696622308,nan,nan
1706696622309,nan,nan
1706696622313,nan,nan
1706696622326,nan,nan
1706696622336,nan,nan
1706696622347,nan,nan
1706696622357,nan,nan
1706696622369,nan,nan
1706696622379,nan,nan
1706696622391,nan,nan
1706696622402,nan,nan
1706696622443,nan,nan
1706696622444,nan,nan
1706696622446,nan,nan
1706696622460,nan,nan
1706696622468,nan,nan
1706696622481,nan,nan
1706696622491,nan,nan
1706696622502,nan,nan
1706696622513,nan,nan
1706696622524,nan,nan
1706696622535,nan,nan
1706696622546,nan,nan
1706696622558,nan,nan
1706696622592,nan,nan
1706696622593,nan,nan
1706696622602,nan,nan
1706696622613,nan,nan
1706696622627,nan,nan
1706696622636,nan,nan
1706696622646,nan,nan
1706696622658,nan,nan
1706696622669,nan,nan
1706696622680,nan,nan
1706696622691,nan,nan
1706696622703,nan,nan
1706696622740,nan,nan
1706696622746,nan,nan
1706696622758,nan,nan
1706696622770,nan,nan
1706696622780,2236.995086669922,1143.660364151001
1706696622790,2236.995086669922,1143.660364151001
1706696622802,2236.995086669922,1143.660364151001
1706696622813,1500.8676147460938,893.0031681060791
1706696622824,1461.1810302734375,864.2568397521973
1706696622835,1461.1810302734375,864.2568397521973
1706696622846,1432.5772094726562,843.5382556915283
1706696622857,nan,nan
1706696622892,1308.8441467285156,871.309118270874
1706696622908,1438.8801574707031,872.8170776367188
1706696622914,1427.4978637695312,875.9586524963379
1706696622925,1426.0148620605469,878.8212776184082
1706696622936,1428.4233093261719,872.3957347869873
1706696622947,1424.4528198242188,876.6987705230713
1706696622958,1428.8468933105469,881.590518951416
1706696622968,1467.8677368164062,883.7440967559814
1706696622981,1356.0255432128906,837.9509353637695
1706696622992,1148.1671142578125,755.2417373657227
1706696623029,1117.923812866211,760.7918071746826
1706696623036,1067.5430297851562,756.1950588226318
1706696623047,1073.2170867919922,764.5760822296143
1706696623059,1066.6165924072266,767.468147277832
1706696623070,1096.1441040039062,763.176097869873
1706696623081,1089.0501403808594,765.8557319641113
1706696623092,1091.8172454833984,766.966381072998
1706696623103,1086.0200500488281,784.9924564361572
1706696623114,1096.1298370361328,797.4046897888184
1706696623126,1102.895736694336,805.2322769165039
1706696623137,1101.7916107177734,807.3480892181396
1706696623158,1102.248306274414,811.5277862548828
1706696623180,1107.8511810302734,812.546854019165
1706696623181,1107.6056671142578,812.8959274291992
1706696623197,1119.791259765625,809.7455978393555
1706696623204,1034.5767974853516,772.7026176452637
1706696623215,754.4972229003906,613.4278535842896
1706696623224,754.4972229003906,613.4278535842896
1706696623235,669.4209289550781,554.6080827713013
1706696623247,324.8427200317383,400.2853202819824
1706696623258,331.6286849975586,414.6313190460205
1706696623270,348.27388763427734,428.7294387817383
1706696623280,349.63623046875,437.7310609817505
1706696623292,355.56896209716797,437.8703212738037
1706696623311,357.50179290771484,439.89575386047363
1706696623331,365.5044174194336,450.6524419784546
1706696623332,370.6724548339844,456.0186195373535
1706696623336,368.7924575805664,454.4405794143677
1706696623348,379.27398681640625,455.3538179397583
1706696623359,383.7511444091797,461.64288997650146
1706696623370,380.3597640991211,459.3461036682129
1706696623381,379.3861770629883,469.68968868255615
1706696623392,390.65731048583984,473.7133455276489
1706696623403,398.23814392089844,481.8230152130127
1706696623414,404.9747848510742,489.8608446121216
1706696623425,393.0152130126953,485.5081558227539
1706696623437,401.2812805175781,508.14282417297363
1706696623458,442.2488784790039,566.8289136886597
1706696623478,442.2488784790039,566.8289136886597
1706696623480,432.16400146484375,520.0581407546997
1706696623496,432.16400146484375,520.0581407546997
1706696623504,432.16400146484375,520.0581407546997
1706696623513,nan,nan
1706696623524,nan,nan
1706696623535,nan,nan
1706696623546,nan,nan
1706696623557,nan,nan
1706696623568,nan,nan
1706696623579,nan,nan
1706696623591,nan,nan
1706696623627,nan,nan
1706696623628,nan,nan
1706696623647,nan,nan
1706696623661,nan,nan
1706696623671,nan,nan
1706696623681,nan,nan
1706696623693,nan,nan
1706696623704,nan,nan
1706696623714,nan,nan
1706696623727,nan,nan
1706696623738,nan,nan
1706696623757,nan,nan
1706696623778,nan,nan
1706696623779,nan,nan
1706696623781,nan,nan
1706696623797,nan,nan
1706696623805,nan,nan
1706696623815,nan,nan
1706696623826,nan,nan
1706696623837,nan,nan
1706696623847,nan,nan
1706696623859,nan,nan
1706696623871,nan,nan
1706696623881,nan,nan
1706696623893,nan,nan
1706696623926,nan,nan
1706696623927,nan,nan
1706696623943,nan,nan
1706696623949,nan,nan
1706696623961,nan,nan
1706696623971,nan,nan
1706696623982,nan,nan
1706696623994,nan,nan
1706696624004,nan,nan
1706696624014,nan,nan
1706696624026,nan,nan
1706696624037,nan,nan
1706696624077,nan,nan
1706696624081,nan,nan
1706696624094,nan,nan
1706696624104,nan,nan
1706696624114,nan,nan
1706696624126,nan,nan
1706696624137,nan,nan
1706696624148,nan,nan
1706696624160,nan,nan
1706696624171,nan,nan
1706696624181,nan,nan
1706696624192,nan,nan
1706696624226,nan,nan
1706696624243,nan,nan
1706696624247,nan,nan
1706696624259,nan,nan
1706696624271,nan,nan
1706696624281,nan,nan
1706696624292,nan,nan
1706696624304,nan,nan
1706696624314,nan,nan
1706696624326,nan,nan
1706696624338,nan,nan
1706696624376,nan,nan
1706696624377,nan,nan
1706696624381,nan,nan
1706696624396,nan,nan
1706696624405,nan,nan
1706696624415,nan,nan
1706696624427,nan,nan
1706696624438,nan,nan
1706696624448,nan,nan
1706696624459,nan,nan
1706696624471,nan,nan
1706696624481,nan,nan
1706696624493,nan,nan
1706696624525,nan,nan
1706696624526,nan,nan
1706696624541,nan,nan
1706696624548,nan,nan
1706696624560,nan,nan
1706696624571,nan,nan
1706696624580,nan,nan
1706696624592,nan,nan
1706696624604,nan,nan
1706696624614,nan,nan
1706696624625,nan,nan
1706696624637,nan,nan
1706696624677,nan,nan
1706696624680,nan,nan
1706696624693,nan,nan
1706696624704,nan,nan
1706696624714,nan,nan
1706696624726,nan,nan
1706696624737,nan,nan
1706696624748,nan,nan
1706696624760,nan,nan
1706696624771,nan,nan
1706696624781,nan,nan
1706696624793,nan,nan
1706696624825,nan,nan
1706696624826,nan,nan
1706696624841,nan,nan
1706696624847,nan,nan
1706696624860,nan,nan
1706696624871,nan,nan
1706696624881,nan,nan
1706696624893,nan,nan
1706696624904,nan,nan
1706696624914,nan,nan
1706696624926,nan,nan
1706696624938,nan,nan
1706696624977,nan,nan
1706696624980,nan,nan
1706696624994,nan,nan
1706696625003,nan,nan
1706696625014,nan,nan
1706696625026,nan,nan
1706696625037,nan,nan
1706696625046,nan,nan
1706696625059,nan,nan
1706696625071,nan,nan
1706696625080,nan,nan
1706696625093,nan,nan
1706696625124,nan,nan
1706696625126,nan,nan
1706696625140,nan,nan
1706696625147,nan,nan
1706696625159,nan,nan
1706696625178,nan,nan
1706696625193,nan,nan
1706696625204,nan,nan
1706696625215,nan,nan
1706696625227,nan,nan
1706696625238,nan,nan
1706696625278,nan,nan
1706696625279,nan,nan
1706696625281,nan,nan
1706696625301,nan,nan
1706696625318,nan,nan
1706696625336,nan,nan
1706696625352,nan,nan
1706696625365,1773.2300567626953,1068.1770372390747
1706696625375,1674.445571899414,1037.968454360962
1706696625387,1695.1127624511719,1035.5238676071167
1706696625426,1698.4654235839844,1032.8303289413452
1706696625431,1710.2438354492188,1012.2281312942505
1706696625442,1610.5823516845703,1014.2471265792847
1706696625454,1399.2240905761719,1016.855092048645
1706696625464,1309.5703125,1005.7564115524292
1706696625475,1161.959114074707,1010.5374383926392
1706696625486,1214.3608093261719,994.6607351303101
1706696625498,1237.5131607055664,998.7437438964844
1706696625509,1234.1004180908203,1004.9160861968994
1706696625520,1238.8431549072266,1001.6077852249146
