timestamp,x,y
1706696589567,1258.3799332503927,919.2817628383636
1706696589578,1256.768532736212,917.6375314593315
1706696589589,1256.7142437605812,919.9278473854065
1706696589601,1257.5186908906132,922.0580860972404
1706696589636,1256.3319563709797,919.4422081112862
1706696589659,1241.6017518492745,933.1247612833977
1706696589660,1237.6598447292472,941.1741197109222
1706696589667,1233.0396715371155,949.7922420501709
1706696589679,1234.1962512604441,952.250137925148
1706696589689,1234.296691363641,955.2914351224899
1706696589701,1235.4215061365971,953.9807215332985
1706696589711,1237.9083622493517,951.9644111394882
1706696589723,1234.692754622017,952.0052090287209
1706696589734,1231.2887307906267,958.3269283175468
1706696589745,1228.092964288408,959.0183407068253
1706696589756,1229.5007924987171,960.9280556440353
1706696589795,1230.0079348734353,962.2593238949776
1706696589796,1231.9405481243443,965.8223867416382
1706696589801,1228.0996980677205,962.2031807899475
1706696589816,1222.262471490354,958.1282898783684
1706696589823,1239.3249632695788,961.8482023477554
1706696589834,1281.556425147116,968.6286076903343
1706696589845,1347.3903293586209,978.8497388362885
1706696589856,1360.6914025136618,984.1532945632935
1706696589868,1356.3317653617446,983.1441059708595
1706696589879,1356.3214646651568,985.8355492353439
1706696589890,1357.2268104072753,988.2359996438026
1706696589901,1354.787376670788,992.851285636425
1706696589911,1356.7572826759945,994.6863695979118
1706696589922,1355.6805789559717,987.8366559743881
1706696589958,1326.823340220344,971.0446864366531
1706696589960,1184.2794042880992,871.3654913008213
1706696589967,894.5504322303659,675.3521457314491
1706696589978,718.8351379278575,595.4049374908209
1706696589990,674.5191901214341,578.0676677823067
1706696590000,656.5090035253426,575.2290859818459
1706696590011,656.1846798447955,573.9542368799448
1706696590022,651.5923735522746,571.0909031331539
1706696590034,651.7585337731678,570.8591111004353
1706696590045,651.1333711029278,576.449129730463
1706696590056,649.2347561102672,575.7805936038494
1706696590067,646.8090904305915,574.9420993030071
1706696590103,646.5738714125349,567.7069928497076
1706696590105,646.822187005856,568.1558899581432
1706696590112,640.9604546345931,568.6654884368181
1706696590123,638.0341722254448,567.4809906631708
1706696590135,633.3054480193416,560.6541037559509
1706696590145,641.5348068010942,566.528369858861
1706696590156,643.5626874316015,569.4655135273933
1706696590167,644.3479897342913,573.1122177094221
1706696590178,633.535058512989,563.4291388094425
1706696590190,630.7411661930082,544.437700137496
1706696590201,627.024327885937,527.764068543911
1706696590212,626.2498628119108,514.7494675591588
1706696590223,623.9006221371395,518.432329967618
1706696590269,622.87201453593,523.1409683823586
1706696590270,620.6519048269772,522.6337339729071
1706696590278,625.4128037807834,515.142472833395
1706696590289,625.672004009902,514.7205395624042
1706696590301,623.9256521197352,512.4346686527133
1706696590311,619.2570306464243,508.91411658376455
1706696590322,619.0106225761491,512.004372663796
1706696590334,619.6561400206821,511.18888203054667
1706696590345,682.8415877441649,512.327535264194
1706696590356,765.6436508075025,506.3535677269101
1706696590367,878.8632265402081,503.1823882833123
1706696590378,994.6230331596375,504.68647070229053
1706696590416,1014.502037147785,506.00569918751717
1706696590417,1023.2836415124804,501.9453465938568
1706696590423,1030.9875353033406,500.18287282437086
1706696590434,1027.274392933173,505.7840747758746
1706696590446,1029.0914944742906,506.8528853356838
1706696590456,1031.1144705470856,508.2991436123848
1706696590467,1032.556873569719,506.44022431224585
1706696590478,1032.9519939721993,506.051480025053
1706696590490,1032.8905974659824,506.0945499688387
1706696590500,1031.7400312390942,504.88567892462015
1706696590511,1031.1122164719122,504.09968607127666
1706696590522,1068.010150231011,501.6975227743387
1706696590534,1171.622999753535,497.1886835992336
1706696590567,1363.431677988946,483.7782903574407
1706696590568,1449.2666823661746,478.2121052965522
1706696590584,1507.6759110880043,473.7766619771719
1706696590590,1513.3555735211344,477.2783209569752
1706696590601,1516.060499040203,481.02829745039344
1706696590612,1516.5176440172559,482.09807239472866
1706696590623,1508.9369423709152,481.5692729316652
1706696590634,1506.97064310632,477.7240223251283
1706696590645,1509.9571949256147,482.10817808285356
1706696590656,1515.542118888924,480.3888698108494
1706696590667,1516.7307475364125,481.0468755662441
1706696590678,1513.3786068537702,483.90102200210094
1706696590712,1514.9009199799905,484.7088187932968
1706696590713,1513.6202357922562,483.2716451957822
1706696590722,1514.7655524243942,483.1700149923563
1706696590733,1516.4207492599355,487.04377952963114
1706696590745,1516.7693752887849,484.0418929234147
1706696590756,1481.8757058381955,523.4946515411139
1706696590767,1409.456318288464,611.8789680302143
1706696590778,1292.5889251100548,756.2165774405003
1706696590789,1254.0871224918703,847.8383876383305
1706696590800,1236.5766625060514,903.5791903734207
1706696590811,1223.3233518073116,957.9380884766579
1706696590823,1224.8438794215247,956.2839195132256
1706696590834,1223.4194080206096,963.4967654943466
1706696590866,1224.3066442721579,966.3142830133438
1706696590867,1220.0959529978477,964.0513733029366
1706696590884,1220.9418260613936,960.2740436792374
1706696590888,1220.7268307274535,963.377882540226
1706696590899,1218.6171222872663,966.7013108730316
1706696590910,1216.4649157078995,970.7666605710983
1706696590921,1219.8958998535243,969.4632515311241
1706696590933,1218.5764985484639,968.549333512783
1706696590944,1216.9493199245608,970.223405957222
1706696590955,1212.458109394358,970.5940127372742
1706696590966,1214.4407392698263,972.0995709300041
1706696590977,1217.493371855432,970.1378464698792
1706696591019,1219.4780596166433,970.4061612486839
1706696591020,1217.0374701688424,974.0133911371231
1706696591022,1215.787127160709,980.5258497595787
1706696591038,1216.2315118466563,978.8511544466019
1706696591045,1214.8746042589974,977.3098096251488
1706696591056,1215.0949019654925,974.2572158575058
1706696591066,1213.3475697286854,975.8735030889511
1706696591077,1215.7821874318224,978.5605013370514
1706696591088,1215.8588529047902,982.9390972852707
1706696591100,1217.564386474924,983.514004945755
1706696591111,1214.3111726692978,981.220518052578
1706696591122,1219.5790034468457,983.3328917622566
1706696591133,1218.9392571344888,981.7646503448486
1706696591168,1217.800870393994,981.6119059920311
1706696591169,1215.11799398123,980.5787086486816
1706696591177,1213.7005015369184,986.3776430487633
1706696591188,1213.0469462211781,988.5995000600815
1706696591202,1213.0181407508385,992.7470400929451
1706696591211,1214.816147941946,995.3760266304016
1706696591221,1213.4826149122962,994.3077221512794
1706696591233,1216.719704629395,991.0787716507912
1706696591244,1213.6932069174336,989.1840904951096
1706696591255,1214.9242096020735,988.5993018746376
1706696591266,1212.3633130776784,989.2179518938065
1706696591277,1216.885388900097,990.1060774922371
1706696591288,1217.0396275341918,989.6246001124382
1706696591306,1204.5314523982547,999.1833955049515
1706696591326,1113.3747519926847,994.5419490337372
1706696591334,783.1492238775918,972.4543511867523
1706696591347,678.8633139128152,976.1267840862274
1706696591355,634.8140863930115,971.3652655482292
1706696591367,622.2863542523033,968.6392813920975
1706696591377,620.6516254047482,966.7205065488815
1706696591388,614.7291588681533,966.7108237743378
1706696591400,611.7666509075075,961.1729845404625
1706696591411,601.0726601536998,958.2832992076874
1706696591422,599.4566079124965,959.6751272678375
1706696591434,597.9544541179018,965.7279089093208
1706696591444,594.7241933451105,964.9787962436676
1706696591489,593.56112026598,963.242182135582
1706696591490,596.4264046239475,960.3233069181442
1706696591501,589.9311129062339,954.8684507608414
1706696591514,588.8232440094907,957.4163228273392
1706696591522,587.8896207571678,957.6705664396286
1706696591538,593.1248820675747,961.0627934336662
1706696591545,590.2728999442799,959.692057967186
1706696591555,580.7600862045109,958.8111236691475
1706696591566,576.9813074550746,955.6937232613564
1706696591577,577.3091775259311,953.9174437522888
1706696591588,591.2468652957016,949.5156317949295
1706696591599,600.6060989875346,948.3385518193245
1706696591611,616.6973361487442,946.1474135518074
1706696591659,617.3237092534021,946.0974991321564
1706696591660,618.7535055668446,943.9942985773087
1706696591666,610.4143294177743,937.4375313520432
1706696591682,614.941519821147,939.1217112541199
1706696591688,617.450930545871,939.6436467766762
1706696591701,608.355486823995,934.3572482466698
1706696591710,785.4287021751838,971.4663118124008
1706696591720,1303.0472005742336,1092.8555756807327
1706696591731,1303.0472005742336,1092.8555756807327
1706696591742,nan,nan
1706696591753,nan,nan
1706696591764,nan,nan
1706696591775,nan,nan
1706696591786,nan,nan
1706696591826,nan,nan
1706696591827,nan,nan
1706696591830,nan,nan
1706696591846,nan,nan
1706696591854,nan,nan
1706696591865,nan,nan
1706696591874,nan,nan
1706696591886,nan,nan
1706696591897,nan,nan
1706696591908,nan,nan
1706696591919,nan,nan
1706696591930,nan,nan
1706696591940,nan,nan
1706696591951,nan,nan
1706696591989,nan,nan
1706696591990,nan,nan
1706696591996,nan,nan
1706696592013,nan,nan
1706696592017,nan,nan
1706696592036,nan,nan
1706696592054,nan,nan
1706696592065,nan,nan
1706696592076,nan,nan
1706696592088,nan,nan
1706696592099,nan,nan
1706696592109,nan,nan
1706696592148,nan,nan
1706696592149,nan,nan
1706696592154,nan,nan
1706696592165,nan,nan
1706696592175,nan,nan
1706696592187,nan,nan
1706696592198,nan,nan
1706696592208,nan,nan
1706696592220,nan,nan
1706696592231,nan,nan
1706696592241,nan,nan
1706696592254,nan,nan
1706696592295,nan,nan
1706696592296,nan,nan
1706696592299,nan,nan
1706696592315,nan,nan
1706696592321,nan,nan
1706696592333,nan,nan
1706696592342,nan,nan
1706696592354,nan,nan
1706696592365,nan,nan
1706696592375,nan,nan
1706696592387,nan,nan
1706696592399,nan,nan
1706696592409,nan,nan
1706696592421,nan,nan
1706696592458,nan,nan
1706696592460,nan,nan
1706696592462,nan,nan
1706696592478,nan,nan
1706696592490,nan,nan
1706696592500,nan,nan
1706696592511,nan,nan
1706696592522,nan,nan
1706696592534,1284.8675923672176,931.9174438714981
1706696592545,1284.8675923672176,931.9174438714981
1706696592555,1284.8675923672176,931.9174438714981
1706696592567,1285.638889129229,908.7882399559021
1706696592604,1265.9119984040422,875.1526027917862
1706696592605,1252.9460796716326,873.7740531563759
1706696592611,1264.5318443788524,859.5247745513916
1706696592622,1263.0492969178918,858.3035558462143
1706696592634,1260.6424701655,863.1174802780151
1706696592643,1256.0446166590777,863.6118680238724
1706696592654,1251.0717840591367,866.469843685627
1706696592666,1249.9179820034897,865.4803037643433
1706696592677,1217.1667953276483,883.7189137935638
1706696592688,1208.9559236866723,893.0005043745041
1706696592699,1197.152317659767,898.66504073143
1706696592710,1190.067666510995,894.1531509160995
1706696592756,1187.1268677425542,892.9724186658859
1706696592757,1246.2500459103353,919.9728071689606
1706696592768,1218.1159675859703,920.3196316957474
1706696592780,1219.7264824314673,921.9267457723618
1706696592790,1220.2218187129856,923.7914726138115
1706696592802,1215.6370066785048,929.2728573083878
1706696592813,1215.799764878563,934.0874046087265
1706696592823,1214.9166276179758,936.2708985805511
1706696592834,1216.9055876374468,933.6813509464264
1706696592845,1213.9989442470478,934.1414526104927
1706696592857,1231.5341879489447,939.6645978093147
1706696592868,1282.1145256789341,941.8027073144913
1706696592878,1338.75941285278,955.008539557457
1706696592896,1652.2098952094916,978.203484416008
1706696592923,nan,nan
1706696592924,nan,nan
1706696592939,nan,nan
1706696592944,nan,nan
1706696592955,nan,nan
1706696592966,nan,nan
1706696592976,nan,nan
1706696592986,nan,nan
1706696593006,nan,nan
1706696593051,nan,nan
1706696593052,nan,nan
1706696593057,nan,nan
1706696593071,nan,nan
1706696593078,nan,nan
1706696593090,nan,nan
1706696593101,nan,nan
1706696593111,nan,nan
1706696593123,nan,nan
1706696593135,nan,nan
1706696593145,nan,nan
1706696593157,nan,nan
1706696593168,nan,nan
1706696593200,nan,nan
1706696593201,nan,nan
1706696593216,nan,nan
1706696593224,nan,nan
1706696593236,nan,nan
1706696593245,nan,nan
1706696593257,nan,nan
1706696593268,nan,nan
1706696593278,nan,nan
1706696593290,nan,nan
1706696593302,nan,nan
1706696593312,nan,nan
1706696593333,nan,nan
1706696593354,nan,nan
1706696593355,nan,nan
1706696593357,nan,nan
1706696593372,nan,nan
1706696593379,nan,nan
1706696593390,nan,nan
1706696593402,nan,nan
1706696593412,nan,nan
1706696593423,nan,nan
1706696593435,nan,nan
1706696593445,nan,nan
1706696593456,nan,nan
1706696593469,nan,nan
1706696593502,nan,nan
1706696593512,nan,nan
1706696593523,nan,nan
1706696593537,nan,nan
1706696593545,nan,nan
1706696593557,nan,nan
1706696593568,nan,nan
1706696593578,nan,nan
1706696593590,nan,nan
1706696593602,nan,nan
1706696593611,nan,nan
1706696593649,nan,nan
1706696593650,nan,nan
1706696593657,nan,nan
1706696593668,nan,nan
1706696593680,nan,nan
1706696593690,nan,nan
1706696593701,nan,nan
1706696593712,nan,nan
1706696593724,nan,nan
1706696593735,nan,nan
1706696593745,nan,nan
1706696593785,nan,nan
1706696593786,nan,nan
1706696593787,nan,nan
1706696593790,nan,nan
1706696593802,nan,nan
1706696593811,nan,nan
1706696593823,nan,nan
1706696593834,nan,nan
1706696593844,nan,nan
1706696593856,nan,nan
1706696593868,nan,nan
1706696593877,nan,nan
1706696593890,nan,nan
1706696593901,nan,nan
1706696593936,nan,nan
1706696593937,nan,nan
1706696593952,nan,nan
1706696593957,nan,nan
1706696593969,nan,nan
1706696593978,nan,nan
1706696593990,nan,nan
1706696594001,nan,nan
1706696594011,nan,nan
1706696594023,nan,nan
1706696594034,nan,nan
1706696594044,nan,nan
1706696594085,nan,nan
1706696594086,nan,nan
1706696594089,nan,nan
1706696594102,nan,nan
1706696594111,nan,nan
1706696594123,nan,nan
1706696594134,nan,nan
1706696594144,nan,nan
1706696594156,nan,nan
1706696594168,nan,nan
1706696594178,nan,nan
1706696594189,nan,nan
1706696594201,nan,nan
1706696594232,nan,nan
1706696594233,nan,nan
1706696594234,nan,nan
1706696594250,nan,nan
1706696594257,nan,nan
1706696594268,nan,nan
1706696594278,nan,nan
1706696594290,nan,nan
1706696594301,nan,nan
1706696594311,nan,nan
1706696594324,nan,nan
1706696594334,nan,nan
1706696594345,nan,nan
1706696594382,nan,nan
1706696594383,nan,nan
1706696594390,nan,nan
1706696594400,nan,nan
1706696594412,nan,nan
1706696594422,nan,nan
1706696594434,nan,nan
1706696594444,nan,nan
1706696594456,nan,nan
1706696594467,nan,nan
1706696594477,nan,nan
1706696594519,nan,nan
1706696594523,nan,nan
1706696594534,nan,nan
1706696594544,nan,nan
1706696594556,nan,nan
1706696594568,nan,nan
1706696594577,nan,nan
1706696594590,nan,nan
1706696594601,nan,nan
1706696594610,nan,nan
1706696594623,nan,nan
1706696594635,nan,nan
1706696594667,nan,nan
1706696594668,nan,nan
1706696594683,nan,nan
1706696594690,nan,nan
1706696594702,nan,nan
1706696594711,nan,nan
1706696594723,nan,nan
1706696594742,nan,nan
1706696594757,nan,nan
1706696594768,nan,nan
1706696594778,nan,nan
1706696594817,nan,nan
1706696594818,nan,nan
1706696594823,nan,nan
1706696594834,nan,nan
1706696594847,nan,nan
1706696594856,nan,nan
1706696594866,nan,nan
1706696594884,nan,nan
1706696594905,nan,nan
1706696594921,nan,nan
1706696594938,nan,nan
1706696594980,nan,nan
1706696594981,nan,nan
1706696594982,nan,nan
1706696594997,nan,nan
1706696595005,nan,nan
1706696595018,1249.1826286328335,972.9241356253624
1706696595028,1261.2963867946487,980.1682949066162
1706696595039,1248.7118307703013,984.2857390642166
1706696595050,1245.2353969975434,982.147091627121
1706696595062,1243.5086619312717,980.0803288817406
1706696595073,1247.3122421492185,975.935959815979
1706696595084,1245.42390522097,971.5650364756584
1706696595123,1244.424556418712,972.7036118507385
1706696595129,1241.5492897217741,969.3443685770035
1706696595140,1240.7528000402863,967.8346768021584
1706696595150,1238.7580572933725,967.8787872195244
1706696595161,1233.8197329271761,965.4760152101517
1706696595172,1238.8738114770215,962.6972571015358
1706696595183,1242.0031557623793,960.6315419077873
1706696595194,1243.645293809765,957.0468485355377
1706696595205,1237.857858591809,960.7909113168716
1706696595216,1238.555202772729,959.5923140645027
1706696595228,1235.597844974891,964.1156136989594
1706696595270,1243.8633062479225,960.6041356921196
1706696595272,1229.7084503072265,989.904947578907
1706696595287,1210.271114904904,1027.4727538228035
1706696595294,1203.928895433985,1036.8541449308395
1706696595306,1205.7215455450903,1036.0853269696236
1706696595317,1209.9207882046633,1038.939593732357
1706696595328,1209.3785869497237,1036.0916689038277
1706696595339,1165.3339308357213,1028.5750046372414
1706696595349,1056.469563968717,1018.5453206300735
1706696595360,963.361327330743,1015.5782014131546
1706696595372,607.129362180789,967.2108173370361
1706696595383,545.8442867171071,972.4433660507202
1706696595418,544.4848737218475,968.3166921138763
1706696595419,542.7903547146109,976.6460865736008
1706696595434,537.992843966629,973.1578812003136
1706696595440,535.7183442260116,974.1803199052811
1706696595451,527.6365555361655,966.9061213731766
1706696595462,526.4325845181899,968.5566380620003
1706696595473,524.0982587906839,965.0757372379303
1706696595484,524.0790943894261,966.5095522999763
1706696595495,521.262067433696,967.9704904556274
1706696595506,524.1292514844373,967.9047212004662
1706696595517,516.3797454716998,963.1016969680786
1706696595527,511.01303207241926,958.1879153847694
1706696595539,506.96949624733065,956.9015502929688
1706696595583,509.00581310191893,959.0183690190315
1706696595584,509.18614353602106,958.9362069964409
1706696595585,503.0029062621714,960.5136781930923
1706696595601,504.87141738429824,961.548687517643
1706696595605,573.5401415579959,974.517235159874
1706696595616,808.8240307564902,993.2043954730034
1706696595627,975.0645288073694,1021.798874437809
1706696595637,1074.5429235262482,1019.8727950453758
1706696595648,1453.4537470645964,1120.4821735620499
1706696595659,nan,nan
1706696595670,nan,nan
1706696595681,nan,nan
1706696595722,nan,nan
1706696595723,nan,nan
1706696595725,nan,nan
1706696595741,nan,nan
1706696595747,nan,nan
1706696595758,nan,nan
1706696595769,nan,nan
1706696595780,nan,nan
1706696595792,nan,nan
1706696595803,nan,nan
1706696595814,nan,nan
1706696595825,nan,nan
1706696595836,nan,nan
1706696595876,nan,nan
1706696595877,nan,nan
1706696595894,nan,nan
1706696595911,nan,nan
1706696595926,nan,nan
1706696595937,nan,nan
1706696595948,nan,nan
1706696595960,nan,nan
1706696595971,nan,nan
1706696595982,nan,nan
1706696596021,nan,nan
1706696596022,nan,nan
1706696596026,nan,nan
1706696596040,nan,nan
1706696596049,nan,nan
1706696596060,nan,nan
1706696596071,nan,nan
1706696596083,nan,nan
1706696596093,nan,nan
1706696596105,1418.4374185203962,1037.9473358392715
1706696596116,1418.4374185203962,1037.9473358392715
1706696596127,1418.4374185203962,1037.9473358392715
1706696596138,1301.288030960559,989.4695341587067
1706696596169,1301.288030960559,989.4695341587067
1706696596171,1301.288030960559,989.4695341587067
1706696596172,1330.0852078423818,973.5206454992294
1706696596187,1330.0852078423818,973.5206454992294
1706696596194,1330.0852078423818,973.5206454992294
1706696596206,1330.125768265103,972.4000483751297
1706696596216,1298.5061590857995,952.3160487413406
1706696596228,1278.4591606422355,952.1570473909378
1706696596239,1278.099216241316,948.2853531837463
1706696596251,1274.23706711461,948.8028436899185
1706696596262,1273.443888835062,976.2816518545151
1706696596273,1310.390134713592,972.8969559073448
1706696596284,1313.6869307317593,971.7257365584373
1706696596320,1307.6493104774986,971.2519317865372
1706696596338,1253.0344284781927,986.7396146059036
1706696596340,1232.9131399986272,987.0535969734192
1706696596353,1237.959527612457,988.0518570542336
1706696596362,1233.152758620377,987.7956032752991
1706696596373,1228.4187115466248,995.0719818472862
1706696596385,1229.520546229127,994.5231780409813
1706696596396,1230.9305243482813,994.9894800782204
1706696596407,1230.0529739388558,997.5830763578415
1706696596418,1229.3659070272538,997.5583881139755
1706696596454,1234.059211558684,1000.739774107933
1706696596455,1236.4319042228476,998.090997338295
1706696596469,1236.2818583521325,1005.2913293242455
1706696596473,1234.4850622823578,1005.2323833107948
1706696596486,1234.9258698164426,1003.2441586256027
1706696596496,1238.1505874608677,1004.5307785272598
1706696596507,1235.3661480613239,1007.7362582087517
1706696596518,1237.1265974892626,1011.1070528626442
1706696596529,1238.4341381829358,1012.8235653042793
1706696596540,1236.6862246991957,1012.9217520356178
1706696596551,1231.3889021785585,1014.5688712596893
1706696596563,1231.947014222757,1013.2477670907974
1706696596601,1229.9716072630747,1015.8895790576935
1706696596602,1231.9933143551063,1018.1675791740417
1706696596606,1231.0696068856932,1020.0255110859871
1706696596617,1232.6708528326342,1019.7215795516968
1706696596630,1235.2892414162893,1020.3552633523941
1706696596640,1234.2096262392974,1018.50316375494
1706696596651,1233.2950839363343,1019.9569389224052
1706696596662,1233.684987921218,1019.4392785429955
1706696596673,1238.1670708150473,1024.3471428751945
1706696596684,1239.9126527146354,1025.624306499958
1706696596696,1241.3644945933106,1025.9487643837929
1706696596707,1240.305227497779,1023.8776698708534
1706696596739,1240.0255072034442,1023.1164112687111
1706696596740,1239.7503510022884,1022.0732763409615
1706696596756,1274.5137219742787,1038.3226424455643
1706696596761,1314.5309767732517,1051.3391509652138
1706696596773,1352.9505835012205,1072.4199950695038
1706696596782,1551.930913573501,1100.0075787305832
1706696596793,nan,nan
1706696596804,nan,nan
1706696596815,nan,nan
1706696596826,nan,nan
1706696596837,nan,nan
1706696596848,nan,nan
1706696596868,nan,nan
1706696596891,nan,nan
1706696596892,nan,nan
1706696596908,nan,nan
1706696596927,nan,nan
1706696596939,nan,nan
1706696596949,nan,nan
1706696596961,nan,nan
1706696596973,nan,nan
1706696596982,nan,nan
1706696597022,nan,nan
1706696597023,nan,nan
1706696597028,nan,nan
1706696597041,nan,nan
1706696597049,nan,nan
1706696597061,nan,nan
1706696597073,nan,nan
1706696597082,nan,nan
1706696597095,nan,nan
1706696597106,nan,nan
1706696597116,nan,nan
1706696597128,nan,nan
1706696597139,nan,nan
1706696597173,nan,nan
1706696597174,nan,nan
1706696597183,nan,nan
1706696597195,nan,nan
1706696597206,nan,nan
1706696597216,nan,nan
1706696597229,nan,nan
1706696597246,nan,nan
1706696597261,nan,nan
1706696597272,nan,nan
1706696597282,nan,nan
1706696597319,nan,nan
1706696597320,nan,nan
1706696597327,nan,nan
1706696597337,nan,nan
1706696597355,nan,nan
1706696597375,nan,nan
1706696597384,nan,nan
1706696597397,nan,nan
1706696597408,nan,nan
1706696597418,nan,nan
1706696597430,nan,nan
1706696597451,nan,nan
1706696597471,nan,nan
1706696597475,nan,nan
1706696597488,nan,nan
1706696597496,nan,nan
1706696597508,nan,nan
1706696597517,nan,nan
1706696597529,nan,nan
1706696597540,nan,nan
1706696597551,nan,nan
1706696597563,nan,nan
1706696597606,nan,nan
1706696597607,nan,nan
1706696597623,nan,nan
1706696597629,nan,nan
1706696597641,nan,nan
1706696597651,nan,nan
1706696597663,nan,nan
1706696597674,nan,nan
1706696597685,nan,nan
1706696597696,nan,nan
1706696597707,nan,nan
1706696597719,nan,nan
1706696597753,nan,nan
1706696597754,nan,nan
1706696597770,nan,nan
1706696597774,nan,nan
1706696597786,nan,nan
1706696597797,nan,nan
1706696597807,nan,nan
1706696597819,nan,nan
1706696597831,nan,nan
1706696597841,nan,nan
1706696597851,nan,nan
1706696597863,nan,nan
1706696597903,nan,nan
1706696597904,nan,nan
1706696597907,nan,nan
1706696597920,nan,nan
1706696597931,nan,nan
1706696597948,nan,nan
1706696597964,nan,nan
1706696597973,nan,nan
1706696597984,nan,nan
1706696597996,nan,nan
1706696598007,nan,nan
1706696598018,nan,nan
1706696598053,nan,nan
1706696598054,nan,nan
1706696598071,nan,nan
1706696598089,nan,nan
1706696598106,nan,nan
1706696598122,nan,nan
1706696598135,nan,nan
1706696598145,1036.0020181118916,1036.4139467477798
1706696598156,1039.3896306381307,1026.1802732944489
1706696598175,1039.3896306381307,1026.1802732944489
1706696598195,1052.427027963403,1029.2220517992973
1706696598196,1051.448554176498,1034.0461120009422
1706696598201,1051.448554176498,1034.0461120009422
1706696598213,1055.27376926749,1033.0138489603996
1706696598222,1051.4968228628913,1032.267539203167
1706696598233,1051.4968228628913,1032.267539203167
1706696598245,1074.6779546942923,1035.83824634552
1706696598256,1049.7611432463773,1005.248861014843
1706696598267,1059.8514214044767,1010.4915454983711
1706696598278,1058.8614528770336,1014.6109715104103
1706696598290,1057.1494710787474,1016.7263463139534
1706696598301,1059.671078212189,1016.9287502765656
1706696598336,1059.522388633767,1015.6891003251076
1706696598337,1061.779795115845,1014.9078533053398
1706696598353,1059.3036859461045,1010.2066397666931
1706696598356,1055.7738060752724,1010.8185797929764
1706696598370,1051.549994283418,1009.6311941742897
1706696598379,1054.7498553530747,1012.1964782476425
1706696598390,1053.8498307916414,1006.8393558263779
1706696598401,1053.8160622900664,1009.8640903830528
1706696598412,1051.2416210441654,1010.4761719703674
1706696598423,1052.3448204299118,1014.9421960115433
1706696598435,1067.1304286772138,1005.3150832653046
1706696598471,1089.993135634481,995.5829605460167
1706696598479,1121.1597447340014,960.0565209984779
1706696598490,1122.7115106305628,957.844290137291
1706696598503,1121.067615287764,958.9479848742485
1706696598512,1123.5893640444156,962.154795229435
1706696598523,1124.417655358755,963.4860917925835
1706696598535,1129.046208832081,965.7837688922882
1706696598546,1129.3277560981087,964.376425743103
1706696598557,1126.6817460574332,961.0373973846436
1706696598568,1123.201931363311,957.0402517914772
1706696598579,1121.6857178775526,957.5561568140984
1706696598589,1122.2875020901884,956.7255616188049
1706696598621,1118.452460020283,960.4338943958282
1706696598622,1059.5391207445628,989.9638369679451
1706696598639,819.5901815002919,1079.4661104679108
1706696598645,756.1154399447371,1088.4999126195908
1706696598656,717.7148078974249,1098.4399884939194
1706696598667,717.329368592219,1099.7761264443398
1706696598678,714.3814379400724,1099.6557995676994
1706696598689,715.2957440176926,1101.293122768402
1706696598701,716.9288526653579,1101.2754276394844
1706696598712,715.2353258962144,1099.3372589349747
1706696598723,711.1235232186962,1098.585258424282
1706696598742,708.9991805515187,1097.3920688033104
1706696598761,708.7966280441744,1100.3970980644226
1706696598762,704.6793055777068,1099.6876791119576
1706696598767,703.1581303441253,1101.2960106134415
1706696598779,702.4265748015334,1102.3978650569916
1706696598789,701.4543737987544,1100.9050473570824
1706696598801,698.1545836694102,1097.3222509026527
1706696598812,698.7482768066959,1096.608018875122
1706696598823,702.5367042748669,1097.8800296783447
1706696598834,723.1520126465808,1096.0066676139832
1706696598845,740.9155989006865,1091.336852312088
1706696598856,773.7422357839098,1081.277383863926
1706696598868,775.0995236119725,1080.7515695691109
1706696598904,779.7463738519158,1080.2473574876785
1706696598911,786.2138374002905,1081.8610683083534
1706696598923,859.2382038908945,1103.790882229805
1706696598935,881.3041201398307,1117.1612367033958
1706696598943,921.9397924271854,1120.4706221818924
1706696598954,nan,nan
1706696598965,nan,nan
1706696598976,nan,nan
1706696598987,nan,nan
1706696598999,nan,nan
1706696599040,nan,nan
1706696599041,nan,nan
1706696599042,nan,nan
1706696599056,nan,nan
1706696599072,nan,nan
1706696599090,nan,nan
1706696599102,nan,nan
1706696599120,nan,nan
1706696599134,nan,nan
1706696599145,nan,nan
1706696599156,nan,nan
1706696599204,nan,nan
1706696599205,nan,nan
1706696599211,nan,nan
1706696599223,nan,nan
1706696599234,nan,nan
1706696599245,nan,nan
1706696599256,nan,nan
1706696599267,nan,nan
1706696599278,nan,nan
1706696599290,nan,nan
1706696599301,nan,nan
1706696599312,nan,nan
1706696599323,nan,nan
1706696599357,nan,nan
1706696599372,nan,nan
1706696599379,nan,nan
1706696599391,nan,nan
1706696599401,nan,nan
1706696599413,nan,nan
1706696599425,nan,nan
1706696599436,nan,nan
1706696599447,1205.4792309559311,1063.814216852188
1706696599458,1220.6345367251838,1067.0935064554214
1706696599470,1220.6345367251838,1067.0935064554214
1706696599510,1218.0798211358006,1072.235682606697
1706696599511,1213.9163827117948,1068.9296662807465
1706696599515,1222.9156971760697,1060.820710659027
1706696599526,1199.341430904693,1049.2825239896774
1706696599536,1199.5295564304533,1050.6466627120972
1706696599548,1198.6981760242024,1053.7615150213242
1706696599558,1198.4418821434242,1039.024105668068
1706696599570,1201.6427871650808,1014.0862613916397
1706696599581,1203.69399336395,983.3632990717888
1706696599592,1203.736251537075,947.0564901828766
1706696599603,1200.4301531586575,950.4574090242386
1706696599615,1202.0938556535327,947.4055230617523
1706696599625,1199.7025775547163,945.7605272531509
1706696599637,1196.4048014577183,945.4439401626587
1706696599674,1194.375691644202,948.4948635101318
1706696599675,1194.5298376087394,947.6159393787384
1706696599681,1196.8402412966416,941.8673157691956
1706696599693,1196.4823233460363,942.5746113061905
1706696599704,1192.528527754308,944.5808708667755
1706696599715,1192.3369866895405,951.638226211071
1706696599725,1191.8786705805378,952.6794359087944
1706696599736,1190.1859827240373,951.1370435357094
1706696599748,1188.5682382849943,950.8821204304695
1706696599758,1189.8762469184876,946.5401887893677
1706696599770,1194.6687542008422,949.209463596344
1706696599781,1199.0088187374272,943.217921257019
1706696599822,1194.9313493264963,944.0555661916733
1706696599823,1192.479297414096,941.9151067733765
1706696599826,1195.6957328888825,937.510746717453
1706696599839,1195.7514532742277,935.1852387189865
1706696599848,1193.977564960846,938.5778054594994
1706696599859,1193.6587761971293,940.7585248351097
1706696599871,1192.1519603342458,940.1287764310837
1706696599881,1191.8750427190173,939.4448667764664
1706696599893,1192.3890470113754,941.822412610054
1706696599904,1191.021283602935,939.8553937673569
1706696599914,1193.412722942724,936.52613312006
1706696599925,1193.7993008734804,934.2620342969894
1706696599936,1200.564717735436,940.3505459427834
1706696599978,1269.9549419064824,958.6107015609741
1706696599979,1340.5954681710928,981.2215089797974
1706696599995,nan,nan
1706696600002,nan,nan
1706696600013,nan,nan
1706696600023,nan,nan
1706696600035,nan,nan
1706696600046,nan,nan
1706696600054,nan,nan
1706696600072,nan,nan
1706696600121,nan,nan
1706696600122,nan,nan
1706696600125,nan,nan
1706696600138,nan,nan
1706696600148,nan,nan
1706696600158,nan,nan
1706696600170,nan,nan
1706696600181,nan,nan
1706696600191,nan,nan
1706696600203,nan,nan
1706696600215,nan,nan
1706696600255,nan,nan
1706696600256,nan,nan
1706696600258,nan,nan
1706696600272,nan,nan
1706696600281,nan,nan
1706696600291,nan,nan
1706696600303,nan,nan
1706696600314,nan,nan
1706696600324,nan,nan
1706696600336,nan,nan
1706696600347,nan,nan
1706696600358,nan,nan
1706696600369,nan,nan
1706696600408,nan,nan
1706696600409,nan,nan
1706696600414,nan,nan
1706696600427,nan,nan
1706696600436,nan,nan
1706696600448,nan,nan
1706696600458,nan,nan
1706696600470,nan,nan
1706696600481,nan,nan
1706696600491,nan,nan
1706696600503,nan,nan
1706696600514,nan,nan
1706696600525,nan,nan
1706696600558,nan,nan
1706696600576,nan,nan
1706696600582,nan,nan
1706696600592,nan,nan
1706696600604,nan,nan
1706696600614,nan,nan
1706696600625,nan,nan
1706696600637,nan,nan
1706696600648,nan,nan
1706696600657,nan,nan
1706696600669,nan,nan
1706696600707,nan,nan
1706696600708,nan,nan
1706696600714,nan,nan
1706696600724,nan,nan
1706696600736,nan,nan
1706696600747,nan,nan
1706696600757,nan,nan
1706696600770,nan,nan
1706696600780,nan,nan
1706696600790,nan,nan
1706696600803,nan,nan
1706696600838,nan,nan
1706696600839,nan,nan
1706696600853,nan,nan
1706696600857,nan,nan
1706696600869,nan,nan
1706696600881,nan,nan
1706696600891,nan,nan
1706696600903,nan,nan
1706696600914,nan,nan
1706696600924,nan,nan
1706696600936,nan,nan
1706696600947,nan,nan
1706696600990,nan,nan
1706696600991,nan,nan
1706696601006,nan,nan
1706696601014,nan,nan
1706696601025,nan,nan
1706696601035,nan,nan
1706696601046,nan,nan
1706696601057,nan,nan
1706696601069,nan,nan
1706696601080,nan,nan
1706696601091,nan,nan
1706696601123,nan,nan
1706696601124,nan,nan
1706696601143,nan,nan
1706696601147,nan,nan
1706696601158,nan,nan
1706696601169,nan,nan
1706696601180,nan,nan
1706696601191,nan,nan
1706696601203,nan,nan
1706696601213,nan,nan
1706696601224,nan,nan
1706696601236,nan,nan
1706696601277,nan,nan
1706696601278,nan,nan
1706696601280,nan,nan
1706696601297,nan,nan
1706696601303,nan,nan
1706696601314,nan,nan
1706696601324,nan,nan
1706696601337,nan,nan
1706696601347,nan,nan
1706696601357,nan,nan
1706696601369,nan,nan
1706696601381,nan,nan
1706696601390,nan,nan
1706696601423,nan,nan
1706696601440,nan,nan
1706696601446,nan,nan
1706696601458,nan,nan
1706696601469,nan,nan
1706696601480,nan,nan
1706696601490,nan,nan
1706696601502,nan,nan
1706696601513,nan,nan
1706696601523,nan,nan
1706696601535,nan,nan
1706696601574,nan,nan
1706696601575,nan,nan
1706696601580,nan,nan
1706696601592,nan,nan
1706696601602,nan,nan
1706696601614,nan,nan
1706696601624,nan,nan
1706696601635,nan,nan
1706696601647,nan,nan
1706696601657,nan,nan
1706696601669,nan,nan
1706696601680,nan,nan
1706696601691,nan,nan
1706696601725,nan,nan
1706696601726,nan,nan
1706696601743,nan,nan
1706696601747,nan,nan
1706696601758,nan,nan
1706696601769,nan,nan
1706696601779,nan,nan
1706696601790,nan,nan
1706696601802,nan,nan
1706696601813,nan,nan
1706696601823,nan,nan
1706696601836,nan,nan
1706696601875,nan,nan
1706696601876,nan,nan
1706696601879,nan,nan
1706696601892,nan,nan
1706696601902,nan,nan
1706696601913,nan,nan
1706696601923,nan,nan
1706696601936,nan,nan
1706696601946,nan,nan
1706696601956,nan,nan
1706696601969,nan,nan
1706696601980,nan,nan
1706696601990,nan,nan
1706696602026,nan,nan
1706696602042,nan,nan
1706696602046,nan,nan
1706696602056,nan,nan
1706696602069,nan,nan
1706696602080,nan,nan
1706696602090,nan,nan
1706696602102,nan,nan
1706696602114,nan,nan
1706696602123,nan,nan
1706696602136,nan,nan
1706696602174,nan,nan
1706696602175,nan,nan
1706696602179,nan,nan
1706696602190,nan,nan
1706696602201,nan,nan
1706696602213,nan,nan
1706696602223,nan,nan
1706696602235,nan,nan
1706696602246,nan,nan
1706696602257,nan,nan
1706696602269,nan,nan
1706696602279,nan,nan
1706696602290,nan,nan
1706696602326,nan,nan
1706696602327,nan,nan
1706696602335,nan,nan
1706696602346,nan,nan
1706696602358,nan,nan
1706696602368,nan,nan
1706696602379,nan,nan
1706696602390,nan,nan
1706696602402,nan,nan
1706696602413,nan,nan
1706696602424,nan,nan
1706696602435,nan,nan
1706696602474,nan,nan
1706696602475,nan,nan
1706696602479,nan,nan
1706696602492,nan,nan
1706696602502,nan,nan
1706696602513,nan,nan
1706696602523,nan,nan
1706696602535,nan,nan
1706696602546,nan,nan
1706696602556,nan,nan
1706696602568,nan,nan
1706696602579,nan,nan
1706696602590,nan,nan
1706696602624,nan,nan
1706696602625,nan,nan
1706696602640,nan,nan
1706696602646,nan,nan
1706696602656,nan,nan
1706696602669,nan,nan
1706696602680,nan,nan
1706696602689,nan,nan
1706696602702,nan,nan
1706696602713,nan,nan
1706696602722,nan,nan
1706696602757,nan,nan
1706696602758,nan,nan
1706696602773,nan,nan
1706696602779,nan,nan
1706696602791,nan,nan
1706696602801,nan,nan
1706696602812,nan,nan
1706696602822,nan,nan
1706696602835,nan,nan
1706696602846,nan,nan
1706696602857,nan,nan
1706696602868,nan,nan
1706696602907,nan,nan
1706696602908,nan,nan
1706696602912,nan,nan
1706696602924,nan,nan
1706696602934,nan,nan
1706696602946,nan,nan
1706696602956,nan,nan
1706696602967,nan,nan
1706696602978,nan,nan
1706696602989,nan,nan
1706696603001,nan,nan
1706696603042,nan,nan
1706696603043,nan,nan
1706696603045,nan,nan
1706696603060,nan,nan
1706696603068,nan,nan
1706696603079,nan,nan
1706696603089,nan,nan
1706696603101,nan,nan
1706696603112,nan,nan
1706696603123,nan,nan
1706696603135,nan,nan
1706696603145,nan,nan
1706696603156,nan,nan
1706696603191,nan,nan
1706696603192,nan,nan
1706696603206,nan,nan
1706696603213,nan,nan
1706696603224,nan,nan
1706696603235,nan,nan
1706696603246,nan,nan
1706696603255,nan,nan
1706696603268,nan,nan
1706696603279,nan,nan
1706696603288,nan,nan
1706696603324,nan,nan
1706696603325,nan,nan
1706696603340,nan,nan
1706696603345,nan,nan
1706696603357,nan,nan
1706696603368,nan,nan
1706696603378,nan,nan
1706696603389,nan,nan
1706696603401,nan,nan
1706696603419,nan,nan
1706696603435,nan,nan
1706696603455,nan,nan
1706696603477,nan,nan
1706696603478,nan,nan
1706696603479,nan,nan
1706696603495,nan,nan
1706696603503,nan,nan
1706696603514,nan,nan
1706696603524,nan,nan
1706696603536,nan,nan
1706696603547,1277.8566767390494,987.1710926294327
1706696603558,1277.8566767390494,987.1710926294327
1706696603570,1277.8566767390494,987.1710926294327
1706696603581,1336.580312661506,1004.034748673439
1706696603624,1325.1901989174603,973.8904878497124
1706696603625,1328.1193875446174,975.2117618918419
1706696603626,1202.0618235102852,959.6056774258614
1706696603640,1182.3899578021624,953.5511121153831
1706696603649,1171.790023967833,952.1313115954399
1706696603660,1162.10925695694,949.1893902420998
1706696603671,1158.5486610936973,949.1156369447708
1706696603682,1156.8291650433248,949.8346820473671
1706696603693,1152.7808566722556,948.0607524514198
1706696603704,1154.8629013326458,950.3492280840874
1706696603714,1158.291320405744,946.9493567943573
1706696603725,1161.9590235470116,946.5145096182823
1706696603737,1159.2390616602397,945.9708586335182
1706696603779,1158.2033127794257,947.0440894365311
1706696603780,1156.2964033387398,946.5589880943298
1706696603781,1156.073350232927,948.8666594028473
1706696603798,1156.1716903596985,947.846882045269
1706696603804,1158.921105902144,951.3281226158142
1706696603817,1163.5364977517397,948.8153576850891
1706696603826,1161.6442580280095,950.1978993415833
1706696603837,1155.6503928352477,946.4679926633835
1706696603848,1149.0800007916787,945.0181245803833
1706696603859,1148.1275195128246,943.2573035359383
1706696603871,1149.9381811159878,943.5005336999893
1706696603881,1151.934397822339,944.5228025317192
1706696603893,1153.9787677423678,943.9151093363762
1706696603924,1155.299122289965,942.0912370085716
1706696603925,1154.806151234243,943.0676966905594
1706696603926,1152.9951571393808,944.769798219204
1706696603940,1151.756769362823,945.7842528820038
1706696603948,1153.0781691989046,944.9443146586418
1706696603960,1148.7988777076678,951.4450803399086
1706696603970,1143.7109697304024,968.6889410018921
1706696603982,1137.360512526327,986.5583315491676
1706696603993,1131.9048878823405,1005.343508720398
1706696604004,1131.5674708362205,1004.5510500669479
1706696604015,1134.2361184528895,1002.7384459972382
1706696604026,1134.673015923057,1008.2079961895943
1706696604037,1134.901846633299,1007.9850658774376
1706696604079,1134.5295858642362,1010.2574318647385
1706696604081,1130.904041164028,1009.0369775891304
1706696604094,1130.7882720651805,1009.0156584978104
1706696604103,1130.2930576120516,1009.2194214463234
1706696604114,1107.4931426249489,1011.371998488903
1706696604125,994.1129394285718,1043.7499791383743
1706696604136,909.6656428930917,1054.951760172844
1706696604148,758.0454760598466,1078.1424298882484
1706696604159,611.501074921449,1087.8318294882774
1706696604170,595.6450941052304,1090.5706107616425
1706696604210,596.3448072738817,1090.3624311089516
1706696604211,588.8607775759656,1093.1004762649536
1706696604215,581.5845367627394,1092.0473471283913
1706696604229,589.1372735879706,1093.628951907158
1706696604237,589.5451958674705,1093.0582627654076
1706696604248,588.6573051071714,1090.2369514107704
1706696604259,585.7670590493639,1088.3467435836792
1706696604271,583.2946083641214,1087.6044541597366
1706696604281,586.6398095642728,1090.6931176781654
1706696604292,585.1073856302612,1088.6305168271065
1706696604303,596.0673990138521,1091.3813307881355
1706696604314,597.550288698911,1087.1353209018707
1706696604325,942.3288403113767,1176.4877662062645
1706696604358,1128.7046992522182,1254.3854609131813
1706696604359,1128.7046992522182,1254.3854609131813
1706696604375,nan,nan
1706696604380,nan,nan
1706696604392,nan,nan
1706696604402,nan,nan
1706696604413,nan,nan
1706696604423,nan,nan
1706696604434,nan,nan
1706696604445,nan,nan
1706696604455,nan,nan
1706696604492,nan,nan
1706696604493,nan,nan
1706696604508,nan,nan
1706696604511,nan,nan
1706696604523,nan,nan
1706696604532,nan,nan
1706696604550,nan,nan
1706696604570,nan,nan
1706696604581,nan,nan
1706696604593,nan,nan
1706696604604,nan,nan
1706696604646,nan,nan
1706696604647,nan,nan
1706696604648,nan,nan
1706696604662,nan,nan
1706696604670,nan,nan
1706696604683,nan,nan
1706696604692,nan,nan
1706696604704,nan,nan
1706696604715,nan,nan
1706696604725,nan,nan
1706696604737,nan,nan
1706696604755,nan,nan
1706696604795,nan,nan
1706696604804,nan,nan
1706696604815,nan,nan
1706696604826,nan,nan
1706696604837,nan,nan
1706696604848,nan,nan
1706696604859,nan,nan
1706696604871,nan,nan
1706696604882,1294.1610425688332,1067.1268582344055
1706696604893,1294.1610425688332,1067.1268582344055
1706696604904,1294.1610425688332,1067.1268582344055
1706696604943,1109.3724439804946,971.1676180362701
1706696604944,1109.3724439804946,971.1676180362701
1706696604948,nan,nan
1706696604960,1068.114200014602,948.6550539731979
1706696604972,1068.114200014602,948.6550539731979
1706696604982,1078.7784885474414,954.1693091392517
1706696604993,1074.0693171946032,951.7083555459976
1706696605005,1071.8286984900526,953.145369887352
1706696605016,1072.3423772727517,957.515811920166
1706696605027,1070.1534762828355,956.7978709936142
1706696605038,1071.897953695635,956.4419865608215
1706696605079,1069.8798022227834,953.8326770067215
1706696605080,1074.2832324823562,957.2167217731476
1706696605084,1103.668607496833,963.690958917141
1706696605097,1099.1288788860475,970.210325717926
1706696605107,1096.7915409123013,973.4007999300957
1706696605118,1096.2920647368746,978.9435088634491
1706696605129,1095.696018044412,980.8497980237007
1706696605140,1097.0926027157227,982.5275793671608
1706696605151,1094.8086279670104,981.7882344126701
1706696605162,1094.3612016365523,980.6013584136963
1706696605173,1091.3695720495068,978.8395747542381
1706696605185,1093.2623560552554,979.189145565033
1706696605206,1095.2957447120662,980.6685999035835
1706696605226,1130.4066189037603,981.9474339485168
1706696605227,1161.3767483387576,983.1931993365288
1706696605228,1209.3776754973603,986.5969777107239
1706696605244,1204.3378322735362,989.0141323208809
1706696605250,1208.3205915628396,988.3254662156105
1706696605262,1209.3660448460812,987.1001422405243
1706696605273,1211.531355553931,986.9427546858788
1706696605284,1212.4859354729288,986.5977138280869
1706696605295,1214.2164674702167,987.4515533447266
1706696605306,1215.8527207753218,986.3681301474571
1706696605317,1214.2520004496928,990.2654752135277
1706696605329,1213.2507659956923,989.7141516208649
1706696605340,1214.6813891993763,991.6716858744621
1706696605379,1217.294360127688,988.2650196552277
1706696605384,1212.4163365861814,990.90306609869
1706696605397,1213.580116056833,989.4989222288132
1706696605406,1213.7089698028105,991.2892729043961
1706696605417,1213.7672197940065,990.3075754642487
1706696605428,1214.810069724239,991.3420468568802
1706696605440,1217.0230144564775,994.6536406874657
1706696605451,1216.007269096208,997.9844868183136
1706696605462,1214.902488217695,997.846294939518
1706696605473,1217.130723048961,1000.2660542726517
1706696605484,1206.5804089976418,993.7757924199104
1706696605507,1274.5175790007902,1033.1028625369072
1706696605528,1291.9923522516763,1041.449923813343
1706696605545,nan,nan
1706696605549,nan,nan
1706696605561,nan,nan
1706696605571,nan,nan
1706696605581,nan,nan
1706696605592,nan,nan
1706696605602,nan,nan
1706696605620,nan,nan
1706696605640,nan,nan
1706696605660,nan,nan
1706696605680,nan,nan
1706696605681,nan,nan
1706696605684,nan,nan
1706696605698,nan,nan
1706696605707,nan,nan
1706696605720,nan,nan
1706696605729,nan,nan
1706696605740,nan,nan
1706696605751,nan,nan
1706696605762,nan,nan
1706696605773,nan,nan
1706696605784,nan,nan
1706696605795,nan,nan
1706696605807,nan,nan
1706696605845,nan,nan
1706696605851,nan,nan
1706696605862,nan,nan
1706696605875,nan,nan
1706696605885,nan,nan
1706696605895,nan,nan
1706696605907,nan,nan
1706696605918,nan,nan
1706696605929,nan,nan
1706696605941,nan,nan
1706696605951,nan,nan
1706696605996,nan,nan
1706696606013,nan,nan
1706696606018,nan,nan
1706696606028,nan,nan
1706696606040,nan,nan
1706696606051,nan,nan
1706696606061,nan,nan
1706696606073,nan,nan
1706696606084,nan,nan
1706696606094,nan,nan
1706696606126,nan,nan
1706696606127,nan,nan
1706696606142,nan,nan
1706696606152,nan,nan
1706696606161,nan,nan
1706696606173,nan,nan
1706696606185,nan,nan
1706696606194,nan,nan
1706696606207,nan,nan
1706696606218,nan,nan
1706696606227,nan,nan
1706696606260,nan,nan
1706696606261,nan,nan
1706696606262,nan,nan
1706696606279,nan,nan
1706696606285,nan,nan
1706696606295,nan,nan
1706696606306,nan,nan
1706696606318,nan,nan
1706696606328,nan,nan
1706696606339,nan,nan
1706696606351,nan,nan
1706696606362,nan,nan
1706696606373,nan,nan
1706696606412,nan,nan
1706696606418,nan,nan
1706696606430,nan,nan
1706696606441,nan,nan
1706696606451,nan,nan
1706696606462,nan,nan
1706696606474,nan,nan
1706696606485,nan,nan
1706696606495,nan,nan
1706696606507,nan,nan
1706696606518,nan,nan
1706696606528,nan,nan
1706696606560,nan,nan
1706696606561,nan,nan
1706696606579,nan,nan
1706696606585,nan,nan
1706696606595,nan,nan
1706696606606,nan,nan
1706696606617,nan,nan
1706696606627,nan,nan
1706696606640,nan,nan
1706696606651,nan,nan
1706696606692,nan,nan
1706696606693,nan,nan
1706696606694,nan,nan
1706696606708,nan,nan
1706696606718,nan,nan
1706696606727,nan,nan
1706696606740,nan,nan
1706696606751,nan,nan
1706696606761,nan,nan
1706696606774,nan,nan
1706696606791,nan,nan
1706696606807,nan,nan
1706696606844,nan,nan
1706696606845,nan,nan
1706696606859,nan,nan
1706696606862,nan,nan
1706696606874,nan,nan
1706696606884,nan,nan
1706696606896,nan,nan
1706696606905,nan,nan
1706696606922,nan,nan
1706696606943,nan,nan
1706696606978,nan,nan
1706696606995,1249.1272189852107,1042.3816502094269
1706696606999,1249.1272189852107,1042.3816502094269
1706696607010,1249.1272189852107,1042.3816502094269
1706696607022,1251.6828119322122,1039.9480745196342
1706696607032,1251.6828119322122,1039.9480745196342
1706696607044,1251.6828119322122,1039.9480745196342
1706696607055,1206.49163725669,1041.3998112082481
1706696607066,1182.003962501751,1033.498752117157
1706696607078,1185.2598822032892,1034.4038650393486
1706696607089,1169.394572993066,1036.8228882551193
1706696607099,1167.3317200868628,1037.5086665153503
1706696607146,1166.8228079013243,1036.551147699356
1706696607147,1166.075247631265,1036.5276768803596
1706696607163,1165.426294395158,1031.0494631528854
1706696607166,1162.6195772430935,1026.1016219854355
1706696607179,1162.5375034646004,1028.810279071331
1706696607189,1165.5659626814356,1030.371980369091
1706696607199,1164.2032112894221,1028.6955013871193
1706696607210,1160.7225533135095,1024.0091234445572
1706696607222,1156.9276967682295,1021.4534088969231
1706696607233,1159.6773710837606,1019.147153198719
1706696607245,1163.0896825714913,1021.5416580438614
1706696607255,1164.0754778584742,1023.345485329628
1706696607295,1161.5183136788166,1027.7414083480835
1706696607296,1161.4095165329168,1025.3610879182816
1706696607299,1163.9419914483901,1024.1112738847733
1706696607312,1164.8363782803194,1026.7141282558441
1706696607321,1166.3996261009952,1026.7272934317589
1706696607332,1164.4431202184412,1022.5467696785927
1706696607346,1162.6139457854995,1019.2363366484642
1706696607355,1162.1471413539812,1020.1857581734657
1706696607366,1162.04744119827,1027.455087006092
1706696607377,1161.39194133419,1028.903341293335
1706696607388,1161.7772058056578,1028.121443092823
1706696607399,1158.6479388905868,1020.4422950744629
1706696607410,1161.414985578705,1031.462000310421
1706696607444,1164.5767199592497,1040.8217892050743
1706696607445,1172.368830502763,1058.7055906653404
1706696607460,1176.8564148516539,1055.9533894062042
1706696607466,1176.8270091888846,1059.411782026291
1706696607477,1171.8407430017737,1054.5787185430527
1706696607488,1174.8669202707763,1054.558390378952
1706696607499,1177.2407077836222,1052.0716726779938
1706696607511,1178.1250110078756,1054.0190145373344
1706696607522,1177.6432834025725,1055.5307164788246
1706696607533,1176.1090189180577,1055.0488710403442
1706696607544,1177.3370860710747,1054.5695453882217
1706696607579,1209.611879725132,1089.5516261458397
1706696607580,1429.3263142302612,1318.6913430690765
1706696607587,nan,nan
1706696607599,nan,nan
1706696607609,nan,nan
1706696607620,nan,nan
1706696607632,nan,nan
1706696607643,nan,nan
1706696607654,nan,nan
1706696607664,nan,nan
1706696607675,nan,nan
1706696607686,nan,nan
1706696607728,497.8373696762578,416.28246838226914
1706696607729,497.8373696762578,416.28246838226914
1706696607731,nan,nan
1706696607748,nan,nan
1706696607753,nan,nan
1706696607764,nan,nan
1706696607775,nan,nan
1706696607786,nan,nan
1706696607797,nan,nan
1706696607808,nan,nan
1706696607819,nan,nan
1706696607831,nan,nan
1706696607842,nan,nan
1706696607859,nan,nan
1706696607883,nan,nan
1706696607886,nan,nan
1706696607901,nan,nan
1706696607908,nan,nan
1706696607919,nan,nan
1706696607930,nan,nan
1706696607942,nan,nan
1706696607953,nan,nan
1706696607965,nan,nan
1706696607976,nan,nan
1706696607988,nan,nan
1706696608029,1265.4002729738493,1145.580717921257
1706696608030,1248.0636150246949,1140.343327820301
1706696608032,1127.6760410494348,1096.9530314207077
1706696608045,1123.3284583161208,1095.937331020832
1706696608054,1120.4146123874007,1089.4882917404175
1706696608065,1124.9842919670104,1088.3295863866806
1706696608076,1122.3133331394213,1085.6031492352486
1706696608087,1123.7232071404223,1087.2968703508377
1706696608099,1121.4170429953388,1087.5212728977203
1706696608110,1125.4852382622344,1089.4919157028198
1706696608121,1122.7979026942003,1091.3705721497536
1706696608132,1121.2344429755556,1093.3071553707123
1706696608143,1122.079634563193,1096.9562023878098
1706696608182,1122.8928566034942,1095.219248533249
1706696608188,1123.7402587328509,1094.8967158794403
1706696608200,1121.7251794492222,1096.9327881932259
1706696608210,1097.8583330397992,1095.463441312313
1706696608221,1006.2482753957131,1087.3509749770164
1706696608232,860.0500973013699,1076.3873562216759
1706696608243,735.6130604851439,1066.8967366218567
1706696608254,525.4757313502134,1077.0171895623207
1706696608266,484.98262543655267,1074.2792010307312
1706696608277,478.61121598185,1077.302859723568
1706696608288,474.32332462830595,1075.9625032544136
1706696608299,475.3206433596452,1078.0797749757767
1706696608331,474.50131783063546,1074.9236151576042
1706696608332,469.96856705014306,1074.4137972593307
1706696608350,471.0095615045299,1076.6240179538727
1706696608355,472.5258801977326,1077.6197865605354
1706696608367,474.6167639640777,1079.5271515846252
1706696608377,475.50119605053237,1077.8906494379044
1706696608388,477.7594644463943,1078.8955062627792
1706696608399,478.41553321149615,1079.3985575437546
1706696608409,481.3979852699502,1082.9167172312737
1706696608420,481.7446596758357,1081.5210670232773
1706696608432,489.49932494170525,1084.3615174293518
1706696608443,495.4322697612299,1085.6972873210907
1706696608461,496.1771431202519,1087.0649367570877
1706696608482,503.26084538580653,1088.2103353738785
1706696608483,583.3905865029683,1084.194928407669
1706696608487,745.4986764047044,1081.4617812633514
1706696608499,1048.81185160605,1069.8384314775467
1706696608510,1155.471781407665,1072.5899249315262
1706696608521,1202.3776324792243,1069.8193490505219
1706696608532,1216.8030707119206,1071.735094487667
1706696608543,1218.6711194436093,1072.0728307962418
1706696608554,1220.3011950399325,1074.5606526732445
1706696608565,1216.8633776436302,1074.8107060790062
1706696608576,1216.4438128560757,1074.0699455142021
1706696608587,1215.3368957387252,1077.4689957499504
1706696608630,1219.0511418985598,1080.8981135487556
1706696608631,1219.5096204047609,1083.4131434559822
1706696608645,1226.7218772359433,1087.7616718411446
1706696608654,1226.7429289462696,1102.0008146762848
1706696608666,1295.2439565992363,1131.4042016863823
1706696608675,1315.4237762664616,1146.53809517622
1706696608686,1382.4713924461812,1165.2923554182053
1706696608696,nan,nan
1706696608708,nan,nan
1706696608719,nan,nan
1706696608730,nan,nan
1706696608741,nan,nan
1706696608763,nan,nan
1706696608782,nan,nan
1706696608798,nan,nan
1706696608810,nan,nan
1706696608821,nan,nan
1706696608831,nan,nan
1706696608843,nan,nan
1706696608854,nan,nan
1706696608865,nan,nan
1706696608877,nan,nan
1706696608888,nan,nan
1706696608930,nan,nan
1706696608932,nan,nan
1706696608946,nan,nan
1706696608955,nan,nan
1706696608967,nan,nan
1706696608976,nan,nan
1706696608987,nan,nan
1706696608997,nan,nan
1706696609010,nan,nan
1706696609021,nan,nan
1706696609031,nan,nan
1706696609043,nan,nan
1706696609080,nan,nan
1706696609088,nan,nan
1706696609097,nan,nan
1706696609110,nan,nan
1706696609121,nan,nan
1706696609131,nan,nan
1706696609143,nan,nan
1706696609154,nan,nan
1706696609164,nan,nan
1706696609176,nan,nan
1706696609213,nan,nan
1706696609214,nan,nan
1706696609221,nan,nan
1706696609231,nan,nan
1706696609243,nan,nan
1706696609254,nan,nan
1706696609265,nan,nan
1706696609276,nan,nan
1706696609288,nan,nan
1706696609298,nan,nan
1706696609310,nan,nan
1706696609321,nan,nan
1706696609332,nan,nan
1706696609364,nan,nan
1706696609381,nan,nan
1706696609387,nan,nan
1706696609397,nan,nan
1706696609410,nan,nan
1706696609420,nan,nan
1706696609431,nan,nan
1706696609443,nan,nan
1706696609454,nan,nan
1706696609495,nan,nan
1706696609496,nan,nan
1706696609498,nan,nan
1706696609511,nan,nan
1706696609520,nan,nan
1706696609531,nan,nan
1706696609543,nan,nan
1706696609554,nan,nan
1706696609565,nan,nan
1706696609577,nan,nan
1706696609587,nan,nan
1706696609598,nan,nan
1706696609610,nan,nan
1706696609646,nan,nan
1706696609647,nan,nan
1706696609662,nan,nan
1706696609664,nan,nan
1706696609678,nan,nan
1706696609687,nan,nan
1706696609697,nan,nan
1706696609710,nan,nan
1706696609722,nan,nan
1706696609731,nan,nan
1706696609743,nan,nan
1706696609780,nan,nan
1706696609781,nan,nan
1706696609787,nan,nan
1706696609797,nan,nan
1706696609809,nan,nan
1706696609821,nan,nan
1706696609831,nan,nan
1706696609842,nan,nan
1706696609854,nan,nan
1706696609864,nan,nan
1706696609876,nan,nan
1706696609888,nan,nan
1706696609898,nan,nan
1706696609930,nan,nan
1706696609931,nan,nan
1706696609947,nan,nan
1706696609954,nan,nan
1706696609966,nan,nan
1706696609976,nan,nan
1706696609987,nan,nan
1706696609998,nan,nan
1706696610009,nan,nan
1706696610020,nan,nan
1706696610031,nan,nan
1706696610066,nan,nan
1706696610067,nan,nan
1706696610076,nan,nan
1706696610087,nan,nan
1706696610100,nan,nan
1706696610110,nan,nan
1706696610120,nan,nan
1706696610131,nan,nan
1706696610143,nan,nan
1706696610154,nan,nan
1706696610164,nan,nan
1706696610176,nan,nan
1706696610212,nan,nan
1706696610213,nan,nan
1706696610220,nan,nan
1706696610230,nan,nan
1706696610243,nan,nan
1706696610253,nan,nan
1706696610263,nan,nan
1706696610276,nan,nan
1706696610287,nan,nan
1706696610297,nan,nan
1706696610309,nan,nan
1706696610351,nan,nan
1706696610352,nan,nan
1706696610354,nan,nan
1706696610368,nan,nan
1706696610376,nan,nan
1706696610387,nan,nan
1706696610397,nan,nan
1706696610409,nan,nan
1706696610420,nan,nan
1706696610430,nan,nan
1706696610442,nan,nan
1706696610454,nan,nan
1706696610464,nan,nan
1706696610501,nan,nan
1706696610502,nan,nan
1706696610509,nan,nan
1706696610520,nan,nan
1706696610532,nan,nan
1706696610543,nan,nan
1706696610554,nan,nan
1706696610564,nan,nan
1706696610575,nan,nan
1706696610586,nan,nan
1706696610598,nan,nan
1706696610631,nan,nan
1706696610632,nan,nan
1706696610648,nan,nan
1706696610654,nan,nan
1706696610665,nan,nan
1706696610683,nan,nan
1706696610699,nan,nan
1706696610710,nan,nan
1706696610721,nan,nan
1706696610732,nan,nan
1706696610743,nan,nan
1706696610761,nan,nan
1706696610780,nan,nan
1706696610781,nan,nan
1706696610797,nan,nan
1706696610814,nan,nan
1706696610832,nan,nan
1706696610847,nan,nan
1706696610858,1203.364713924172,1064.223101735115
1706696610869,1203.364713924172,1064.223101735115
1706696610881,1220.5206485263902,1062.1428057551384
1706696610924,1229.9194283732659,1062.2598767280579
1706696610926,1246.9659041769028,1050.286503136158
1706696610941,1257.765464625025,1050.9688839316368
1706696610947,1256.8845080765618,1048.9435985684395
1706696610959,1259.9340742220065,1043.014881014824
1706696610969,1256.5119954510444,1043.3050245046616
1706696610981,1253.2105084582975,1041.8705582618713
1706696610991,1254.8579931349232,1040.8894270658493
1706696611003,1257.3433203410873,1038.9688968658447
1706696611015,1260.0087907583631,1041.551224887371
1706696611025,1257.1381244576173,1047.0292404294014
1706696611036,1256.7712363502371,1044.2840605974197
1706696611068,1254.2513058684322,1042.1030297875404
1706696611069,1252.4371042568473,1031.7490577697754
1706696611085,1250.3522579501923,1030.945472419262
1706696611092,1251.6582367427175,1031.813496351242
1706696611103,1250.7210025416819,1032.3030710220337
1706696611114,1254.8531529731981,1033.0376595258713
1706696611125,1250.6515057809474,1032.8794226050377
1706696611136,1253.3338398203439,1035.7582077383995
1706696611147,1250.715781396632,1034.5840722322464
1706696611158,1252.2435758544489,1030.9712931513786
1706696611170,1250.0236276873525,1028.4374073147774
1706696611181,1249.6339794356754,1027.5742530822754
1706696611217,1252.6736299796028,1031.8733483552933
1706696611218,1252.5349861210877,1030.5881157517433
1706696611225,1255.013246478444,1022.5206092000008
1706696611236,1282.4639767219057,1013.8845086097717
1706696611249,1296.8822941739854,1012.4471262097359
1706696611259,1306.2873894936783,1015.4469460248947
1706696611270,1308.0933759974898,1020.0257375836372
1706696611281,1306.231330188753,1020.2164769172668
1706696611291,1305.708219751808,1019.7288274765015
1706696611302,1305.070040203774,1018.7617674469948
1706696611313,1306.3239299046859,1018.2964563369751
1706696611324,1307.371430106639,1012.5027313828468
1706696611368,1309.7075820585092,1013.1134256720543
1706696611369,1310.7552246661949,1015.5304953455925
1706696611385,1191.7929661330732,969.201335310936
1706696611393,1009.2512579746328,931.9542780518532
1706696611404,772.2313967373358,888.4764969348907
1706696611413,753.6582358407317,883.5224837064743
1706696611424,738.9115858846562,880.4680496454239
1706696611436,741.0295384871431,877.4639405310154
1706696611447,736.7375218754923,873.2714124023914
1706696611458,736.140684411509,871.9001814723015
1706696611469,732.5362978256125,871.6983012855053
1706696611480,730.6566951678141,873.1730416417122
1706696611516,726.1341906032029,870.979468524456
1706696611517,727.3202042842672,869.214004278183
1706696611525,726.385609932186,868.5815803706646
1706696611536,722.121839930286,868.9800322055817
1706696611548,721.0064740890857,865.8405341207981
1706696611558,717.8231790134874,863.4211853146553
1706696611569,715.6124602389654,860.0795522332191
1706696611580,717.5697482319329,858.4527045488358
1706696611591,748.324675162724,859.4937019050121
1706696611603,774.6284350881066,848.4172306954861
1706696611614,789.0418937763574,846.8551613390446
1706696611625,782.7139407298876,844.5810541510582
1706696611636,788.8872038404129,848.0671361088753
1706696611669,786.613688665746,846.0911422967911
1706696611670,788.9784012693616,842.2932863235474
1706696611687,829.4791183143209,849.9705940485001
1706696611690,955.9484977983179,891.9430434703827
1706696611702,1306.372319673076,985.9403043985367
1706696611712,1420.7469014771605,1024.1079047322273
1706696611722,1539.4348325792832,1047.3652496933937
1706696611733,nan,nan
1706696611744,nan,nan
1706696611755,nan,nan
1706696611767,nan,nan
1706696611778,nan,nan
1706696611820,nan,nan
1706696611821,nan,nan
1706696611839,nan,nan
1706696611844,nan,nan
1706696611855,nan,nan
1706696611866,nan,nan
1706696611877,nan,nan
1706696611888,nan,nan
1706696611900,nan,nan
1706696611911,nan,nan
1706696611922,nan,nan
1706696611933,nan,nan
1706696611967,nan,nan
1706696611968,nan,nan
1706696611977,nan,nan
1706696611988,nan,nan
1706696612000,nan,nan
1706696612011,nan,nan
1706696612021,nan,nan
1706696612033,nan,nan
1706696612043,nan,nan
1706696612054,nan,nan
1706696612066,nan,nan
1706696612077,nan,nan
1706696612118,nan,nan
1706696612119,nan,nan
1706696612122,nan,nan
1706696612137,nan,nan
1706696612144,nan,nan
1706696612155,nan,nan
1706696612167,nan,nan
1706696612178,nan,nan
1706696612189,nan,nan
1706696612200,nan,nan
1706696612212,nan,nan
1706696612222,nan,nan
1706696612233,nan,nan
1706696612249,nan,nan
1706696612269,nan,nan
1706696612270,nan,nan
1706696612289,nan,nan
1706696612304,nan,nan
1706696612321,nan,nan
1706696612336,nan,nan
1706696612348,1291.2375789151324,964.5671084523201
1706696612359,1349.6563675990617,972.3343923687935
1706696612371,1346.104127893847,962.9145249724388
1706696612382,1349.4700276598594,964.2158389091492
1706696612417,1346.4681788673306,962.9868909716606
1706696612418,1347.2246475896775,969.6541324257851
1706696612434,1335.9260064329849,967.9920077323914
1706696612437,1296.19457079521,955.334384739399
1706696612449,1282.8776192874636,951.1407241225243
1706696612460,1268.7098129523233,947.858801484108
1706696612471,1269.696474104781,953.4177616238594
1706696612483,1267.5635591778548,954.6288445591927
1706696612493,1266.7698168343213,959.3253582715988
1706696612504,1265.927744936703,959.2697530984879
1706696612516,1268.0812225539112,961.3973304629326
1706696612527,1263.47663140758,964.7697106003761
1706696612567,1264.6337464676426,966.753263771534
1706696612568,1263.2594523080074,966.1418333649635
1706696612571,1263.976219263056,966.8037727475166
1706696612585,1267.0307316576695,970.0622245669365
1706696612593,1267.1160948319275,965.4666438698769
1706696612604,1269.6387772690043,966.3016557693481
1706696612615,1270.468303608674,966.5710747241974
1706696612626,1270.2856837425024,968.9607098698616
1706696612637,1267.4579415277485,968.1907594203949
1706696612648,1263.7750495996465,967.1184629201889
1706696612659,1264.9466369447714,971.7784821987152
1706696612671,1265.867810432123,972.0427483320236
1706696612682,1266.6668883294715,973.1306731700897
1706696612718,1260.2667236466868,972.2384423017502
1706696612719,1259.764079647811,976.7022296786308
1706696612726,1261.6994121550156,972.3957449197769
1706696612737,1263.2350323069309,970.5711647868156
1706696612751,1260.9933626921115,973.7638473510742
1706696612760,1262.0472816132694,975.2893939614296
1706696612771,1260.1566798131025,975.2212464809418
1706696612782,1262.5002711123739,975.0227496027946
1706696612792,1258.0113086992287,979.8292845487595
1706696612803,1257.7362653245755,983.3230391144753
1706696612814,1258.6115448224718,981.3046336174011
1706696612825,1260.6830338509087,981.7925944924355
1706696612867,1260.4254049884235,980.5970266461372
1706696612868,1259.9781960106443,983.6371630430222
1706696612870,1259.9499756290638,982.350118458271
1706696612883,1261.9453211562607,984.1203391551971
1706696612893,1264.8473118079285,981.9870427250862
1706696612904,1265.6894874518036,981.9018229842186
1706696612915,1304.0040066501965,996.9105765223503
1706696612926,1428.3025460060667,1021.0815280675888
1706696612937,1619.132532814195,1075.7787570357323
1706696612947,1729.6043730396764,1085.177531838417
1706696612958,1824.024957620085,1128.6010950803757
1706696612969,nan,nan
1706696612980,nan,nan
1706696613017,nan,nan
1706696613018,nan,nan
1706696613023,nan,nan
1706696613034,nan,nan
1706696613044,nan,nan
1706696613063,nan,nan
1706696613083,nan,nan
1706696613094,nan,nan
1706696613103,nan,nan
1706696613116,nan,nan
1706696613127,nan,nan
1706696613148,nan,nan
1706696613169,nan,nan
1706696613170,nan,nan
1706696613187,nan,nan
1706696613193,nan,nan
1706696613203,nan,nan
1706696613215,nan,nan
1706696613227,nan,nan
1706696613236,nan,nan
1706696613249,nan,nan
1706696613260,nan,nan
1706696613270,nan,nan
1706696613282,nan,nan
1706696613323,nan,nan
1706696613324,nan,nan
1706696613327,nan,nan
1706696613339,nan,nan
1706696613349,nan,nan
1706696613359,nan,nan
1706696613369,nan,nan
1706696613381,nan,nan
1706696613393,nan,nan
1706696613403,nan,nan
1706696613415,nan,nan
1706696613426,nan,nan
1706696613467,nan,nan
1706696613468,nan,nan
1706696613470,nan,nan
1706696613484,nan,nan
1706696613494,nan,nan
1706696613504,nan,nan
1706696613515,nan,nan
1706696613526,nan,nan
1706696613537,nan,nan
1706696613549,nan,nan
1706696613559,nan,nan
1706696613600,nan,nan
1706696613601,nan,nan
1706696613603,nan,nan
1706696613617,nan,nan
1706696613626,nan,nan
1706696613637,nan,nan
1706696613649,nan,nan
1706696613659,nan,nan
1706696613670,nan,nan
1706696613682,nan,nan
1706696613693,nan,nan
1706696613703,nan,nan
1706696613716,nan,nan
1706696613753,nan,nan
1706696613759,nan,nan
1706696613770,nan,nan
1706696613782,nan,nan
1706696613792,nan,nan
1706696613802,nan,nan
1706696613815,nan,nan
1706696613826,nan,nan
1706696613836,nan,nan
1706696613848,nan,nan
1706696613859,nan,nan
1706696613869,nan,nan
1706696613901,nan,nan
1706696613902,nan,nan
1706696613918,nan,nan
1706696613926,nan,nan
1706696613936,nan,nan
1706696613948,nan,nan
1706696613959,nan,nan
1706696613969,nan,nan
1706696613981,nan,nan
1706696613993,nan,nan
1706696614003,nan,nan
1706696614015,nan,nan
1706696614054,nan,nan
1706696614055,nan,nan
1706696614059,nan,nan
1706696614072,nan,nan
1706696614082,nan,nan
1706696614093,nan,nan
1706696614103,nan,nan
1706696614115,nan,nan
1706696614125,nan,nan
1706696614136,nan,nan
1706696614147,nan,nan
1706696614159,nan,nan
1706696614169,nan,nan
1706696614201,nan,nan
1706696614202,nan,nan
1706696614218,nan,nan
1706696614225,nan,nan
1706696614236,nan,nan
1706696614247,nan,nan
1706696614259,nan,nan
1706696614269,nan,nan
1706696614281,nan,nan
1706696614292,nan,nan
1706696614303,nan,nan
1706696614315,nan,nan
1706696614353,nan,nan
1706696614354,nan,nan
1706696614359,nan,nan
1706696614371,nan,nan
1706696614382,nan,nan
1706696614393,nan,nan
1706696614402,nan,nan
1706696614415,nan,nan
1706696614426,nan,nan
1706696614436,nan,nan
1706696614448,nan,nan
1706696614459,nan,nan
1706696614479,nan,nan
1706696614499,nan,nan
1706696614500,nan,nan
1706696614502,nan,nan
1706696614514,nan,nan
1706696614528,nan,nan
1706696614536,nan,nan
1706696614548,nan,nan
1706696614559,nan,nan
1706696614569,nan,nan
1706696614581,nan,nan
1706696614593,nan,nan
1706696614636,nan,nan
1706696614637,nan,nan
1706696614653,nan,nan
1706696614662,nan,nan
1706696614671,nan,nan
1706696614682,nan,nan
1706696614693,nan,nan
1706696614704,nan,nan
1706696614715,nan,nan
1706696614726,nan,nan
1706696614736,nan,nan
1706696614754,nan,nan
1706696614789,nan,nan
1706696614792,nan,nan
1706696614809,nan,nan
1706696614821,1306.0028270564962,980.6542456150055
1706696614832,1256.7813624835942,975.7197111845016
1706696614843,1261.196619974312,964.4979417324066
1706696614854,1261.6071171784647,966.2973240017891
1706696614864,1263.2488475196822,963.7953460216522
1706696614876,1263.634756340718,958.547480404377
1706696614887,1260.3592853504888,951.9558042287827
1706696614898,1262.335445604959,951.2987345457077
1706696614934,1260.764143141481,946.8891650438309
1706696614935,1259.1197179532364,948.9429891109467
1706696614942,1258.921468830215,944.0698355436325
1706696614954,1259.151151282089,942.8588658571243
1706696614966,1260.1927552759896,941.1016687750816
1706696614976,1262.375642156669,937.1671497821808
1706696614987,1263.573995992827,937.6488253474236
1706696614999,1260.4336061806152,940.792641043663
1706696615010,1260.2330195403401,937.9497557878494
1706696615021,1230.7587162290438,918.2117313146591
1706696615032,1141.9572493056207,865.8762358129025
1706696615043,934.425457936328,785.3053733706474
1706696615085,859.0527175393971,756.6095508635044
1706696615086,821.6904544363954,753.0356869101524
1706696615100,800.281174502499,736.4840030670166
1706696615109,804.4019923917219,738.0133718252182
1706696615120,801.0513008682674,737.7130076289177
1706696615132,801.1795411453187,734.0867519378662
1706696615142,793.9917664603968,727.7853608131409
1706696615153,796.656549753114,728.9308726787567
1706696615165,791.3695576050499,728.276252001524
1706696615176,794.1331555639139,729.8047006130219
1706696615187,793.6794883384789,728.0839413404465
1706696615220,791.0019556039201,727.1710708737373
1706696615231,789.4140219731238,724.4987949728966
1706696615242,782.99795435658,722.1910811960697
1706696615254,779.3223947475067,719.5974707603455
1706696615265,779.1632415960738,722.8542804718018
1706696615276,779.0780346670514,721.0078291594982
1706696615287,781.9129331148939,723.4728455543518
1706696615298,780.5082522611388,717.0342959463596
1706696615309,785.0112126977949,720.6195130944252
1706696615320,780.4166352871156,716.2443995475769
1706696615332,780.438989918398,716.2044368684292
1706696615371,775.0730413846352,711.5678884088993
1706696615372,808.323882881698,720.645447075367
1706696615375,1277.0465532606852,850.1935243606567
1706696615391,1412.0414719492926,891.3183346390724
1706696615396,1509.0036156092222,948.5655166208744
1706696615408,nan,nan
1706696615418,nan,nan
1706696615429,nan,nan
1706696615440,nan,nan
1706696615452,nan,nan
1706696615463,nan,nan
1706696615473,nan,nan
1706696615483,nan,nan
1706696615518,nan,nan
1706696615520,nan,nan
1706696615537,nan,nan
1706696615552,nan,nan
1706696615564,nan,nan
1706696615574,nan,nan
1706696615586,nan,nan
1706696615597,nan,nan
1706696615608,nan,nan
1706696615619,nan,nan
1706696615630,nan,nan
1706696615672,nan,nan
1706696615673,nan,nan
1706696615675,nan,nan
1706696615691,nan,nan
1706696615697,nan,nan
1706696615709,nan,nan
1706696615719,nan,nan
1706696615730,nan,nan
1706696615742,nan,nan
1706696615752,nan,nan
1706696615764,nan,nan
1706696615775,nan,nan
1706696615786,nan,nan
1706696615819,nan,nan
1706696615820,nan,nan
1706696615835,nan,nan
1706696615841,nan,nan
1706696615853,nan,nan
1706696615863,nan,nan
1706696615874,nan,nan
1706696615885,nan,nan
1706696615897,nan,nan
1706696615906,nan,nan
1706696615924,nan,nan
1706696615969,nan,nan
1706696615985,nan,nan
1706696615989,nan,nan
1706696616002,1368.8454497753903,836.4141575992107
1706696616011,1368.8454497753903,836.4141575992107
1706696616023,1355.162517931038,842.2444619238377
1706696616035,1380.2704555253467,824.8042844235897
1706696616045,1380.2704555253467,824.8042844235897
1706696616056,1398.2090698106203,821.2771356105804
1706696616068,1427.4078815527173,839.9202138185501
1706696616079,1353.8170779626114,807.233814150095
1706696616099,1333.5702128385183,815.4737561941147
1706696616120,1387.8090845656757,847.8975601494312
1706696616124,1476.8313614053693,909.4665437936783
1706696616137,1479.348143389414,915.110582113266
1706696616146,1473.6579771048232,919.0850213170052
1706696616158,1473.6985921564835,921.510499715805
1706696616169,1470.5430788584556,924.8556151986122
1706696616180,1468.655099173933,927.7083247900009
1706696616191,1469.82070116547,928.705395758152
1706696616202,1468.1197698329092,930.1562547683716
1706696616213,1467.0414830193772,934.6387848258018
1706696616224,1464.761175482249,936.3247767090797
1706696616235,1460.850601086598,935.7963293790817
1706696616270,1462.412987505271,934.7500801086426
1706696616271,1460.6501771201788,941.3404256105423
1706696616285,1459.0889620329701,942.7912279963493
1706696616290,1461.8113040846115,944.8610201478004
1706696616302,1408.4459779375422,910.7711985707283
1706696616312,1252.5386284080632,824.7442908585072
1706696616323,1100.248237994631,754.3839707970619
1706696616335,923.8722712348274,698.0614937841892
1706696616346,787.8133468851473,671.2668783962727
1706696616357,762.5969960572015,666.8026097118855
1706696616368,761.448478483187,668.771681189537
1706696616379,759.6296964799291,667.0071937143803
1706696616420,757.7844093145403,668.0178120732307
1706696616424,769.6929726605836,679.0989689528942
1706696616436,771.6868549756723,679.5208916068077
1706696616446,768.5911005215372,677.2606290876865
1706696616457,769.6508068540842,677.2871434688568
1706696616468,769.1960080016327,677.4212159216404
1706696616479,771.8008372309167,678.8020305335522
1706696616491,772.5927706953953,680.1551982760429
1706696616502,769.7086472483975,681.9252632558346
1706696616512,771.2958624523902,684.4796188175678
1706696616524,772.5584944938948,686.465111374855
1706696616535,776.9237745450879,690.6039454042912
1706696616572,780.2642668663085,692.5964310765266
1706696616573,782.5516913736648,689.824878424406
1706696616579,779.8400408624948,687.7000048756599
1706696616590,780.9001108765727,688.9233186841011
1706696616602,782.6292467103009,691.301317512989
1706696616612,781.3364302373348,691.5608838200569
1706696616624,786.0781396934946,692.21311211586
1706696616634,786.62841996735,694.0670803189278
1706696616645,842.0220159428875,702.3712486028671
1706696616656,1003.5733366999052,749.4225114583969
1706696616667,1110.1629457085255,772.1762105822563
1706696616677,1417.269873252874,882.4603796005249
1706696616719,nan,nan
1706696616720,nan,nan
1706696616721,nan,nan
1706696616736,nan,nan
1706696616743,nan,nan
1706696616755,nan,nan
1706696616765,nan,nan
1706696616775,nan,nan
1706696616792,nan,nan
1706696616811,nan,nan
1706696616823,nan,nan
1706696616835,nan,nan
1706696616872,nan,nan
1706696616873,nan,nan
1706696616878,nan,nan
1706696616890,nan,nan
1706696616902,nan,nan
1706696616911,nan,nan
1706696616923,nan,nan
1706696616935,nan,nan
1706696616945,nan,nan
1706696616957,nan,nan
1706696616968,nan,nan
1706696617004,nan,nan
1706696617005,nan,nan
1706696617011,nan,nan
1706696617022,nan,nan
1706696617035,nan,nan
1706696617044,nan,nan
1706696617056,nan,nan
1706696617067,nan,nan
1706696617077,nan,nan
1706696617089,nan,nan
1706696617100,nan,nan
1706696617110,nan,nan
1706696617123,nan,nan
1706696617158,nan,nan
1706696617159,nan,nan
1706696617167,nan,nan
1706696617177,nan,nan
1706696617191,nan,nan
1706696617201,nan,nan
1706696617211,nan,nan
1706696617223,nan,nan
1706696617234,nan,nan
1706696617244,nan,nan
1706696617256,nan,nan
1706696617267,nan,nan
1706696617305,nan,nan
1706696617310,nan,nan
1706696617323,nan,nan
1706696617334,nan,nan
1706696617344,nan,nan
1706696617355,nan,nan
1706696617367,nan,nan
1706696617377,nan,nan
1706696617389,nan,nan
1706696617400,nan,nan
1706696617411,nan,nan
1706696617452,nan,nan
1706696617453,nan,nan
1706696617456,nan,nan
1706696617467,nan,nan
1706696617477,nan,nan
1706696617490,nan,nan
1706696617500,nan,nan
1706696617511,nan,nan
1706696617523,nan,nan
1706696617534,nan,nan
1706696617544,nan,nan
1706696617556,nan,nan
1706696617567,nan,nan
1706696617603,nan,nan
1706696617604,nan,nan
1706696617610,nan,nan
1706696617623,nan,nan
1706696617633,nan,nan
1706696617644,nan,nan
1706696617655,nan,nan
1706696617667,nan,nan
1706696617677,nan,nan
1706696617689,nan,nan
1706696617700,nan,nan
1706696617710,nan,nan
1706696617753,nan,nan
1706696617754,nan,nan
1706696617756,nan,nan
1706696617769,nan,nan
1706696617777,nan,nan
1706696617790,nan,nan
1706696617802,nan,nan
1706696617810,nan,nan
1706696617823,nan,nan
1706696617834,nan,nan
1706696617844,nan,nan
1706696617857,nan,nan
1706696617881,nan,nan
1706696617905,nan,nan
1706696617906,nan,nan
1706696617911,nan,nan
1706696617922,nan,nan
1706696617934,nan,nan
1706696617945,nan,nan
1706696617956,nan,nan
1706696617967,nan,nan
1706696617976,nan,nan
1706696617996,nan,nan
1706696618014,nan,nan
1706696618056,nan,nan
1706696618057,nan,nan
1706696618059,nan,nan
1706696618073,1350.421447051776,1035.597762465477
1706696618082,1350.421447051776,1035.597762465477
1706696618093,1350.421447051776,1035.597762465477
1706696618104,1366.256678200253,1014.7061854600906
1706696618115,1366.256678200253,1014.7061854600906
1706696618126,1366.256678200253,1014.7061854600906
1706696618137,nan,nan
1706696618148,nan,nan
1706696618159,nan,nan
1706696618171,nan,nan
1706696618204,nan,nan
1706696618219,1412.9415581444546,1013.0467787384987
1706696618226,1422.5076746446261,1021.6532364487648
1706696618238,1405.7575279403084,1018.944126367569
1706696618249,1408.5393823274017,1014.6620467305183
1706696618260,1406.9250098061325,1013.1102547049522
1706696618271,1412.1534554229333,1008.9220300316811
1706696618282,1414.7488933635102,1004.382960498333
1706696618294,1417.7805234463249,1005.1890090107918
1706696618305,1416.7655215253644,1009.3197882175446
1706696618340,1392.4497061624868,993.8301235437393
1706696618341,1359.9269235315635,978.0628859996796
1706696618349,1353.9740989847844,979.4666051864624
1706696618360,1356.2212900809072,977.4810701608658
1706696618372,1357.2557621658175,970.9796532988548
1706696618383,1355.9611292843704,968.1836813688278
1706696618394,1355.377055281436,965.0181502103806
1706696618405,1353.4403706094345,967.4080401659012
1706696618416,1354.4290767368152,965.8786997199059
1706696618427,1353.3068480304275,968.6098083853722
1706696618438,1352.6508724660223,973.0143666267395
1706696618449,1356.8916453383454,973.0917721986771
1706696618488,1357.9445688346357,971.6827020049095
1706696618493,1355.312807208415,966.4268806576729
1706696618506,1312.2562430758537,949.5318830013275
1706696618516,1159.636863544028,888.6518202722073
1706696618527,1020.9345566510049,835.1997904479504
1706696618538,869.8727731908381,793.2653218507767
1706696618549,745.7801274006929,774.3746958673
1706696618560,713.0330163617757,768.430208414793
1706696618571,711.1387604999488,770.2758245170116
1706696618582,708.4066247275691,773.4850130975246
1706696618594,708.1398826294622,770.7277864217758
1706696618605,712.0814232974446,770.7695327699184
1706696618641,703.2546029088271,758.9885123074055
1706696618642,698.4782305275562,760.5151630938053
1706696618649,692.8389208475692,756.0661688446999
1706696618660,693.0446893395535,753.8689717650414
1706696618672,694.6612059464699,752.7806647121906
1706696618682,691.1588013072526,754.5145608484745
1706696618693,687.9131372868454,752.8507232666016
1706696618704,713.2349134632067,749.4470298290253
1706696618715,1040.7825145382878,805.188299715519
1706696618725,1204.5233381942285,836.4963337779045
1706696618736,1372.1628045728326,888.9017462730408
1706696618747,nan,nan
1706696618758,nan,nan
1706696618789,nan,nan
1706696618790,nan,nan
1706696618791,nan,nan
1706696618807,nan,nan
1706696618813,nan,nan
1706696618823,nan,nan
1706696618840,nan,nan
1706696618861,nan,nan
1706696618878,nan,nan
1706696618893,nan,nan
1706696618903,nan,nan
1706696618921,nan,nan
1706696618942,nan,nan
1706696618949,nan,nan
1706696618961,nan,nan
1706696618971,nan,nan
1706696618982,nan,nan
1706696618993,nan,nan
1706696619004,nan,nan
1706696619014,nan,nan
1706696619025,nan,nan
1706696619036,nan,nan
1706696619048,nan,nan
1706696619089,nan,nan
1706696619092,nan,nan
1706696619107,nan,nan
1706696619114,nan,nan
1706696619125,nan,nan
1706696619137,nan,nan
1706696619148,nan,nan
1706696619158,nan,nan
1706696619176,nan,nan
1706696619198,nan,nan
1706696619240,nan,nan
1706696619241,nan,nan
1706696619258,nan,nan
1706696619262,nan,nan
1706696619274,nan,nan
1706696619284,nan,nan
1706696619295,nan,nan
1706696619305,nan,nan
1706696619322,nan,nan
1706696619343,nan,nan
1706696619390,nan,nan
1706696619397,nan,nan
1706696619409,1441.2202972151088,862.5999614596367
1706696619421,1441.2202972151088,862.5999614596367
1706696619431,1441.2202972151088,862.5999614596367
1706696619442,1345.5198034035159,855.4199010133743
1706696619454,1345.5198034035159,855.4199010133743
1706696619466,1345.5198034035159,855.4199010133743
1706696619476,1388.39513157603,868.1245647370815
1706696619487,1380.7490805457815,866.0358317196369
1706696619498,1380.7490805457815,866.0358317196369
1706696619540,1371.7414546889206,870.0712695717812
1706696619544,1327.3697529825793,862.68145814538
1706696619556,1326.3130895871977,869.4981172680855
1706696619567,1329.0845651133568,869.7574429214001
1706696619577,1334.3535711466,867.5236240029335
1706696619588,1328.113273252093,870.8822444081306
1706696619599,1326.2019104292795,876.0701306164265
1706696619611,1315.3238989372257,884.8006948828697
1706696619621,1319.3293256476272,886.8272684514523
1706696619633,1316.1406307424907,887.2600771486759
1706696619644,1318.7330244367301,894.7392418980598
1706696619655,1314.450651828341,897.6867407560349
1706696619688,1342.295720949732,905.2519038319588
1706696619689,1360.8240090995123,902.2564440965652
1706696619705,1392.6598925323844,915.1700660586357
1706696619711,1394.0851679022387,919.2883595824242
1706696619722,1393.4932129509468,922.0969587564468
1706696619734,1395.2336437081049,922.9800164699554
1706696619744,1393.6729646947822,924.7872695326805
1706696619755,1393.3192247364534,924.2942690849304
1706696619767,1393.3055061851085,925.3374323248863
1706696619778,1391.7215790378737,929.4974580407143
1706696619788,1390.6166562950725,932.8100427985191
1706696619820,1392.004557984233,936.4969998598099
1706696619822,1389.6903409326706,941.1287635564804
1706696619837,1387.9531502934644,941.9532433152199
1706696619844,1389.674956196844,941.8311893939972
1706696619854,1386.9814643986124,947.0688059926033
1706696619866,1391.591565700696,944.5139691233635
1706696619876,1390.89480193473,944.7289437055588
1706696619887,1509.8220937801752,997.7766752243042
1706696619898,1578.752729177907,1034.7460746765137
1706696619908,1605.0581935211635,1038.2139518857002
1706696619919,nan,nan
1706696619931,nan,nan
1706696619951,nan,nan
1706696619973,nan,nan
1706696619974,nan,nan
1706696619975,nan,nan
1706696619991,nan,nan
1706696620005,nan,nan
1706696620022,nan,nan
1706696620034,nan,nan
1706696620045,nan,nan
1706696620054,nan,nan
1706696620067,nan,nan
1706696620078,nan,nan
1706696620088,nan,nan
1706696620123,nan,nan
1706696620124,nan,nan
1706696620139,nan,nan
1706696620145,nan,nan
1706696620155,nan,nan
1706696620167,nan,nan
1706696620178,nan,nan
1706696620188,nan,nan
1706696620200,nan,nan
1706696620211,nan,nan
1706696620221,nan,nan
1706696620232,nan,nan
1706696620253,nan,nan
1706696620272,nan,nan
1706696620273,nan,nan
1706696620277,nan,nan
1706696620292,nan,nan
1706696620299,nan,nan
1706696620310,nan,nan
1706696620321,nan,nan
1706696620333,nan,nan
1706696620343,nan,nan
1706696620354,nan,nan
1706696620366,nan,nan
1706696620405,nan,nan
1706696620411,nan,nan
1706696620421,nan,nan
1706696620435,nan,nan
1706696620444,nan,nan
1706696620454,nan,nan
1706696620466,nan,nan
1706696620477,nan,nan
1706696620487,nan,nan
1706696620499,nan,nan
1706696620511,nan,nan
1706696620520,nan,nan
1706696620556,nan,nan
1706696620557,nan,nan
1706696620572,nan,nan
1706696620579,nan,nan
1706696620589,nan,nan
1706696620599,nan,nan
1706696620611,nan,nan
1706696620621,nan,nan
1706696620632,nan,nan
1706696620644,nan,nan
1706696620654,nan,nan
1706696620696,nan,nan
1706696620699,nan,nan
1706696620711,nan,nan
1706696620721,nan,nan
1706696620732,nan,nan
1706696620744,nan,nan
1706696620754,nan,nan
1706696620766,nan,nan
1706696620777,nan,nan
1706696620787,nan,nan
1706696620799,nan,nan
1706696620820,nan,nan
1706696620843,nan,nan
1706696620860,nan,nan
1706696620866,nan,nan
1706696620877,nan,nan
1706696620888,nan,nan
1706696620900,nan,nan
1706696620910,nan,nan
1706696620920,nan,nan
1706696620932,nan,nan
1706696620943,nan,nan
1706696620974,nan,nan
1706696620975,nan,nan
1706696620977,nan,nan
1706696620992,nan,nan
1706696620999,nan,nan
1706696621010,nan,nan
1706696621020,nan,nan
1706696621032,nan,nan
1706696621044,nan,nan
1706696621053,nan,nan
1706696621066,nan,nan
1706696621077,nan,nan
1706696621087,nan,nan
1706696621105,nan,nan
1706696621124,nan,nan
1706696621125,nan,nan
1706696621141,nan,nan
1706696621144,nan,nan
1706696621154,nan,nan
1706696621166,nan,nan
1706696621177,nan,nan
1706696621187,nan,nan
1706696621199,nan,nan
1706696621211,nan,nan
1706696621220,nan,nan
1706696621232,nan,nan
1706696621274,nan,nan
1706696621275,nan,nan
1706696621277,nan,nan
1706696621291,nan,nan
1706696621299,nan,nan
1706696621310,nan,nan
1706696621320,nan,nan
1706696621332,nan,nan
1706696621344,nan,nan
1706696621354,nan,nan
1706696621366,nan,nan
1706696621377,nan,nan
1706696621388,nan,nan
1706696621424,nan,nan
1706696621425,nan,nan
1706696621441,nan,nan
1706696621451,nan,nan
1706696621467,nan,nan
1706696621478,nan,nan
1706696621489,nan,nan
1706696621500,nan,nan
1706696621511,nan,nan
1706696621522,nan,nan
1706696621534,nan,nan
1706696621545,nan,nan
1706696621577,nan,nan
1706696621578,nan,nan
1706696621595,nan,nan
1706696621610,nan,nan
1706696621626,nan,nan
1706696621637,nan,nan
1706696621649,1543.4406436443153,978.0119523406029
1706696621660,1543.4406436443153,978.0119523406029
1706696621671,1543.4406436443153,978.0119523406029
1706696621683,1520.1890169154253,990.9815475344658
1706696621722,1520.1890169154253,990.9815475344658
1706696621723,1520.1890169154253,990.9815475344658
1706696621726,nan,nan
1706696621738,nan,nan
1706696621748,nan,nan
1706696621760,1352.438390958399,1086.764544248581
1706696621771,1360.590428153344,1074.2651864886284
1706696621783,1327.5259006366925,1068.3307498693466
1706696621793,1316.7378687452972,1062.4938488006592
1706696621804,1309.8363403080793,1060.3035315871239
1706696621816,1299.564352066806,1064.2169013619423
1706696621826,1282.752631275424,1071.8494191765785
1706696621859,1282.752631275424,1071.8494191765785
1706696621860,1257.3917176835753,1045.2237993478775
1706696621876,1333.0563405404178,1062.8781870007515
1706696621884,1322.969868815902,1062.661598622799
1706696621896,1316.8113227484082,1061.1013412475586
1706696621905,1315.2610801140358,1062.084086239338
1706696621917,1254.5630365369932,1025.9047955274582
1706696621927,1067.467734092757,935.9411463141441
1706696621939,938.3116952934516,879.5694626867771
1706696621950,826.2736388249691,848.2756413519382
1706696621961,737.8861146975513,830.5698245763779
1706696621971,723.5541607931544,826.2052148580551
1706696622012,719.0635067439773,819.679194688797
1706696622013,705.3547643471813,815.8184856176376
1706696622016,700.0320841068775,811.4327408373356
1706696622028,698.0835170765677,811.7612615227699
1706696622038,694.5174045169765,812.0562605559826
1706696622049,691.8494967980585,807.963490486145
1706696622060,688.2357162060929,799.9335825443268
1706696622071,689.2374497824159,800.3867194056511
1706696622082,714.7231172379195,802.3270398378372
1706696622094,857.8811247323619,813.0500473082066
1706696622104,912.0451811034575,818.9341731369495
1706696622115,1015.7901295919979,829.3765641748905
1706696622125,nan,nan
1706696622157,nan,nan
1706696622158,nan,nan
1706696622174,nan,nan
1706696622181,nan,nan
1706696622192,nan,nan
1706696622203,nan,nan
1706696622214,nan,nan
1706696622224,nan,nan
1706696622235,nan,nan
1706696622246,nan,nan
1706696622258,nan,nan
1706696622269,nan,nan
1706696622308,nan,nan
1706696622309,nan,nan
1706696622313,nan,nan
1706696622326,nan,nan
1706696622336,nan,nan
1706696622347,nan,nan
1706696622357,nan,nan
1706696622369,nan,nan
1706696622379,nan,nan
1706696622391,nan,nan
1706696622402,nan,nan
1706696622443,nan,nan
1706696622444,nan,nan
1706696622446,nan,nan
1706696622460,nan,nan
1706696622468,nan,nan
1706696622481,nan,nan
1706696622491,nan,nan
1706696622502,nan,nan
1706696622513,nan,nan
1706696622524,nan,nan
1706696622535,nan,nan
1706696622546,nan,nan
1706696622558,nan,nan
1706696622592,nan,nan
1706696622593,nan,nan
1706696622602,nan,nan
1706696622613,nan,nan
1706696622627,nan,nan
1706696622636,nan,nan
1706696622646,nan,nan
1706696622658,nan,nan
1706696622669,nan,nan
1706696622680,nan,nan
1706696622691,nan,nan
1706696622703,nan,nan
1706696622740,nan,nan
1706696622746,nan,nan
1706696622758,nan,nan
1706696622770,nan,nan
1706696622780,1981.4912002412932,1154.4981569051743
1706696622790,1981.4912002412932,1154.4981569051743
1706696622802,1981.4912002412932,1154.4981569051743
1706696622813,1453.3226129972893,989.1340345144272
1706696622824,1423.538582958869,970.1694428920746
1706696622835,1423.538582958869,970.1694428920746
1706696622846,1401.8224747475294,956.5009325742722
1706696622857,nan,nan
1706696622892,1304.4719372375075,974.8219877481461
1706696622908,1405.8475034661717,975.816822052002
1706696622914,1396.8801697323663,977.8893887996674
1706696622925,1395.6410611860626,979.7779262065887
1706696622936,1397.7068374761964,975.5388528108597
1706696622947,1394.4862289074224,978.3776611089706
1706696622958,1397.7638896832498,981.6048562526703
1706696622968,1428.049079424453,983.0256193876266
1706696622981,1341.8345943924753,952.8148531913757
1706696622992,1176.8550753246582,898.2497572898865
1706696623029,1152.786868538327,901.911261677742
1706696623036,1112.3538104284517,898.8786846399307
1706696623047,1117.1710007934503,904.4078320264816
1706696623059,1111.997423410059,906.3157916069031
1706696623070,1135.4441381068098,903.4842312335968
1706696623081,1129.8567813300822,905.2520453929901
1706696623092,1132.0994635459242,905.984765291214
1706696623103,1128.0251787986003,917.8769677877426
1706696623114,1136.4236034567634,926.065593957901
1706696623126,1142.0061684131676,931.2296271324158
1706696623137,1141.191266160636,932.625475525856
1706696623158,1141.6691081388017,935.3829145431519
1706696623180,1146.1255866787033,936.0552161931992
1706696623181,1145.9409503292877,936.2855076789856
1706696623197,1155.4926935080687,934.2071652412415
1706696623204,1086.629329665472,909.7690880298615
1706696623215,849.1033236229989,804.6919867396355
1706696623224,849.1033236229989,804.6919867396355
1706696623235,772.7503642617332,765.887276828289
1706696623247,459.29608498461016,664.0771210193634
1706696623258,467.5015986976386,673.5414952039719
1706696623270,484.0917001627803,682.8423380851746
1706696623280,486.706006173778,688.7809082865715
1706696623292,491.80908066314055,688.8727813959122
1706696623311,493.7867522732869,690.2090042829514
1706696623331,502.33437380313734,697.3054304718971
1706696623332,507.59032441720797,700.845617055893
1706696623336,505.7382749827101,699.8045489192009
1706696623348,514.8257630808482,700.4070326685905
1706696623359,519.6181646859902,704.5560732483864
1706696623370,516.3716873069459,703.0408322811127
1706696623381,517.1482492246809,709.8647251725197
1706696623392,527.3544499907807,712.519221007824
1706696623403,535.0313620471852,717.8693503141403
1706696623414,541.9605536159297,723.1720849871635
1706696623425,531.1625377122505,720.3005194664001
1706696623437,541.6004569583686,735.2331131696701
1706696623458,584.6420200948639,773.9496305584908
1706696623478,584.6420200948639,773.9496305584908
1706696623480,569.4052440675889,743.0939123034477
1706696623496,569.4052440675889,743.0939123034477
1706696623504,569.4052440675889,743.0939123034477
1706696623513,nan,nan
1706696623524,nan,nan
1706696623535,nan,nan
1706696623546,nan,nan
1706696623557,nan,nan
1706696623568,nan,nan
1706696623579,nan,nan
1706696623591,nan,nan
1706696623627,nan,nan
1706696623628,nan,nan
1706696623647,nan,nan
1706696623661,nan,nan
1706696623671,nan,nan
1706696623681,nan,nan
1706696623693,nan,nan
1706696623704,nan,nan
1706696623714,nan,nan
1706696623727,nan,nan
1706696623738,nan,nan
1706696623757,nan,nan
1706696623778,nan,nan
1706696623779,nan,nan
1706696623781,nan,nan
1706696623797,nan,nan
1706696623805,nan,nan
1706696623815,nan,nan
1706696623826,nan,nan
1706696623837,nan,nan
1706696623847,nan,nan
1706696623859,nan,nan
1706696623871,nan,nan
1706696623881,nan,nan
1706696623893,nan,nan
1706696623926,nan,nan
1706696623927,nan,nan
1706696623943,nan,nan
1706696623949,nan,nan
1706696623961,nan,nan
1706696623971,nan,nan
1706696623982,nan,nan
1706696623994,nan,nan
1706696624004,nan,nan
1706696624014,nan,nan
1706696624026,nan,nan
1706696624037,nan,nan
1706696624077,nan,nan
1706696624081,nan,nan
1706696624094,nan,nan
1706696624104,nan,nan
1706696624114,nan,nan
1706696624126,nan,nan
1706696624137,nan,nan
1706696624148,nan,nan
1706696624160,nan,nan
1706696624171,nan,nan
1706696624181,nan,nan
1706696624192,nan,nan
1706696624226,nan,nan
1706696624243,nan,nan
1706696624247,nan,nan
1706696624259,nan,nan
1706696624271,nan,nan
1706696624281,nan,nan
1706696624292,nan,nan
1706696624304,nan,nan
1706696624314,nan,nan
1706696624326,nan,nan
1706696624338,nan,nan
1706696624376,nan,nan
1706696624377,nan,nan
1706696624381,nan,nan
1706696624396,nan,nan
1706696624405,nan,nan
1706696624415,nan,nan
1706696624427,nan,nan
1706696624438,nan,nan
1706696624448,nan,nan
1706696624459,nan,nan
1706696624471,nan,nan
1706696624481,nan,nan
1706696624493,nan,nan
1706696624525,nan,nan
1706696624526,nan,nan
1706696624541,nan,nan
1706696624548,nan,nan
1706696624560,nan,nan
1706696624571,nan,nan
1706696624580,nan,nan
1706696624592,nan,nan
1706696624604,nan,nan
1706696624614,nan,nan
1706696624625,nan,nan
1706696624637,nan,nan
1706696624677,nan,nan
1706696624680,nan,nan
1706696624693,nan,nan
1706696624704,nan,nan
1706696624714,nan,nan
1706696624726,nan,nan
1706696624737,nan,nan
1706696624748,nan,nan
1706696624760,nan,nan
1706696624771,nan,nan
1706696624781,nan,nan
1706696624793,nan,nan
1706696624825,nan,nan
1706696624826,nan,nan
1706696624841,nan,nan
1706696624847,nan,nan
1706696624860,nan,nan
1706696624871,nan,nan
1706696624881,nan,nan
1706696624893,nan,nan
1706696624904,nan,nan
1706696624914,nan,nan
1706696624926,nan,nan
1706696624938,nan,nan
1706696624977,nan,nan
1706696624980,nan,nan
1706696624994,nan,nan
1706696625003,nan,nan
1706696625014,nan,nan
1706696625026,nan,nan
1706696625037,nan,nan
1706696625046,nan,nan
1706696625059,nan,nan
1706696625071,nan,nan
1706696625080,nan,nan
1706696625093,nan,nan
1706696625124,nan,nan
1706696625126,nan,nan
1706696625140,nan,nan
1706696625147,nan,nan
1706696625159,nan,nan
1706696625178,nan,nan
1706696625193,nan,nan
1706696625204,nan,nan
1706696625215,nan,nan
1706696625227,nan,nan
1706696625238,nan,nan
1706696625278,nan,nan
1706696625279,nan,nan
1706696625281,nan,nan
1706696625301,nan,nan
1706696625318,nan,nan
1706696625336,nan,nan
1706696625352,nan,nan
1706696625365,1648.8701263607607,1104.7001287341118
1706696625375,1577.4570162345726,1084.770855307579
1706696625387,1593.1567152569849,1083.1581071019173
1706696625426,1595.882681175986,1081.381119787693
1706696625431,1606.3684001163745,1067.7893921732903
1706696625442,1530.9879362376216,1069.1213682293892
1706696625454,1371.3997476157006,1070.8419010043144
1706696625464,1303.8704861191445,1063.5198548436165
1706696625475,1192.3216919503143,1066.674004495144
1706696625486,1231.777933929885,1056.1997905373573
1706696625498,1249.3487212932714,1058.8934421539307
1706696625509,1246.7921200452224,1062.9654735326767
1706696625520,1250.367020121792,1060.782913863659
