timestamp,x,y
1706696589567,0.4882601946592331,0.5466123819351196
1706696589578,0.48747090995311737,0.5448816120624542
1706696589589,0.4874404966831207,0.5472924709320068
1706696589601,0.4878327399492264,0.5495348274707794
1706696589636,0.4872533977031708,0.5467812716960907
1706696589659,0.4799566864967346,0.5611839592456818
1706696589660,0.47797130048274994,0.5696569681167603
1706696589667,0.4756350964307785,0.5787286758422852
1706696589679,0.47619596123695374,0.5813159346580505
1706696589689,0.4762292504310608,0.5845173001289368
1706696589701,0.4767957627773285,0.5831376016139984
1706696589711,0.47804220020771027,0.5810151696205139
1706696589723,0.4764440357685089,0.5810581147670746
1706696589734,0.47471462190151215,0.5877125561237335
1706696589745,0.4731185734272003,0.5884403586387634
1706696589756,0.47380781173706055,0.5904505848884583
1706696589795,0.4740523099899292,0.5918519198894501
1706696589796,0.4749950170516968,0.5956025123596191
1706696589801,0.47310107946395874,0.5917928218841553
1706696589816,0.4702209383249283,0.5875034630298615
1706696589823,0.4787004292011261,0.5914191603660583
1706696589834,0.4997747093439102,0.5985564291477203
1706696589845,0.5328178107738495,0.6093155145645142
1706696589856,0.5395745635032654,0.6148982048034668
1706696589868,0.537368506193161,0.6138359010219574
1706696589879,0.5374050438404083,0.6166689991950989
1706696589890,0.5378978252410889,0.6191957890987396
1706696589901,0.5367410480976105,0.6240539848804474
1706696589911,0.5377625226974487,0.6259856522083282
1706696589922,0.5371136963367462,0.6187754273414612
1706696589958,0.5224224328994751,0.6010996699333191
1706696589960,0.45248350501060486,0.4961742013692856
1706696589967,0.3233102560043335,0.2898443639278412
1706696589978,0.24952978640794754,0.20568940788507462
1706696589990,0.2312612533569336,0.18743965029716492
1706696590000,0.2235509604215622,0.18445166945457458
1706696590011,0.22351137548685074,0.18310972303152084
1706696590022,0.22172263264656067,0.18009568750858307
1706696590034,0.2218146100640297,0.179851695895195
1706696590045,0.22108321636915207,0.18573592603206635
1706696590056,0.22030138224363327,0.1850322037935257
1706696590067,0.21930168569087982,0.1841495782136917
1706696590103,0.21979229152202606,0.17653367668390274
1706696590105,0.2198646515607834,0.17700619995594025
1706696590112,0.21724584698677063,0.17754261940717697
1706696590123,0.21605776995420456,0.17629577964544296
1706696590135,0.21454977244138718,0.16910958290100098
1706696590145,0.21767490357160568,0.17529302090406418
1706696590156,0.2183239534497261,0.17838475108146667
1706696590167,0.21836871653795242,0.1822233870625496
1706696590178,0.21441906690597534,0.17203067243099213
1706696590190,0.2147756665945053,0.15203968435525894
1706696590201,0.21453651040792465,0.13448849320411682
1706696590212,0.21527153998613358,0.12078891322016716
1706696590223,0.21395175904035568,0.12466561049222946
1706696590269,0.21311672031879425,0.12962207198143005
1706696590270,0.21219602227210999,0.1290881410241127
1706696590278,0.21487713605165482,0.12120260298252106
1706696590289,0.2150239199399948,0.12075846269726753
1706696590301,0.21445641666650772,0.11835228279232979
1706696590311,0.21272920072078705,0.11464643850922585
1706696590322,0.21236715465784073,0.117899339646101
1706696590334,0.21271362900733948,0.11704092845320702
1706696590345,0.2399352863430977,0.11823951080441475
1706696590356,0.2761136367917061,0.11195112392306328
1706696590367,0.32513001561164856,0.1086130402982235
1706696590378,0.37498730421066284,0.11019628494977951
1706696590416,0.3835195004940033,0.11158494651317596
1706696590417,0.38743452727794647,0.10731089115142822
1706696590423,0.390807569026947,0.1054556556046009
1706696590434,0.3890375941991806,0.11135165765881538
1706696590446,0.38978928327560425,0.11247672140598297
1706696590456,0.3906189948320389,0.11399909853935242
1706696590467,0.3912972956895828,0.11204234138131142
1706696590478,0.39147938787937164,0.11163313686847687
1706696590490,0.3914516121149063,0.11167847365140915
1706696590500,0.39099128544330597,0.11040597781538963
1706696590511,0.39074403047561646,0.10957861691713333
1706696590522,0.4067173898220062,0.10705002397298813
1706696590534,0.45142441987991333,0.1023038774728775
1706696590567,0.5338120460510254,0.0881876740604639
1706696590568,0.5704811811447144,0.08232853189110756
1706696590584,0.5953460931777954,0.07765964418649673
1706696590590,0.5978819131851196,0.08134560100734234
1706696590601,0.5991565883159637,0.08529294468462467
1706696590612,0.5993859767913818,0.08641902357339859
1706696590623,0.5961216986179352,0.08586239255964756
1706696590634,0.5951633751392365,0.08181476034224033
1706696590645,0.5965752601623535,0.08642966113984585
1706696590656,0.5989145636558533,0.08461986295878887
1706696590667,0.5994442701339722,0.08531250059604645
1706696590678,0.5980968773365021,0.08831686526536942
1706696590712,0.5987747311592102,0.08916717767715454
1706696590713,0.5981809198856354,0.08765436336398125
1706696590722,0.5986686646938324,0.08754738420248032
1706696590733,0.5994998812675476,0.09162503108382225
1706696590745,0.5995549559593201,0.08846515044569969
1706696590756,0.5856757164001465,0.12999437004327774
1706696590767,0.5559330880641937,0.22303049266338348
1706696590778,0.5044093877077103,0.3749648183584213
1706696590789,0.48629485070705414,0.47140882909297943
1706696590800,0.47762203216552734,0.5300833582878113
1706696590811,0.470750629901886,0.5873032510280609
1706696590823,0.47151948511600494,0.5855620205402374
1706696590834,0.4707576483488083,0.5931544899940491
1706696590866,0.4711799621582031,0.596120297908783
1706696590867,0.46909521520137787,0.5937382876873016
1706696590884,0.4695466458797455,0.5897621512413025
1706696590888,0.4694152772426605,0.5930293500423431
1706696590899,0.4683356136083603,0.5965276956558228
1706696590910,0.4672258794307709,0.6008070111274719
1706696590921,0.4689522385597229,0.5994350016117096
1706696590933,0.4683001637458801,0.5984729826450348
1706696590944,0.46747276186943054,0.6002351641654968
1706696590955,0.4652235507965088,0.6006252765655518
1706696590966,0.46620161831378937,0.6022100746631622
1706696590977,0.4677455276250839,0.6001451015472412
1706696591019,0.4687357544898987,0.6004275381565094
1706696591020,0.46748465299606323,0.6042246222496033
1706696591022,0.466801717877388,0.6110798418521881
1706696591038,0.46703924238681793,0.6093170046806335
1706696591045,0.46637244522571564,0.607694536447525
1706696591056,0.4665098786354065,0.6044812798500061
1706696591066,0.46562016010284424,0.6061826348304749
1706696591077,0.4668164402246475,0.6090110540390015
1706696591088,0.46681658923625946,0.6136201024055481
1706696591100,0.467668280005455,0.6142252683639526
1706696591111,0.4660548120737076,0.6118110716342926
1706696591122,0.468681737780571,0.6140346229076385
1706696591133,0.46837329864501953,0.6123838424682617
1706696591168,0.46780309081077576,0.6122230589389801
1706696591169,0.46646547317504883,0.6111354827880859
1706696591177,0.4657011777162552,0.6172396242618561
1706696591188,0.4653519541025162,0.6195784211158752
1706696591202,0.4652988910675049,0.6239442527294159
1706696591211,0.46618126332759857,0.6267116069793701
1706696591221,0.4655185341835022,0.6255870759487152
1706696591233,0.4671786427497864,0.6221881806850433
1706696591244,0.4656717926263809,0.6201937794685364
1706696591255,0.46629659831523895,0.6195782124996185
1706696591266,0.4650021344423294,0.6202294230461121
1706696591277,0.46727047860622406,0.6211642920970917
1706696591288,0.4673522710800171,0.6206574738025665
1706696591306,0.46095268428325653,0.6307193636894226
1706696591326,0.4150386303663254,0.6258336305618286
1706696591334,0.25037147104740143,0.6025835275650024
1706696591347,0.19781439751386642,0.6064492464065552
1706696591355,0.17625942826271057,0.601437121629715
1706696591367,0.17029307782649994,0.5985676646232605
1706696591377,0.16968777030706406,0.5965479016304016
1706696591388,0.16673093289136887,0.596537709236145
1706696591400,0.1658690944314003,0.5907084047794342
1706696591411,0.16086486726999283,0.5876666307449341
1706696591422,0.159902423620224,0.5891317129135132
1706696591434,0.15846513956785202,0.5955030620098114
1706696591444,0.15693818777799606,0.5947145223617554
1706696591489,0.15655677765607834,0.5928865075111389
1706696591490,0.15831885486841202,0.5898140072822571
1706696591501,0.15570799261331558,0.5840720534324646
1706696591514,0.15486429631710052,0.5867540240287781
1706696591522,0.15437021851539612,0.5870216488838196
1706696591538,0.15658888965845108,0.5905924141407013
1706696591545,0.155324786901474,0.589149534702301
1706696591555,0.15068768709897995,0.5882222354412079
1706696591566,0.14917005598545074,0.5849407613277435
1706696591577,0.1495404690504074,0.5830709934234619
1706696591588,0.15697339177131653,0.5784375071525574
1706696591599,0.1617526262998581,0.5771984755992889
1706696591611,0.16997890174388885,0.5748920142650604
1706696591659,0.17029500752687454,0.5748394727706909
1706696591660,0.17123325169086456,0.5726255774497986
1706696591666,0.16782186925411224,0.565723717212677
1706696591682,0.1698767989873886,0.5674965381622314
1706696591688,0.17106162756681442,0.5680459439754486
1706696591701,0.16714266687631607,0.5624813139438629
1706696591710,0.25159360095858574,0.6015434861183167
1706696591720,0.5113227963447571,0.7293216586112976
1706696591731,0.5113227963447571,0.7293216586112976
1706696591742,nan,nan
1706696591753,nan,nan
1706696591764,nan,nan
1706696591775,nan,nan
1706696591786,nan,nan
1706696591826,nan,nan
1706696591827,nan,nan
1706696591830,nan,nan
1706696591846,nan,nan
1706696591854,nan,nan
1706696591865,nan,nan
1706696591874,nan,nan
1706696591886,nan,nan
1706696591897,nan,nan
1706696591908,nan,nan
1706696591919,nan,nan
1706696591930,nan,nan
1706696591940,nan,nan
1706696591951,nan,nan
1706696591989,nan,nan
1706696591990,nan,nan
1706696591996,nan,nan
1706696592013,nan,nan
1706696592017,nan,nan
1706696592036,nan,nan
1706696592054,nan,nan
1706696592065,nan,nan
1706696592076,nan,nan
1706696592088,nan,nan
1706696592099,nan,nan
1706696592109,nan,nan
1706696592148,nan,nan
1706696592149,nan,nan
1706696592154,nan,nan
1706696592165,nan,nan
1706696592175,nan,nan
1706696592187,nan,nan
1706696592198,nan,nan
1706696592208,nan,nan
1706696592220,nan,nan
1706696592231,nan,nan
1706696592241,nan,nan
1706696592254,nan,nan
1706696592295,nan,nan
1706696592296,nan,nan
1706696592299,nan,nan
1706696592315,nan,nan
1706696592321,nan,nan
1706696592333,nan,nan
1706696592342,nan,nan
1706696592354,nan,nan
1706696592365,nan,nan
1706696592375,nan,nan
1706696592387,nan,nan
1706696592399,nan,nan
1706696592409,nan,nan
1706696592421,nan,nan
1706696592458,nan,nan
1706696592460,nan,nan
1706696592462,nan,nan
1706696592478,nan,nan
1706696592490,nan,nan
1706696592500,nan,nan
1706696592511,nan,nan
1706696592522,nan,nan
1706696592534,0.5013164281845093,0.5599130988121033
1706696592545,0.5013164281845093,0.5599130988121033
1706696592555,0.5013164281845093,0.5599130988121033
1706696592567,0.501624345779419,0.5355665683746338
1706696592604,0.4919670522212982,0.5001606345176697
1706696592605,0.4856908619403839,0.4987095296382904
1706696592611,0.49130386114120483,0.48371028900146484
1706696592622,0.49059027433395386,0.482424795627594
1706696592634,0.4894265830516815,0.48749208450317383
1706696592643,0.48720791935920715,0.48801249265670776
1706696592654,0.4848017394542694,0.49102088809013367
1706696592666,0.48424720764160156,0.48997926712036133
1706696592677,0.4682922661304474,0.5091778039932251
1706696592688,0.4642179012298584,0.5189478993415833
1706696592699,0.4584035575389862,0.524910569190979
1706696592710,0.4550018310546875,0.5201612114906311
1706696592756,0.45358386635780334,0.5189183354377747
1706696592757,0.4822963625192642,0.5473397970199585
1706696592768,0.4684632420539856,0.5477048754692078
1706696592780,0.46924257278442383,0.5493965744972229
1706696592790,0.46947190165519714,0.5513594448566437
1706696592802,0.46716876327991486,0.5571293234825134
1706696592813,0.46720825135707855,0.5621972680091858
1706696592823,0.46675318479537964,0.5644956827163696
1706696592834,0.46775782108306885,0.5617698431015015
1706696592845,0.4663182944059372,0.5622541606426239
1706696592857,0.4749472588300705,0.5680679976940155
1706696592868,0.4999832212924957,0.5703186392784119
1706696592878,0.5281956493854523,0.5842195153236389
1706696592896,0.6856475472450256,0.6086352467536926
1706696592923,nan,nan
1706696592924,nan,nan
1706696592939,nan,nan
1706696592944,nan,nan
1706696592955,nan,nan
1706696592966,nan,nan
1706696592976,nan,nan
1706696592986,nan,nan
1706696593006,nan,nan
1706696593051,nan,nan
1706696593052,nan,nan
1706696593057,nan,nan
1706696593071,nan,nan
1706696593078,nan,nan
1706696593090,nan,nan
1706696593101,nan,nan
1706696593111,nan,nan
1706696593123,nan,nan
1706696593135,nan,nan
1706696593145,nan,nan
1706696593157,nan,nan
1706696593168,nan,nan
1706696593200,nan,nan
1706696593201,nan,nan
1706696593216,nan,nan
1706696593224,nan,nan
1706696593236,nan,nan
1706696593245,nan,nan
1706696593257,nan,nan
1706696593268,nan,nan
1706696593278,nan,nan
1706696593290,nan,nan
1706696593302,nan,nan
1706696593312,nan,nan
1706696593333,nan,nan
1706696593354,nan,nan
1706696593355,nan,nan
1706696593357,nan,nan
1706696593372,nan,nan
1706696593379,nan,nan
1706696593390,nan,nan
1706696593402,nan,nan
1706696593412,nan,nan
1706696593423,nan,nan
1706696593435,nan,nan
1706696593445,nan,nan
1706696593456,nan,nan
1706696593469,nan,nan
1706696593502,nan,nan
1706696593512,nan,nan
1706696593523,nan,nan
1706696593537,nan,nan
1706696593545,nan,nan
1706696593557,nan,nan
1706696593568,nan,nan
1706696593578,nan,nan
1706696593590,nan,nan
1706696593602,nan,nan
1706696593611,nan,nan
1706696593649,nan,nan
1706696593650,nan,nan
1706696593657,nan,nan
1706696593668,nan,nan
1706696593680,nan,nan
1706696593690,nan,nan
1706696593701,nan,nan
1706696593712,nan,nan
1706696593724,nan,nan
1706696593735,nan,nan
1706696593745,nan,nan
1706696593785,nan,nan
1706696593786,nan,nan
1706696593787,nan,nan
1706696593790,nan,nan
1706696593802,nan,nan
1706696593811,nan,nan
1706696593823,nan,nan
1706696593834,nan,nan
1706696593844,nan,nan
1706696593856,nan,nan
1706696593868,nan,nan
1706696593877,nan,nan
1706696593890,nan,nan
1706696593901,nan,nan
1706696593936,nan,nan
1706696593937,nan,nan
1706696593952,nan,nan
1706696593957,nan,nan
1706696593969,nan,nan
1706696593978,nan,nan
1706696593990,nan,nan
1706696594001,nan,nan
1706696594011,nan,nan
1706696594023,nan,nan
1706696594034,nan,nan
1706696594044,nan,nan
1706696594085,nan,nan
1706696594086,nan,nan
1706696594089,nan,nan
1706696594102,nan,nan
1706696594111,nan,nan
1706696594123,nan,nan
1706696594134,nan,nan
1706696594144,nan,nan
1706696594156,nan,nan
1706696594168,nan,nan
1706696594178,nan,nan
1706696594189,nan,nan
1706696594201,nan,nan
1706696594232,nan,nan
1706696594233,nan,nan
1706696594234,nan,nan
1706696594250,nan,nan
1706696594257,nan,nan
1706696594268,nan,nan
1706696594278,nan,nan
1706696594290,nan,nan
1706696594301,nan,nan
1706696594311,nan,nan
1706696594324,nan,nan
1706696594334,nan,nan
1706696594345,nan,nan
1706696594382,nan,nan
1706696594383,nan,nan
1706696594390,nan,nan
1706696594400,nan,nan
1706696594412,nan,nan
1706696594422,nan,nan
1706696594434,nan,nan
1706696594444,nan,nan
1706696594456,nan,nan
1706696594467,nan,nan
1706696594477,nan,nan
1706696594519,nan,nan
1706696594523,nan,nan
1706696594534,nan,nan
1706696594544,nan,nan
1706696594556,nan,nan
1706696594568,nan,nan
1706696594577,nan,nan
1706696594590,nan,nan
1706696594601,nan,nan
1706696594610,nan,nan
1706696594623,nan,nan
1706696594635,nan,nan
1706696594667,nan,nan
1706696594668,nan,nan
1706696594683,nan,nan
1706696594690,nan,nan
1706696594702,nan,nan
1706696594711,nan,nan
1706696594723,nan,nan
1706696594742,nan,nan
1706696594757,nan,nan
1706696594768,nan,nan
1706696594778,nan,nan
1706696594817,nan,nan
1706696594818,nan,nan
1706696594823,nan,nan
1706696594834,nan,nan
1706696594847,nan,nan
1706696594856,nan,nan
1706696594866,nan,nan
1706696594884,nan,nan
1706696594905,nan,nan
1706696594921,nan,nan
1706696594938,nan,nan
1706696594980,nan,nan
1706696594981,nan,nan
1706696594982,nan,nan
1706696594997,nan,nan
1706696595005,nan,nan
1706696595018,0.48358258605003357,0.6030780375003815
1706696595028,0.48963890969753265,0.6107034683227539
1706696595039,0.4833119511604309,0.6150376200675964
1706696595050,0.48157308995723724,0.6127864122390747
1706696595062,0.480714350938797,0.6106108725070953
1706696595073,0.4826364815235138,0.6062483787536621
1706696595084,0.48170627653598785,0.6016474068164825
1706696595123,0.48120200634002686,0.6028459072113037
1706696595129,0.479777455329895,0.5993098616600037
1706696595140,0.47938597202301025,0.5977207124233246
1706696595150,0.4783891290426254,0.5977671444416046
1706696595161,0.4759352058172226,0.5952379107475281
1706696595172,0.47847147285938263,0.5923129022121429
1706696595183,0.48004089295864105,0.5901384651660919
1706696595194,0.48087331652641296,0.5863651037216187
1706696595205,0.4779740869998932,0.5903062224388123
1706696595216,0.4783273786306381,0.5890445411205292
1706696595228,0.4768300801515579,0.5938059091567993
1706696595270,0.48096810281276703,0.5901096165180206
1706696595272,0.4737277030944824,0.6209525763988495
1706696595287,0.4635705351829529,0.660497635602951
1706696595294,0.4602308124303818,0.6703727841377258
1706696595306,0.461156502366066,0.669563502073288
1706696595317,0.4632756859064102,0.6725679934024811
1706696595328,0.4630272537469864,0.6695701777935028
1706696595339,0.4406314343214035,0.6616578996181488
1706696595349,0.385460302233696,0.6511003375053406
1706696595360,0.33827896416187286,0.6479770541191101
1706696595372,0.16287901997566223,0.5970640182495117
1706696595383,0.1316206492483616,0.602571964263916
1706696595418,0.13145024329423904,0.5982280969619751
1706696595419,0.12957043573260307,0.6069958806037903
1706696595434,0.12760242074728012,0.6033240854740143
1706696595440,0.12633579224348068,0.6044003367424011
1706696595451,0.12320894375443459,0.5967432856559753
1706696595462,0.12239894643425941,0.5984806716442108
1706696595473,0.12167350575327873,0.5948165655136108
1706696595484,0.12148234993219376,0.5963258445262909
1706696595495,0.11988960579037666,0.5978636741638184
1706696595506,0.12133054435253143,0.5977944433689117
1706696595517,0.11807304620742798,0.5927386283874512
1706696595527,0.11602705717086792,0.5875662267208099
1706696595539,0.11417916044592857,0.586212158203125
1706696595583,0.11492070183157921,0.5884403884410858
1706696595584,0.11502109467983246,0.5883539021015167
1706696595585,0.11173652857542038,0.5900143980979919
1706696595601,0.11253372579813004,0.5911038815975189
1706696595605,0.14523371309041977,0.6047549843788147
1706696595616,0.2615804225206375,0.6244256794452667
1706696595627,0.34390242397785187,0.6545251309871674
1706696595637,0.39460447430610657,0.6524976789951324
1706696595648,0.5907971858978271,0.7584022879600525
1706696595659,nan,nan
1706696595670,nan,nan
1706696595681,nan,nan
1706696595722,nan,nan
1706696595723,nan,nan
1706696595725,nan,nan
1706696595741,nan,nan
1706696595747,nan,nan
1706696595758,nan,nan
1706696595769,nan,nan
1706696595780,nan,nan
1706696595792,nan,nan
1706696595803,nan,nan
1706696595814,nan,nan
1706696595825,nan,nan
1706696595836,nan,nan
1706696595876,nan,nan
1706696595877,nan,nan
1706696595894,nan,nan
1706696595911,nan,nan
1706696595926,nan,nan
1706696595937,nan,nan
1706696595948,nan,nan
1706696595960,nan,nan
1706696595971,nan,nan
1706696595982,nan,nan
1706696596021,nan,nan
1706696596022,nan,nan
1706696596026,nan,nan
1706696596040,nan,nan
1706696596049,nan,nan
1706696596060,nan,nan
1706696596071,nan,nan
1706696596083,nan,nan
1706696596093,nan,nan
1706696596105,0.5700252652168274,0.6715235114097595
1706696596116,0.5700252652168274,0.6715235114097595
1706696596127,0.5700252652168274,0.6715235114097595
1706696596138,0.5097602605819702,0.6204942464828491
1706696596169,0.5097602605819702,0.6204942464828491
1706696596171,0.5097602605819702,0.6204942464828491
1706696596172,0.5240808725357056,0.6037059426307678
1706696596187,0.5240808725357056,0.6037059426307678
1706696596194,0.5240808725357056,0.6037059426307678
1706696596206,0.524088978767395,0.6025263667106628
1706696596216,0.5081571936607361,0.5813853144645691
1706696596228,0.4981936514377594,0.5812179446220398
1706696596239,0.49800726771354675,0.5771424770355225
1706696596251,0.4960910975933075,0.5776872038841248
1706696596262,0.4957292973995209,0.6066122651100159
1706696596273,0.5142167806625366,0.6030494272708893
1706696596284,0.5158573687076569,0.6018165647983551
1706696596320,0.512833446264267,0.601317822933197
1706696596338,0.48547810316085815,0.6176206469535828
1706696596340,0.47535768151283264,0.6179511547088623
1706696596353,0.4778907299041748,0.61900195479393
1706696596362,0.47547389566898346,0.618732213973999
1706696596373,0.47304412722587585,0.6263915598392487
1706696596385,0.47360335290431976,0.6258138716220856
1706696596396,0.4743114113807678,0.6263047158718109
1706696596407,0.47385233640670776,0.6290348172187805
1706696596418,0.4735056906938553,0.6290088295936584
1706696596454,0.47585660219192505,0.632357656955719
1706696596455,0.47706951200962067,0.6295694708824158
1706696596469,0.4769555777311325,0.6371487677097321
1706696596473,0.47604653239250183,0.6370867192745209
1706696596486,0.47628065943717957,0.634993851184845
1706696596496,0.47790515422821045,0.6363481879234314
1706696596507,0.4764787256717682,0.6397223770618439
1706696596518,0.4773529917001724,0.6432705819606781
1706696596529,0.47800756990909576,0.6450774371623993
1706696596540,0.4771201014518738,0.6451807916164398
1706696596551,0.47442173957824707,0.6469146013259888
1706696596563,0.47471319139003754,0.6455239653587341
1706696596601,0.4736935794353485,0.64830482006073
1706696596602,0.47470661997795105,0.650702714920044
1706696596606,0.47422534227371216,0.6526584327220917
1706696596617,0.4750417321920395,0.6523385047912598
1706696596630,0.47637006640434265,0.6530055403709412
1706696596640,0.47583141922950745,0.6510559618473053
1706696596651,0.47535786032676697,0.6525862514972687
1706696596662,0.47555921971797943,0.6520413458347321
1706696596673,0.47781406342983246,0.6572075188159943
1706696596684,0.4786973297595978,0.6585519015789032
1706696596696,0.47943587601184845,0.6588934361934662
1706696596707,0.478905588388443,0.6567133367061615
1706696596739,0.47876669466495514,0.6559120118618011
1706696596740,0.47863154113292694,0.6548139750957489
1706696596756,0.49635137617588043,0.6719185709953308
1706696596761,0.5169512331485748,0.6856201589107513
1706696596773,0.5370427370071411,0.7078105211257935
1706696596782,0.6416056752204895,0.7368500828742981
1706696596793,nan,nan
1706696596804,nan,nan
1706696596815,nan,nan
1706696596826,nan,nan
1706696596837,nan,nan
1706696596848,nan,nan
1706696596868,nan,nan
1706696596891,nan,nan
1706696596892,nan,nan
1706696596908,nan,nan
1706696596927,nan,nan
1706696596939,nan,nan
1706696596949,nan,nan
1706696596961,nan,nan
1706696596973,nan,nan
1706696596982,nan,nan
1706696597022,nan,nan
1706696597023,nan,nan
1706696597028,nan,nan
1706696597041,nan,nan
1706696597049,nan,nan
1706696597061,nan,nan
1706696597073,nan,nan
1706696597082,nan,nan
1706696597095,nan,nan
1706696597106,nan,nan
1706696597116,nan,nan
1706696597128,nan,nan
1706696597139,nan,nan
1706696597173,nan,nan
1706696597174,nan,nan
1706696597183,nan,nan
1706696597195,nan,nan
1706696597206,nan,nan
1706696597216,nan,nan
1706696597229,nan,nan
1706696597246,nan,nan
1706696597261,nan,nan
1706696597272,nan,nan
1706696597282,nan,nan
1706696597319,nan,nan
1706696597320,nan,nan
1706696597327,nan,nan
1706696597337,nan,nan
1706696597355,nan,nan
1706696597375,nan,nan
1706696597384,nan,nan
1706696597397,nan,nan
1706696597408,nan,nan
1706696597418,nan,nan
1706696597430,nan,nan
1706696597451,nan,nan
1706696597471,nan,nan
1706696597475,nan,nan
1706696597488,nan,nan
1706696597496,nan,nan
1706696597508,nan,nan
1706696597517,nan,nan
1706696597529,nan,nan
1706696597540,nan,nan
1706696597551,nan,nan
1706696597563,nan,nan
1706696597606,nan,nan
1706696597607,nan,nan
1706696597623,nan,nan
1706696597629,nan,nan
1706696597641,nan,nan
1706696597651,nan,nan
1706696597663,nan,nan
1706696597674,nan,nan
1706696597685,nan,nan
1706696597696,nan,nan
1706696597707,nan,nan
1706696597719,nan,nan
1706696597753,nan,nan
1706696597754,nan,nan
1706696597770,nan,nan
1706696597774,nan,nan
1706696597786,nan,nan
1706696597797,nan,nan
1706696597807,nan,nan
1706696597819,nan,nan
1706696597831,nan,nan
1706696597841,nan,nan
1706696597851,nan,nan
1706696597863,nan,nan
1706696597903,nan,nan
1706696597904,nan,nan
1706696597907,nan,nan
1706696597920,nan,nan
1706696597931,nan,nan
1706696597948,nan,nan
1706696597964,nan,nan
1706696597973,nan,nan
1706696597984,nan,nan
1706696597996,nan,nan
1706696598007,nan,nan
1706696598018,nan,nan
1706696598053,nan,nan
1706696598054,nan,nan
1706696598071,nan,nan
1706696598089,nan,nan
1706696598106,nan,nan
1706696598122,nan,nan
1706696598135,nan,nan
1706696598145,0.37432026863098145,0.6699094176292419
1706696598156,0.3764684349298477,0.6591371297836304
1706696598175,0.3764684349298477,0.6591371297836304
1706696598195,0.38299889862537384,0.6623390018939972
1706696598196,0.3823142647743225,0.6674169600009918
1706696598201,0.3823142647743225,0.6674169600009918
1706696598213,0.38430871069431305,0.6663303673267365
1706696598222,0.3824073076248169,0.6655447781085968
1706696598233,0.3824073076248169,0.6655447781085968
1706696598245,0.39412760734558105,0.6693034172058105
1706696598256,0.38255710899829865,0.6371040642261505
1706696598267,0.3874735087156296,0.6426226794719696
1706696598278,0.38682082295417786,0.6469589173793793
1706696598290,0.38587334752082825,0.6491856276988983
1706696598301,0.3871472328901291,0.649398684501648
1706696598336,0.38711701333522797,0.6480937898159027
1706696598337,0.3882918804883957,0.6472714245319366
1706696598353,0.38720618188381195,0.6423227787017822
1706696598356,0.3853939324617386,0.6429669260978699
1706696598370,0.38329702615737915,0.6417170464992523
1706696598379,0.3848233222961426,0.6444173455238342
1706696598390,0.384567067027092,0.6387782692909241
1706696598401,0.3844369202852249,0.6419622004032135
1706696598412,0.3831087201833725,0.6426064968109131
1706696598423,0.38349948823451996,0.6473075747489929
1706696598435,0.39134544134140015,0.6371737718582153
1706696598471,0.4032168388366699,0.6269294321537018
1706696598479,0.4198264330625534,0.5895331799983978
1706696598490,0.42065373063087463,0.5872045159339905
1706696598503,0.41980792582035065,0.58836629986763
1706696598512,0.4209861010313034,0.5917418897151947
1706696598523,0.4213669151067734,0.5931432545185089
1706696598535,0.42362217605113983,0.5955618619918823
1706696598546,0.423795685172081,0.5940804481506348
1706696598557,0.42255474627017975,0.5905656814575195
1706696598568,0.42091748118400574,0.5863581597805023
1706696598579,0.4201500415802002,0.5869012176990509
1706696598589,0.4204699844121933,0.5860269069671631
1706696598621,0.4184678792953491,0.5899304151535034
1706696598622,0.38805755972862244,0.6210145652294159
1706696598639,0.2600991278886795,0.715227484703064
1706696598645,0.226272813975811,0.724736750125885
1706696598656,0.205243818461895,0.7351999878883362
1706696598667,0.20490483194589615,0.7366064488887787
1706696598678,0.20337483286857605,0.736479789018631
1706696598689,0.2036840319633484,0.7382032871246338
1706696598701,0.20454081147909164,0.7381846606731415
1706696598712,0.2038544863462448,0.736144483089447
1706696598723,0.20178160816431046,0.7353529036045074
1706696598742,0.2007950320839882,0.7340969145298004
1706696598761,0.20037534832954407,0.737260103225708
1706696598762,0.1982952505350113,0.7365133464336395
1706696598767,0.19732951372861862,0.7382063269615173
1706696598779,0.1968299150466919,0.7393661737442017
1706696598789,0.19647900015115738,0.7377947866916656
1706696598801,0.19513307511806488,0.7340234220027924
1706696598812,0.19551926106214523,0.733271598815918
1706696598823,0.19736507534980774,0.7346105575561523
1706696598834,0.20833462476730347,0.7326385974884033
1706696598845,0.21807438135147095,0.7277230024337769
1706696598856,0.2361183539032936,0.7171340882778168
1706696598868,0.2368716225028038,0.7165805995464325
1706696598904,0.2393319010734558,0.71604984998703
1706696598911,0.2425490915775299,0.7177484929561615
1706696598923,0.2788489758968353,0.740832507610321
1706696598935,0.2894386947154999,0.754906564950943
1706696598943,0.31061704456806183,0.7583901286125183
1706696598954,nan,nan
1706696598965,nan,nan
1706696598976,nan,nan
1706696598987,nan,nan
1706696598999,nan,nan
1706696599040,nan,nan
1706696599041,nan,nan
1706696599042,nan,nan
1706696599056,nan,nan
1706696599072,nan,nan
1706696599090,nan,nan
1706696599102,nan,nan
1706696599120,nan,nan
1706696599134,nan,nan
1706696599145,nan,nan
1706696599156,nan,nan
1706696599204,nan,nan
1706696599205,nan,nan
1706696599211,nan,nan
1706696599223,nan,nan
1706696599234,nan,nan
1706696599245,nan,nan
1706696599256,nan,nan
1706696599267,nan,nan
1706696599278,nan,nan
1706696599290,nan,nan
1706696599301,nan,nan
1706696599312,nan,nan
1706696599323,nan,nan
1706696599357,nan,nan
1706696599372,nan,nan
1706696599379,nan,nan
1706696599391,nan,nan
1706696599401,nan,nan
1706696599413,nan,nan
1706696599425,nan,nan
1706696599436,nan,nan
1706696599447,0.4607260227203369,0.6987518072128296
1706696599458,0.4685273766517639,0.7022036910057068
1706696599470,0.4685273766517639,0.7022036910057068
1706696599510,0.4671603739261627,0.7076165080070496
1706696599511,0.46503517031669617,0.7041364908218384
1706696599515,0.46975719928741455,0.6956007480621338
1706696599526,0.4577329456806183,0.6834552884101868
1706696599536,0.4578130841255188,0.6848912239074707
1706696599548,0.4573472887277603,0.6881700158119202
1706696599558,0.45739656686782837,0.6726569533348083
1706696599570,0.4593239277601242,0.6464065909385681
1706696599581,0.460702508687973,0.6140666306018829
1706696599592,0.46111297607421875,0.5758489370346069
1706696599603,0.4594348520040512,0.5794288516044617
1706696599615,0.46029438078403473,0.5762163400650024
1706696599625,0.45912644267082214,0.5744847655296326
1706696599637,0.457494854927063,0.5741515159606934
1706696599674,0.4564516395330429,0.5773630142211914
1706696599675,0.4565388262271881,0.5764378309249878
1706696599681,0.45775268971920013,0.5703866481781006
1706696599693,0.45756711065769196,0.57113116979599
1706696599704,0.4555836170911789,0.5732430219650269
1706696599715,0.45540033280849457,0.5806718170642853
1706696599725,0.455159455537796,0.5817678272724152
1706696599736,0.454338014125824,0.5801442563533783
1706696599748,0.4535376876592636,0.5798759162425995
1706696599758,0.45424361526966095,0.5753054618835449
1706696599770,0.45658843219280243,0.5781152248382568
1706696599781,0.45881131291389465,0.5718083381652832
1706696599822,0.4567809998989105,0.5726900696754456
1706696599823,0.45559240877628326,0.570436954498291
1706696599826,0.4572376608848572,0.5658007860183716
1706696599839,0.457292765378952,0.5633528828620911
1706696599848,0.45637504756450653,0.5669240057468414
1706696599859,0.45619069039821625,0.5692194998264313
1706696599871,0.4554526060819626,0.5685566067695618
1706696599881,0.45532411336898804,0.5678367018699646
1706696599893,0.45554886758327484,0.5703393816947937
1706696599904,0.4548964500427246,0.5682688355445862
1706696599914,0.4561207592487335,0.5647643506526947
1706696599925,0.45633940398693085,0.5623810887336731
1706696599936,0.45961397886276245,0.5687900483608246
1706696599978,0.49397099018096924,0.5880112648010254
1706696599979,0.5294402837753296,0.6118121147155762
1706696599995,nan,nan
1706696600002,nan,nan
1706696600013,nan,nan
1706696600023,nan,nan
1706696600035,nan,nan
1706696600046,nan,nan
1706696600054,nan,nan
1706696600072,nan,nan
1706696600121,nan,nan
1706696600122,nan,nan
1706696600125,nan,nan
1706696600138,nan,nan
1706696600148,nan,nan
1706696600158,nan,nan
1706696600170,nan,nan
1706696600181,nan,nan
1706696600191,nan,nan
1706696600203,nan,nan
1706696600215,nan,nan
1706696600255,nan,nan
1706696600256,nan,nan
1706696600258,nan,nan
1706696600272,nan,nan
1706696600281,nan,nan
1706696600291,nan,nan
1706696600303,nan,nan
1706696600314,nan,nan
1706696600324,nan,nan
1706696600336,nan,nan
1706696600347,nan,nan
1706696600358,nan,nan
1706696600369,nan,nan
1706696600408,nan,nan
1706696600409,nan,nan
1706696600414,nan,nan
1706696600427,nan,nan
1706696600436,nan,nan
1706696600448,nan,nan
1706696600458,nan,nan
1706696600470,nan,nan
1706696600481,nan,nan
1706696600491,nan,nan
1706696600503,nan,nan
1706696600514,nan,nan
1706696600525,nan,nan
1706696600558,nan,nan
1706696600576,nan,nan
1706696600582,nan,nan
1706696600592,nan,nan
1706696600604,nan,nan
1706696600614,nan,nan
1706696600625,nan,nan
1706696600637,nan,nan
1706696600648,nan,nan
1706696600657,nan,nan
1706696600669,nan,nan
1706696600707,nan,nan
1706696600708,nan,nan
1706696600714,nan,nan
1706696600724,nan,nan
1706696600736,nan,nan
1706696600747,nan,nan
1706696600757,nan,nan
1706696600770,nan,nan
1706696600780,nan,nan
1706696600790,nan,nan
1706696600803,nan,nan
1706696600838,nan,nan
1706696600839,nan,nan
1706696600853,nan,nan
1706696600857,nan,nan
1706696600869,nan,nan
1706696600881,nan,nan
1706696600891,nan,nan
1706696600903,nan,nan
1706696600914,nan,nan
1706696600924,nan,nan
1706696600936,nan,nan
1706696600947,nan,nan
1706696600990,nan,nan
1706696600991,nan,nan
1706696601006,nan,nan
1706696601014,nan,nan
1706696601025,nan,nan
1706696601035,nan,nan
1706696601046,nan,nan
1706696601057,nan,nan
1706696601069,nan,nan
1706696601080,nan,nan
1706696601091,nan,nan
1706696601123,nan,nan
1706696601124,nan,nan
1706696601143,nan,nan
1706696601147,nan,nan
1706696601158,nan,nan
1706696601169,nan,nan
1706696601180,nan,nan
1706696601191,nan,nan
1706696601203,nan,nan
1706696601213,nan,nan
1706696601224,nan,nan
1706696601236,nan,nan
1706696601277,nan,nan
1706696601278,nan,nan
1706696601280,nan,nan
1706696601297,nan,nan
1706696601303,nan,nan
1706696601314,nan,nan
1706696601324,nan,nan
1706696601337,nan,nan
1706696601347,nan,nan
1706696601357,nan,nan
1706696601369,nan,nan
1706696601381,nan,nan
1706696601390,nan,nan
1706696601423,nan,nan
1706696601440,nan,nan
1706696601446,nan,nan
1706696601458,nan,nan
1706696601469,nan,nan
1706696601480,nan,nan
1706696601490,nan,nan
1706696601502,nan,nan
1706696601513,nan,nan
1706696601523,nan,nan
1706696601535,nan,nan
1706696601574,nan,nan
1706696601575,nan,nan
1706696601580,nan,nan
1706696601592,nan,nan
1706696601602,nan,nan
1706696601614,nan,nan
1706696601624,nan,nan
1706696601635,nan,nan
1706696601647,nan,nan
1706696601657,nan,nan
1706696601669,nan,nan
1706696601680,nan,nan
1706696601691,nan,nan
1706696601725,nan,nan
1706696601726,nan,nan
1706696601743,nan,nan
1706696601747,nan,nan
1706696601758,nan,nan
1706696601769,nan,nan
1706696601779,nan,nan
1706696601790,nan,nan
1706696601802,nan,nan
1706696601813,nan,nan
1706696601823,nan,nan
1706696601836,nan,nan
1706696601875,nan,nan
1706696601876,nan,nan
1706696601879,nan,nan
1706696601892,nan,nan
1706696601902,nan,nan
1706696601913,nan,nan
1706696601923,nan,nan
1706696601936,nan,nan
1706696601946,nan,nan
1706696601956,nan,nan
1706696601969,nan,nan
1706696601980,nan,nan
1706696601990,nan,nan
1706696602026,nan,nan
1706696602042,nan,nan
1706696602046,nan,nan
1706696602056,nan,nan
1706696602069,nan,nan
1706696602080,nan,nan
1706696602090,nan,nan
1706696602102,nan,nan
1706696602114,nan,nan
1706696602123,nan,nan
1706696602136,nan,nan
1706696602174,nan,nan
1706696602175,nan,nan
1706696602179,nan,nan
1706696602190,nan,nan
1706696602201,nan,nan
1706696602213,nan,nan
1706696602223,nan,nan
1706696602235,nan,nan
1706696602246,nan,nan
1706696602257,nan,nan
1706696602269,nan,nan
1706696602279,nan,nan
1706696602290,nan,nan
1706696602326,nan,nan
1706696602327,nan,nan
1706696602335,nan,nan
1706696602346,nan,nan
1706696602358,nan,nan
1706696602368,nan,nan
1706696602379,nan,nan
1706696602390,nan,nan
1706696602402,nan,nan
1706696602413,nan,nan
1706696602424,nan,nan
1706696602435,nan,nan
1706696602474,nan,nan
1706696602475,nan,nan
1706696602479,nan,nan
1706696602492,nan,nan
1706696602502,nan,nan
1706696602513,nan,nan
1706696602523,nan,nan
1706696602535,nan,nan
1706696602546,nan,nan
1706696602556,nan,nan
1706696602568,nan,nan
1706696602579,nan,nan
1706696602590,nan,nan
1706696602624,nan,nan
1706696602625,nan,nan
1706696602640,nan,nan
1706696602646,nan,nan
1706696602656,nan,nan
1706696602669,nan,nan
1706696602680,nan,nan
1706696602689,nan,nan
1706696602702,nan,nan
1706696602713,nan,nan
1706696602722,nan,nan
1706696602757,nan,nan
1706696602758,nan,nan
1706696602773,nan,nan
1706696602779,nan,nan
1706696602791,nan,nan
1706696602801,nan,nan
1706696602812,nan,nan
1706696602822,nan,nan
1706696602835,nan,nan
1706696602846,nan,nan
1706696602857,nan,nan
1706696602868,nan,nan
1706696602907,nan,nan
1706696602908,nan,nan
1706696602912,nan,nan
1706696602924,nan,nan
1706696602934,nan,nan
1706696602946,nan,nan
1706696602956,nan,nan
1706696602967,nan,nan
1706696602978,nan,nan
1706696602989,nan,nan
1706696603001,nan,nan
1706696603042,nan,nan
1706696603043,nan,nan
1706696603045,nan,nan
1706696603060,nan,nan
1706696603068,nan,nan
1706696603079,nan,nan
1706696603089,nan,nan
1706696603101,nan,nan
1706696603112,nan,nan
1706696603123,nan,nan
1706696603135,nan,nan
1706696603145,nan,nan
1706696603156,nan,nan
1706696603191,nan,nan
1706696603192,nan,nan
1706696603206,nan,nan
1706696603213,nan,nan
1706696603224,nan,nan
1706696603235,nan,nan
1706696603246,nan,nan
1706696603255,nan,nan
1706696603268,nan,nan
1706696603279,nan,nan
1706696603288,nan,nan
1706696603324,nan,nan
1706696603325,nan,nan
1706696603340,nan,nan
1706696603345,nan,nan
1706696603357,nan,nan
1706696603368,nan,nan
1706696603378,nan,nan
1706696603389,nan,nan
1706696603401,nan,nan
1706696603419,nan,nan
1706696603435,nan,nan
1706696603455,nan,nan
1706696603477,nan,nan
1706696603478,nan,nan
1706696603479,nan,nan
1706696603495,nan,nan
1706696603503,nan,nan
1706696603514,nan,nan
1706696603524,nan,nan
1706696603536,nan,nan
1706696603547,0.49796155095100403,0.6180748343467712
1706696603558,0.49796155095100403,0.6180748343467712
1706696603570,0.49796155095100403,0.6180748343467712
1706696603581,0.527702271938324,0.635826051235199
1706696603624,0.5216341316699982,0.6040952503681183
1706696603625,0.5231146216392517,0.6054860651493073
1706696603626,0.4601452797651291,0.5890586078166962
1706696603640,0.45043063163757324,0.5826853811740875
1706696603649,0.44518308341503143,0.5811908543109894
1706696603660,0.44042401015758514,0.578094094991684
1706696603671,0.43865764141082764,0.578016459941864
1706696603682,0.4377906769514084,0.5787733495235443
1706696603693,0.43581444025039673,0.5769060552120209
1706696603704,0.4368045777082443,0.5793149769306183
1706696603714,0.43856942653656006,0.5757361650466919
1706696603725,0.44039659202098846,0.5752784311771393
1706696603737,0.43905727565288544,0.5747061669826508
1706696603779,0.4385240375995636,0.5758358836174011
1706696603780,0.43758702278137207,0.5753252506256104
1706696603781,0.4374334067106247,0.5777543783187866
1706696603798,0.4375012069940567,0.5766809284687042
1706696603804,0.4388023316860199,0.5803453922271729
1706696603817,0.4411390870809555,0.5777003765106201
1706696603826,0.44017529487609863,0.579155683517456
1706696603837,0.43726828694343567,0.5752294659614563
1706696603848,0.4340379983186722,0.5737032890319824
1706696603859,0.43360085785388947,0.5718497931957245
1706696603871,0.43449321389198303,0.5721058249473572
1706696603881,0.4354626536369324,0.5731818974018097
1706696603893,0.43648751080036163,0.5725422203540802
1706696603924,0.4371759444475174,0.5706223547458649
1706696603925,0.43691346049308777,0.5716502070426941
1706696603926,0.43598373234272003,0.57344189286232
1706696603940,0.435350239276886,0.5745097398757935
1706696603948,0.43602155148983,0.5736255943775177
1706696603960,0.433771014213562,0.5804685056209564
1706696603970,0.4308830350637436,0.5986199378967285
1706696603982,0.42731207609176636,0.6174298226833344
1706696603993,0.42412807047367096,0.6372036933898926
1706696604004,0.4239760488271713,0.636369526386261
1706696604015,0.4253683388233185,0.634461522102356
1706696604026,0.4254627674818039,0.6402189433574677
1706696604037,0.4255838543176651,0.6399842798709869
1706696604079,0.42534253001213074,0.6423762440681458
1706696604081,0.42353355884552,0.6410915553569794
1706696604094,0.42347539961338043,0.6410691142082214
1706696604103,0.42321956157684326,0.6412836015224457
1706696604114,0.4116043299436569,0.6435494720935822
1706696604125,0.352529838681221,0.6776315569877625
1706696604136,0.30849064886569977,0.6894229054450989
1706696604148,0.2282537743449211,0.713834136724472
1706696604159,0.150991789996624,0.7240335047245026
1706696604170,0.14238916337490082,0.7269164323806763
1706696604210,0.14278003573417664,0.7266972959041595
1706696604211,0.13853170722723007,0.7295794486999512
1706696604215,0.1348680779337883,0.7284708917140961
1706696604229,0.13860927522182465,0.7301357388496399
1706696604237,0.13889428973197937,0.7295350134372711
1706696604248,0.13878704234957695,0.7265652120113373
1706696604259,0.13751919195055962,0.7245755195617676
1706696604271,0.13632501661777496,0.723794162273407
1706696604281,0.13767730444669724,0.7270453870296478
1706696604292,0.13713950291275978,0.7248742282390594
1706696604303,0.14250820875167847,0.7277698218822479
1706696604314,0.14380992949008942,0.7233003377914429
1706696604325,0.31783992052078247,0.8173555433750153
1706696604358,0.4159206748008728,0.8993531167507172
1706696604359,0.4159206748008728,0.8993531167507172
1706696604375,nan,nan
1706696604380,nan,nan
1706696604392,nan,nan
1706696604402,nan,nan
1706696604413,nan,nan
1706696604423,nan,nan
1706696604434,nan,nan
1706696604445,nan,nan
1706696604455,nan,nan
1706696604492,nan,nan
1706696604493,nan,nan
1706696604508,nan,nan
1706696604511,nan,nan
1706696604523,nan,nan
1706696604532,nan,nan
1706696604550,nan,nan
1706696604570,nan,nan
1706696604581,nan,nan
1706696604593,nan,nan
1706696604604,nan,nan
1706696604646,nan,nan
1706696604647,nan,nan
1706696604648,nan,nan
1706696604662,nan,nan
1706696604670,nan,nan
1706696604683,nan,nan
1706696604692,nan,nan
1706696604704,nan,nan
1706696604715,nan,nan
1706696604725,nan,nan
1706696604737,nan,nan
1706696604755,nan,nan
1706696604795,nan,nan
1706696604804,nan,nan
1706696604815,nan,nan
1706696604826,nan,nan
1706696604837,nan,nan
1706696604848,nan,nan
1706696604859,nan,nan
1706696604871,nan,nan
1706696604882,0.5065538883209229,0.7022387981414795
1706696604893,0.5065538883209229,0.7022387981414795
1706696604904,0.5065538883209229,0.7022387981414795
1706696604943,0.41365480422973633,0.6012290716171265
1706696604944,0.41365480422973633,0.6012290716171265
1706696604948,nan,nan
1706696604960,0.3937765955924988,0.577531635761261
1706696604972,0.3937765955924988,0.577531635761261
1706696604982,0.39889514446258545,0.5833361148834229
1706696604993,0.3966333568096161,0.5807456374168396
1706696605005,0.3954727053642273,0.5822582840919495
1706696605016,0.3955842852592468,0.5868587493896484
1706696605027,0.3945184051990509,0.5861030220985413
1706696605038,0.39539846777915955,0.5857284069061279
1706696605079,0.39448097348213196,0.5829817652702332
1706696605080,0.39656034111976624,0.5865439176559448
1706696605084,0.4110097736120224,0.5933589041233063
1706696605097,0.4085584133863449,0.6002213954925537
1706696605107,0.4072968661785126,0.6035797894001007
1706696605118,0.40688467025756836,0.6094142198562622
1706696605129,0.40652962028980255,0.6114208400249481
1706696605140,0.4071814715862274,0.6131869256496429
1706696605151,0.4060564786195755,0.6124086678028107
1706696605162,0.4058670997619629,0.6111593246459961
1706696605173,0.4044190049171448,0.609304815530777
1706696605185,0.40535783767700195,0.6096727848052979
1706696605206,0.4063340872526169,0.6112301051616669
1706696605226,0.4239238053560257,0.6125762462615967
1706696605227,0.43944980204105377,0.6138875782489777
1706696605228,0.4635254144668579,0.6174705028533936
1706696605244,0.46096503734588623,0.620014876127243
1706696605250,0.462976410984993,0.6192899644374847
1706696605262,0.46351458132267,0.6180001497268677
1706696605273,0.46460510790348053,0.6178344786167145
1706696605284,0.4650884121656418,0.6174712777137756
1706696605295,0.4659508764743805,0.6183700561523438
1706696605306,0.46678343415260315,0.6172296106815338
1706696605317,0.46594321727752686,0.6213320791721344
1706696605329,0.4654442071914673,0.6207517385482788
1706696605340,0.4661467373371124,0.6228123009204865
1706696605379,0.46749211847782135,0.619226336479187
1706696605384,0.46501298248767853,0.6220032274723053
1706696605397,0.4656119793653488,0.6205251812934875
1706696605406,0.4656604081392288,0.6224097609519958
1706696605417,0.4656987488269806,0.6213763952255249
1706696605428,0.46621452271938324,0.6224653124809265
1706696605440,0.4673005938529968,0.6259512007236481
1706696605451,0.4667590409517288,0.6294573545455933
1706696605462,0.4662025570869446,0.6293118894100189
1706696605473,0.4673064947128296,0.6318590044975281
1706696605484,0.46204404532909393,0.6250271499156952
1706696605507,0.49634596705436707,0.6664240658283234
1706696605528,0.5053140968084335,0.6752104461193085
1706696605545,nan,nan
1706696605549,nan,nan
1706696605561,nan,nan
1706696605571,nan,nan
1706696605581,nan,nan
1706696605592,nan,nan
1706696605602,nan,nan
1706696605620,nan,nan
1706696605640,nan,nan
1706696605660,nan,nan
1706696605680,nan,nan
1706696605681,nan,nan
1706696605684,nan,nan
1706696605698,nan,nan
1706696605707,nan,nan
1706696605720,nan,nan
1706696605729,nan,nan
1706696605740,nan,nan
1706696605751,nan,nan
1706696605762,nan,nan
1706696605773,nan,nan
1706696605784,nan,nan
1706696605795,nan,nan
1706696605807,nan,nan
1706696605845,nan,nan
1706696605851,nan,nan
1706696605862,nan,nan
1706696605875,nan,nan
1706696605885,nan,nan
1706696605895,nan,nan
1706696605907,nan,nan
1706696605918,nan,nan
1706696605929,nan,nan
1706696605941,nan,nan
1706696605951,nan,nan
1706696605996,nan,nan
1706696606013,nan,nan
1706696606018,nan,nan
1706696606028,nan,nan
1706696606040,nan,nan
1706696606051,nan,nan
1706696606061,nan,nan
1706696606073,nan,nan
1706696606084,nan,nan
1706696606094,nan,nan
1706696606126,nan,nan
1706696606127,nan,nan
1706696606142,nan,nan
1706696606152,nan,nan
1706696606161,nan,nan
1706696606173,nan,nan
1706696606185,nan,nan
1706696606194,nan,nan
1706696606207,nan,nan
1706696606218,nan,nan
1706696606227,nan,nan
1706696606260,nan,nan
1706696606261,nan,nan
1706696606262,nan,nan
1706696606279,nan,nan
1706696606285,nan,nan
1706696606295,nan,nan
1706696606306,nan,nan
1706696606318,nan,nan
1706696606328,nan,nan
1706696606339,nan,nan
1706696606351,nan,nan
1706696606362,nan,nan
1706696606373,nan,nan
1706696606412,nan,nan
1706696606418,nan,nan
1706696606430,nan,nan
1706696606441,nan,nan
1706696606451,nan,nan
1706696606462,nan,nan
1706696606474,nan,nan
1706696606485,nan,nan
1706696606495,nan,nan
1706696606507,nan,nan
1706696606518,nan,nan
1706696606528,nan,nan
1706696606560,nan,nan
1706696606561,nan,nan
1706696606579,nan,nan
1706696606585,nan,nan
1706696606595,nan,nan
1706696606606,nan,nan
1706696606617,nan,nan
1706696606627,nan,nan
1706696606640,nan,nan
1706696606651,nan,nan
1706696606692,nan,nan
1706696606693,nan,nan
1706696606694,nan,nan
1706696606708,nan,nan
1706696606718,nan,nan
1706696606727,nan,nan
1706696606740,nan,nan
1706696606751,nan,nan
1706696606761,nan,nan
1706696606774,nan,nan
1706696606791,nan,nan
1706696606807,nan,nan
1706696606844,nan,nan
1706696606845,nan,nan
1706696606859,nan,nan
1706696606862,nan,nan
1706696606874,nan,nan
1706696606884,nan,nan
1706696606896,nan,nan
1706696606905,nan,nan
1706696606922,nan,nan
1706696606943,nan,nan
1706696606978,nan,nan
1706696606995,0.48334158957004547,0.6761912107467651
1706696606999,0.48334158957004547,0.6761912107467651
1706696607010,0.48334158957004547,0.6761912107467651
1706696607022,0.4846583604812622,0.6736295521259308
1706696607032,0.4846583604812622,0.6736295521259308
1706696607044,0.4846583604812622,0.6736295521259308
1706696607055,0.4614931344985962,0.6751576960086823
1706696607066,0.4490625560283661,0.6668407917022705
1706696607078,0.45071350038051605,0.6677935421466827
1706696607089,0.44256003201007843,0.6703398823738098
1706696607099,0.4414922744035721,0.6710617542266846
1706696607146,0.44124892354011536,0.6700538396835327
1706696607147,0.4408668577671051,0.6700291335582733
1706696607163,0.4406339228153229,0.664262592792511
1706696607166,0.4392922818660736,0.6590543389320374
1706696607179,0.4392002671957016,0.6619055569171906
1706696607189,0.4407174587249756,0.6635494530200958
1706696607199,0.4400523155927658,0.6617847383022308
1706696607210,0.43836458027362823,0.6568517088890076
1706696607222,0.43648116290569305,0.6541614830493927
1706696607233,0.4379243105649948,0.6517338454723358
1706696607245,0.43961574137210846,0.6542543768882751
1706696607255,0.44008468091487885,0.65615314245224
1706696607295,0.43870021402835846,0.6607804298400879
1706696607296,0.438689261674881,0.6582748293876648
1706696607299,0.4400027394294739,0.6569592356681824
1706696607312,0.4404112845659256,0.6596990823745728
1706696607321,0.4412081390619278,0.659712940454483
1706696607332,0.44028639793395996,0.6553123891353607
1706696607346,0.4394160658121109,0.6518277227878571
1706696607355,0.43916110694408417,0.652827113866806
1706696607366,0.4389754384756088,0.6604790389537811
1706696607377,0.43861398100852966,0.6620035171508789
1706696607388,0.43882517516613007,0.6611804664134979
1706696607399,0.4373760372400284,0.6530971527099609
1706696607410,0.4385777413845062,0.6646968424320221
1706696607444,0.4400215446949005,0.6745492517948151
1706696607445,0.4437096267938614,0.6933743059635162
1706696607460,0.44606854021549225,0.6904772520065308
1706696607466,0.4459969401359558,0.6941176652908325
1706696607477,0.4435083717107773,0.6890302300453186
1706696607488,0.4450668841600418,0.6890088319778442
1706696607499,0.44632941484451294,0.6863912343978882
1706696607511,0.4467531144618988,0.6884410679340363
1706696607522,0.44648072123527527,0.6900323331356049
1706696607533,0.4456983804702759,0.6895251274108887
1706696607544,0.44633857905864716,0.689020574092865
1706696607579,0.4625905305147171,0.7258438169956207
1706696607580,0.5846824645996094,0.9670435190200806
1706696607587,0.6317995488643646,1.0477030873298645
1706696607599,0.9793884456157684,1.9748225808143616
1706696607609,0.9793884456157684,1.9748225808143616
1706696607620,0.9793884456157684,1.9748225808143616
1706696607632,0.10845724493265152,-0.07473817467689514
1706696607643,0.10845724493265152,-0.07473817467689514
1706696607654,0.10845724493265152,-0.07473817467689514
1706696607664,0.12113609164953232,-0.017851369455456734
1706696607675,0.12113609164953232,-0.017851369455456734
1706696607686,0.12113609164953232,-0.017851369455456734
1706696607728,0.16913683712482452,0.017139440402388573
1706696607729,0.16913683712482452,0.017139440402388573
1706696607731,nan,nan
1706696607748,nan,nan
1706696607753,nan,nan
1706696607764,nan,nan
1706696607775,nan,nan
1706696607786,nan,nan
1706696607797,nan,nan
1706696607808,nan,nan
1706696607819,nan,nan
1706696607831,nan,nan
1706696607842,nan,nan
1706696607859,nan,nan
1706696607883,nan,nan
1706696607886,nan,nan
1706696607901,nan,nan
1706696607908,nan,nan
1706696607919,nan,nan
1706696607930,nan,nan
1706696607942,nan,nan
1706696607953,nan,nan
1706696607965,0.7269867360591888,1.1250115036964417
1706696607976,0.7269867360591888,1.1250115036964417
1706696607988,0.6485030651092529,1.0046485662460327
1706696608029,0.49166131019592285,0.7848218083381653
1706696608030,0.48245780169963837,0.7793087661266327
1706696608032,0.41968387365341187,0.7336347699165344
1706696608045,0.4174385815858841,0.7325656116008759
1706696608054,0.41609178483486176,0.7257771492004395
1706696608065,0.4185045063495636,0.7245574593544006
1706696608076,0.4171857088804245,0.721687525510788
1706696608087,0.4178747683763504,0.7234703898429871
1706696608099,0.4166674315929413,0.7237066030502319
1706696608110,0.4187350571155548,0.7257809638977051
1706696608121,0.4172838479280472,0.7277584969997406
1706696608132,0.4164157956838608,0.7297970056533813
1706696608143,0.41675853729248047,0.7336381077766418
1706696608182,0.4172302484512329,0.7318097352981567
1706696608188,0.4176815152168274,0.7314702272415161
1706696608200,0.4165738970041275,0.7336134612560272
1706696608210,0.4041450768709183,0.7320667803287506
1706696608221,0.35667914152145386,0.72352734208107
1706696608232,0.28134699165821075,0.7119866907596588
1706696608243,0.217703714966774,0.7019965648651123
1706696608254,0.10765530169010162,0.7126496732234955
1706696608266,0.08703336864709854,0.7097675800323486
1706696608277,0.08329106867313385,0.7129503786563873
1706696608288,0.08126108720898628,0.7115394771099091
1706696608299,0.08146972768008709,0.7137681841850281
1706696608331,0.0815049260854721,0.710445910692215
1706696608332,0.07922889851033688,0.7099092602729797
1706696608350,0.07944493554532528,0.7122358083724976
1706696608355,0.08008605428040028,0.7132839858531952
1706696608367,0.08089273981750011,0.7152917385101318
1706696608377,0.08159106411039829,0.7135691046714783
1706696608388,0.08261723630130291,0.7146268486976624
1706696608399,0.0828847773373127,0.7151563763618469
1706696608409,0.08392334915697575,0.7188597023487091
1706696608420,0.08430628292262554,0.7173905968666077
1706696608432,0.0879288762807846,0.7203805446624756
1706696608443,0.09082519635558128,0.721786618232727
1706696608461,0.09101748839020729,0.7232262492179871
1706696608482,0.09454473853111267,0.7244319319725037
1706696608483,0.13680706173181534,0.7202051877975464
1706696608487,0.22141993790864944,0.7173281908035278
1706696608499,0.3795548230409622,0.7050930857658386
1706696608510,0.43471457064151764,0.7079893946647644
1706696608521,0.4590532183647156,0.7050729990005493
1706696608532,0.46650344133377075,0.7070895731449127
1706696608543,0.46746817231178284,0.7074450850486755
1706696608554,0.4682915210723877,0.7100638449192047
1706696608565,0.46650655567646027,0.7103270590305328
1706696608576,0.4662958085536957,0.7095473110675812
1706696608587,0.4656898230314255,0.7131252586841583
1706696608630,0.4675877243280411,0.7167348563671112
1706696608631,0.46780408918857574,0.719382256269455
1706696608645,0.47152361273765564,0.7239596545696259
1706696608654,0.47142860293388367,0.7389482259750366
1706696608666,0.5074585676193237,0.7698991596698761
1706696608675,0.5182805061340332,0.7858295738697052
1706696608686,0.5543829798698425,0.8055709004402161
1706696608696,nan,nan
1706696608708,nan,nan
1706696608719,nan,nan
1706696608730,nan,nan
1706696608741,nan,nan
1706696608763,nan,nan
1706696608782,nan,nan
1706696608798,nan,nan
1706696608810,nan,nan
1706696608821,nan,nan
1706696608831,nan,nan
1706696608843,nan,nan
1706696608854,nan,nan
1706696608865,nan,nan
1706696608877,nan,nan
1706696608888,nan,nan
1706696608930,nan,nan
1706696608932,nan,nan
1706696608946,nan,nan
1706696608955,nan,nan
1706696608967,nan,nan
1706696608976,nan,nan
1706696608987,nan,nan
1706696608997,nan,nan
1706696609010,nan,nan
1706696609021,nan,nan
1706696609031,nan,nan
1706696609043,nan,nan
1706696609080,nan,nan
1706696609088,nan,nan
1706696609097,nan,nan
1706696609110,nan,nan
1706696609121,nan,nan
1706696609131,nan,nan
1706696609143,nan,nan
1706696609154,nan,nan
1706696609164,nan,nan
1706696609176,nan,nan
1706696609213,nan,nan
1706696609214,nan,nan
1706696609221,nan,nan
1706696609231,nan,nan
1706696609243,nan,nan
1706696609254,nan,nan
1706696609265,nan,nan
1706696609276,nan,nan
1706696609288,nan,nan
1706696609298,nan,nan
1706696609310,nan,nan
1706696609321,nan,nan
1706696609332,nan,nan
1706696609364,nan,nan
1706696609381,nan,nan
1706696609387,nan,nan
1706696609397,nan,nan
1706696609410,nan,nan
1706696609420,nan,nan
1706696609431,nan,nan
1706696609443,nan,nan
1706696609454,nan,nan
1706696609495,nan,nan
1706696609496,nan,nan
1706696609498,nan,nan
1706696609511,nan,nan
1706696609520,nan,nan
1706696609531,nan,nan
1706696609543,nan,nan
1706696609554,nan,nan
1706696609565,nan,nan
1706696609577,nan,nan
1706696609587,nan,nan
1706696609598,nan,nan
1706696609610,nan,nan
1706696609646,nan,nan
1706696609647,nan,nan
1706696609662,nan,nan
1706696609664,nan,nan
1706696609678,nan,nan
1706696609687,nan,nan
1706696609697,nan,nan
1706696609710,nan,nan
1706696609722,nan,nan
1706696609731,nan,nan
1706696609743,nan,nan
1706696609780,nan,nan
1706696609781,nan,nan
1706696609787,nan,nan
1706696609797,nan,nan
1706696609809,nan,nan
1706696609821,nan,nan
1706696609831,nan,nan
1706696609842,nan,nan
1706696609854,nan,nan
1706696609864,nan,nan
1706696609876,nan,nan
1706696609888,nan,nan
1706696609898,nan,nan
1706696609930,nan,nan
1706696609931,nan,nan
1706696609947,nan,nan
1706696609954,nan,nan
1706696609966,nan,nan
1706696609976,nan,nan
1706696609987,nan,nan
1706696609998,nan,nan
1706696610009,nan,nan
1706696610020,nan,nan
1706696610031,nan,nan
1706696610066,nan,nan
1706696610067,nan,nan
1706696610076,nan,nan
1706696610087,nan,nan
1706696610100,nan,nan
1706696610110,nan,nan
1706696610120,nan,nan
1706696610131,nan,nan
1706696610143,nan,nan
1706696610154,nan,nan
1706696610164,nan,nan
1706696610176,nan,nan
1706696610212,nan,nan
1706696610213,nan,nan
1706696610220,nan,nan
1706696610230,nan,nan
1706696610243,nan,nan
1706696610253,nan,nan
1706696610263,nan,nan
1706696610276,nan,nan
1706696610287,nan,nan
1706696610297,nan,nan
1706696610309,nan,nan
1706696610351,nan,nan
1706696610352,nan,nan
1706696610354,nan,nan
1706696610368,nan,nan
1706696610376,nan,nan
1706696610387,nan,nan
1706696610397,nan,nan
1706696610409,nan,nan
1706696610420,nan,nan
1706696610430,nan,nan
1706696610442,nan,nan
1706696610454,nan,nan
1706696610464,nan,nan
1706696610501,nan,nan
1706696610502,nan,nan
1706696610509,nan,nan
1706696610520,nan,nan
1706696610532,nan,nan
1706696610543,nan,nan
1706696610554,nan,nan
1706696610564,nan,nan
1706696610575,nan,nan
1706696610586,nan,nan
1706696610598,nan,nan
1706696610631,nan,nan
1706696610632,nan,nan
1706696610648,nan,nan
1706696610654,nan,nan
1706696610665,nan,nan
1706696610683,nan,nan
1706696610699,nan,nan
1706696610710,nan,nan
1706696610721,nan,nan
1706696610732,nan,nan
1706696610743,nan,nan
1706696610761,nan,nan
1706696610780,nan,nan
1706696610781,nan,nan
1706696610797,nan,nan
1706696610814,nan,nan
1706696610832,nan,nan
1706696610847,nan,nan
1706696610858,0.45962898433208466,0.6991822123527527
1706696610869,0.45962898433208466,0.6991822123527527
1706696610881,0.468510165810585,0.696992427110672
1706696610924,0.4733617305755615,0.6971156597137451
1706696610926,0.48220548033714294,0.6845121085643768
1706696610941,0.4877566695213318,0.6852304041385651
1706696610947,0.48730720579624176,0.6830985248088837
1706696610959,0.488881453871727,0.6768577694892883
1706696610969,0.48712605237960815,0.6771631836891174
1706696610981,0.4854363054037094,0.6756532192230225
1706696610991,0.4862828850746155,0.6746204495429993
1706696611003,0.48755963146686554,0.6725988388061523
1706696611015,0.48892150819301605,0.6753170788288116
1706696611025,0.4874408096075058,0.6810834109783173
1706696611036,0.4872572720050812,0.6781937479972839
1706696611068,0.48596930503845215,0.6758979260921478
1706696611069,0.4850655645132065,0.6649990081787109
1706696611085,0.4840029776096344,0.664153128862381
1706696611092,0.4846675544977188,0.6650668382644653
1706696611103,0.48418742418289185,0.6655821800231934
1706696611114,0.48629695177078247,0.6663554310798645
1706696611125,0.4841502755880356,0.6661888659000397
1706696611136,0.4855140894651413,0.6692191660404205
1706696611147,0.4841782748699188,0.6679832339286804
1706696611158,0.48496870696544647,0.6641803085803986
1706696611170,0.4838425815105438,0.6615130603313446
1706696611181,0.4836463928222656,0.6606044769287109
1706696611217,0.48518607020378113,0.6651298403739929
1706696611218,0.48511847853660583,0.6637769639492035
1706696611225,0.4864004850387573,0.6552848517894745
1706696611236,0.5003527700901031,0.6461942195892334
1706696611249,0.507664144039154,0.6446811854839325
1706696611259,0.5124569684267044,0.6478388905525208
1706696611270,0.5134077966213226,0.6526586711406708
1706696611281,0.5124619007110596,0.6528594493865967
1706696611291,0.5121923983097076,0.652346134185791
1706696611302,0.5118612051010132,0.6513281762599945
1706696611313,0.5124955177307129,0.6508383750915527
1706696611324,0.5129863917827606,0.6447397172451019
1706696611368,0.5141763389110565,0.6453825533390045
1706696611369,0.5147268176078796,0.6479268372058868
1706696611385,0.454906702041626,0.599159300327301
1706696611393,0.3652789890766144,0.5599518716335297
1706696611404,0.25182273238897324,0.5141857862472534
1706696611413,0.24319885671138763,0.5089710354804993
1706696611424,0.23629722744226456,0.5057558417320251
1706696611436,0.23757874220609665,0.5025936216115952
1706696611447,0.2358551248908043,0.49818043410778046
1706696611458,0.23568279296159744,0.4967370331287384
1706696611469,0.23395638167858124,0.49652452766895294
1706696611480,0.2329205498099327,0.4980768859386444
1706696611516,0.2309216633439064,0.49576786160469055
1706696611517,0.23164751380681992,0.49390947818756104
1706696611525,0.23125039041042328,0.4932437688112259
1706696611536,0.22915532439947128,0.4936631917953491
1706696611548,0.22888974100351334,0.49035845696926117
1706696611558,0.22756443917751312,0.48781177401542664
1706696611569,0.22679082304239273,0.48429426550865173
1706696611580,0.22787583619356155,0.4825817942619324
1706696611591,0.2426023930311203,0.48367758095264435
1706696611603,0.25613750517368317,0.47201813757419586
1706696611614,0.26317400485277176,0.47037385404109955
1706696611625,0.2603111267089844,0.4679800570011139
1706696611636,0.26300855726003647,0.4716496169567108
1706696611669,0.2620667293667793,0.4695696234703064
1706696611670,0.26348621398210526,0.46557188034057617
1706696611687,0.2823605537414551,0.47365325689315796
1706696611690,0.3410143405199051,0.5178347826004028
1706696611702,0.5122951567173004,0.6167792677879333
1706696611712,0.5708268880844116,0.6569556891918182
1706696611722,0.6324259340763092,0.6814371049404144
1706696611733,nan,nan
1706696611744,nan,nan
1706696611755,nan,nan
1706696611767,nan,nan
1706696611778,nan,nan
1706696611820,nan,nan
1706696611821,nan,nan
1706696611839,nan,nan
1706696611844,nan,nan
1706696611855,nan,nan
1706696611866,nan,nan
1706696611877,nan,nan
1706696611888,nan,nan
1706696611900,nan,nan
1706696611911,nan,nan
1706696611922,nan,nan
1706696611933,nan,nan
1706696611967,nan,nan
1706696611968,nan,nan
1706696611977,nan,nan
1706696611988,nan,nan
1706696612000,nan,nan
1706696612011,nan,nan
1706696612021,nan,nan
1706696612033,nan,nan
1706696612043,nan,nan
1706696612054,nan,nan
1706696612066,nan,nan
1706696612077,nan,nan
1706696612118,nan,nan
1706696612119,nan,nan
1706696612122,nan,nan
1706696612137,nan,nan
1706696612144,nan,nan
1706696612155,nan,nan
1706696612167,nan,nan
1706696612178,nan,nan
1706696612189,nan,nan
1706696612200,nan,nan
1706696612212,nan,nan
1706696612222,nan,nan
1706696612233,nan,nan
1706696612249,nan,nan
1706696612269,nan,nan
1706696612270,nan,nan
1706696612289,nan,nan
1706696612304,nan,nan
1706696612321,nan,nan
1706696612336,nan,nan
1706696612348,0.5045959502458572,0.5942811667919159
1706696612359,0.533861368894577,0.6024572551250458
1706696612371,0.5319559574127197,0.5925416052341461
1706696612382,0.533653199672699,0.5939114093780518
1706696612417,0.5321385264396667,0.5926177799701691
1706696612418,0.5326075553894043,0.5996359288692474
1706696612434,0.5269392132759094,0.597886323928833
1706696612437,0.5070234537124634,0.5845625102519989
1706696612449,0.5003866851329803,0.5801481306552887
1706696612460,0.49334703385829926,0.5766934752464294
1706696612471,0.4938395470380783,0.5825450122356415
1706696612483,0.49277929961681366,0.5838198363780975
1706696612493,0.4923846274614334,0.5887635350227356
1706696612504,0.4919651299715042,0.5887050032615662
1706696612516,0.49303846061229706,0.5909445583820343
1706696612527,0.4907411187887192,0.5944944322109222
1706696612567,0.4913179725408554,0.5965823829174042
1706696612568,0.49063193798065186,0.5959387719631195
1706696612571,0.490989550948143,0.5966355502605438
1706696612585,0.49251537024974823,0.6000654995441437
1706696612593,0.49255765974521637,0.5952280461788177
1706696612604,0.4938174784183502,0.596107006072998
1706696612615,0.4942318946123123,0.5963906049728394
1706696612626,0.49414218962192535,0.598906010389328
1706696612637,0.49272871017456055,0.5980955362319946
1706696612648,0.49088892340660095,0.5969668030738831
1706696612659,0.4914728105068207,0.6018720865249634
1706696612671,0.4919336438179016,0.6021502614021301
1706696612682,0.49233347177505493,0.6032954454421997
1706696612718,0.4891309291124344,0.6023562550544739
1706696612719,0.4888741672039032,0.6070549786090851
1706696612726,0.48984768986701965,0.6025218367576599
1706696612737,0.49061718583106995,0.6006012260913849
1706696612751,0.4894930571317673,0.6039619445800781
1706696612760,0.4900195002555847,0.6055677831172943
1706696612771,0.4890725612640381,0.6054960489273071
1706696612782,0.49024659395217896,0.605287104845047
1706696612792,0.487991139292717,0.6103466153144836
1706696612803,0.48784780502319336,0.6140242516994476
1706696612814,0.4882902354001999,0.6118996143341064
1706696612825,0.4893295019865036,0.6124132573604584
1706696612867,0.4892014414072037,0.6111547648906708
1706696612868,0.48897354304790497,0.6143549084663391
1706696612870,0.4889608472585678,0.6130001246929169
1706696612883,0.48996132612228394,0.6148635149002075
1706696612893,0.4914200156927109,0.6126179397106171
1706696612904,0.4918428510427475,0.6125282347202301
1706696612915,0.5111757069826126,0.6283269226551056
1706696612926,0.5745891630649567,0.6537700295448303
1706696612937,0.6751841008663177,0.7113460600376129
1706696612947,0.7332978844642639,0.7212395071983337
1706696612958,0.7870020866394043,0.7669485211372375
1706696612969,nan,nan
1706696612980,nan,nan
1706696613017,nan,nan
1706696613018,nan,nan
1706696613023,nan,nan
1706696613034,nan,nan
1706696613044,nan,nan
1706696613063,nan,nan
1706696613083,nan,nan
1706696613094,nan,nan
1706696613103,nan,nan
1706696613116,nan,nan
1706696613127,nan,nan
1706696613148,nan,nan
1706696613169,nan,nan
1706696613170,nan,nan
1706696613187,nan,nan
1706696613193,nan,nan
1706696613203,nan,nan
1706696613215,nan,nan
1706696613227,nan,nan
1706696613236,nan,nan
1706696613249,nan,nan
1706696613260,nan,nan
1706696613270,nan,nan
1706696613282,nan,nan
1706696613323,nan,nan
1706696613324,nan,nan
1706696613327,nan,nan
1706696613339,nan,nan
1706696613349,nan,nan
1706696613359,nan,nan
1706696613369,nan,nan
1706696613381,nan,nan
1706696613393,nan,nan
1706696613403,nan,nan
1706696613415,nan,nan
1706696613426,nan,nan
1706696613467,nan,nan
1706696613468,nan,nan
1706696613470,nan,nan
1706696613484,nan,nan
1706696613494,nan,nan
1706696613504,nan,nan
1706696613515,nan,nan
1706696613526,nan,nan
1706696613537,nan,nan
1706696613549,nan,nan
1706696613559,nan,nan
1706696613600,nan,nan
1706696613601,nan,nan
1706696613603,nan,nan
1706696613617,nan,nan
1706696613626,nan,nan
1706696613637,nan,nan
1706696613649,nan,nan
1706696613659,nan,nan
1706696613670,nan,nan
1706696613682,nan,nan
1706696613693,nan,nan
1706696613703,nan,nan
1706696613716,nan,nan
1706696613753,nan,nan
1706696613759,nan,nan
1706696613770,nan,nan
1706696613782,nan,nan
1706696613792,nan,nan
1706696613802,nan,nan
1706696613815,nan,nan
1706696613826,nan,nan
1706696613836,nan,nan
1706696613848,nan,nan
1706696613859,nan,nan
1706696613869,nan,nan
1706696613901,nan,nan
1706696613902,nan,nan
1706696613918,nan,nan
1706696613926,nan,nan
1706696613936,nan,nan
1706696613948,nan,nan
1706696613959,nan,nan
1706696613969,nan,nan
1706696613981,nan,nan
1706696613993,nan,nan
1706696614003,nan,nan
1706696614015,nan,nan
1706696614054,nan,nan
1706696614055,nan,nan
1706696614059,nan,nan
1706696614072,nan,nan
1706696614082,nan,nan
1706696614093,nan,nan
1706696614103,nan,nan
1706696614115,nan,nan
1706696614125,nan,nan
1706696614136,nan,nan
1706696614147,nan,nan
1706696614159,nan,nan
1706696614169,nan,nan
1706696614201,nan,nan
1706696614202,nan,nan
1706696614218,nan,nan
1706696614225,nan,nan
1706696614236,nan,nan
1706696614247,nan,nan
1706696614259,nan,nan
1706696614269,nan,nan
1706696614281,nan,nan
1706696614292,nan,nan
1706696614303,nan,nan
1706696614315,nan,nan
1706696614353,nan,nan
1706696614354,nan,nan
1706696614359,nan,nan
1706696614371,nan,nan
1706696614382,nan,nan
1706696614393,nan,nan
1706696614402,nan,nan
1706696614415,nan,nan
1706696614426,nan,nan
1706696614436,nan,nan
1706696614448,nan,nan
1706696614459,nan,nan
1706696614479,nan,nan
1706696614499,nan,nan
1706696614500,nan,nan
1706696614502,nan,nan
1706696614514,nan,nan
1706696614528,nan,nan
1706696614536,nan,nan
1706696614548,nan,nan
1706696614559,nan,nan
1706696614569,nan,nan
1706696614581,nan,nan
1706696614593,nan,nan
1706696614636,nan,nan
1706696614637,nan,nan
1706696614653,nan,nan
1706696614662,nan,nan
1706696614671,nan,nan
1706696614682,nan,nan
1706696614693,nan,nan
1706696614704,nan,nan
1706696614715,nan,nan
1706696614726,nan,nan
1706696614736,nan,nan
1706696614754,nan,nan
1706696614789,nan,nan
1706696614792,nan,nan
1706696614809,nan,nan
1706696614821,0.5120734572410583,0.6112149953842163
1706696614832,0.4873810410499573,0.6060207486152649
1706696614843,0.4896034002304077,0.5942083597183228
1706696614854,0.48980672657489777,0.5961024463176727
1706696614864,0.4906279891729355,0.5934687852859497
1706696614876,0.4908231943845749,0.5879447162151337
1706696614887,0.48919883370399475,0.5810061097145081
1706696614898,0.4901813268661499,0.5803144574165344
1706696614934,0.489405021071434,0.5756728053092957
1706696614935,0.4885866641998291,0.5778347253799438
1706696614942,0.48849456012248993,0.572705090045929
1706696614954,0.4886099100112915,0.5714303851127625
1706696614966,0.4891278147697449,0.5695807039737701
1706696614976,0.4902113676071167,0.5654391050338745
1706696614987,0.49080364406108856,0.5659461319446564
1706696614999,0.4892473816871643,0.5692554116249084
1706696615010,0.48915112018585205,0.5662629008293152
1706696615021,0.4746914654970169,0.5454860329627991
1706696615032,0.43212249875068665,0.49039603769779205
1706696615043,0.3360837399959564,0.4055846035480499
1706696615085,0.3023906797170639,0.37537847459316254
1706696615086,0.2852164953947067,0.37161651253700256
1706696615100,0.27638964354991913,0.35419368743896484
1706696615109,0.2781938910484314,0.35580354928970337
1706696615120,0.27666226029396057,0.3554873764514923
1706696615132,0.27696913480758667,0.3516702651977539
1706696615142,0.27407895028591156,0.34503722190856934
1706696615153,0.2752308249473572,0.3462430238723755
1706696615165,0.2728341370820999,0.3455539494752884
1706696615176,0.2740049660205841,0.3471628427505493
1706696615187,0.2739141583442688,0.34535151720046997
1706696615220,0.27274104952812195,0.3443906009197235
1706696615231,0.2721937745809555,0.3415776789188385
1706696615242,0.269396647810936,0.33914850652217865
1706696615254,0.26788605749607086,0.33641839027404785
1706696615265,0.26758213341236115,0.3398466110229492
1706696615276,0.26767368614673615,0.3379029780626297
1706696615287,0.26880618929862976,0.3404977321624756
1706696615298,0.268612876534462,0.3337203115224838
1706696615309,0.27043457329273224,0.33749422430992126
1706696615320,0.2686263471841812,0.3328888416290283
1706696615332,0.2686394453048706,0.3328467756509781
1706696615371,0.2665003687143326,0.32796619832515717
1706696615372,0.28117290139198303,0.3375215232372284
1706696615375,0.49731792509555817,0.47388792037963867
1706696615391,0.5631147921085358,0.5171771943569183
1706696615396,0.6126195788383484,0.5774373859167099
1706696615408,nan,nan
1706696615418,nan,nan
1706696615429,nan,nan
1706696615440,nan,nan
1706696615452,nan,nan
1706696615463,nan,nan
1706696615473,nan,nan
1706696615483,nan,nan
1706696615518,nan,nan
1706696615520,nan,nan
1706696615537,nan,nan
1706696615552,nan,nan
1706696615564,nan,nan
1706696615574,nan,nan
1706696615586,nan,nan
1706696615597,nan,nan
1706696615608,nan,nan
1706696615619,nan,nan
1706696615630,nan,nan
1706696615672,nan,nan
1706696615673,nan,nan
1706696615675,nan,nan
1706696615691,nan,nan
1706696615697,nan,nan
1706696615709,nan,nan
1706696615719,nan,nan
1706696615730,nan,nan
1706696615742,nan,nan
1706696615752,nan,nan
1706696615764,nan,nan
1706696615775,nan,nan
1706696615786,nan,nan
1706696615819,nan,nan
1706696615820,nan,nan
1706696615835,nan,nan
1706696615841,nan,nan
1706696615853,nan,nan
1706696615863,nan,nan
1706696615874,nan,nan
1706696615885,nan,nan
1706696615897,nan,nan
1706696615906,nan,nan
1706696615924,nan,nan
1706696615969,nan,nan
1706696615985,nan,nan
1706696615989,nan,nan
1706696616002,0.5411888360977173,0.4593833237886429
1706696616011,0.5411888360977173,0.4593833237886429
1706696616023,0.5347272753715515,0.4655204862356186
1706696616035,0.5464460551738739,0.4471624046564102
1706696616045,0.5464460551738739,0.4471624046564102
1706696616056,0.5549189448356628,0.44344961643218994
1706696616068,0.5692786574363708,0.4630739092826843
1706696616079,0.5336087644100189,0.42866717278957367
1706696616099,0.5241042077541351,0.43734079599380493
1706696616120,0.5504747927188873,0.4714711159467697
1706696616124,0.595283180475235,0.5362805724143982
1706696616137,0.5967135429382324,0.5422216653823853
1706696616146,0.5940566956996918,0.5464052855968475
1706696616158,0.594159722328186,0.548958420753479
1706696616169,0.5927207469940186,0.5524795949459076
1706696616180,0.5918868184089661,0.5554824471473694
1706696616191,0.5924949944019318,0.5565319955348969
1706696616202,0.5917050242424011,0.5580592155456543
1706696616213,0.5913229286670685,0.5627776682376862
1706696616224,0.5902522206306458,0.5645523965358734
1706696616235,0.5883020460605621,0.5639961361885071
1706696616270,0.5890399813652039,0.5628948211669922
1706696616271,0.5883831083774567,0.5698320269584656
1706696616285,0.5876569449901581,0.5713591873645782
1706696616290,0.5890734493732452,0.5735379159450531
1706696616302,0.5618146061897278,0.5376538932323456
1706696616312,0.4856025129556656,0.4470992535352707
1706696616323,0.414838507771492,0.3730357587337494
1706696616335,0.3355221450328827,0.31374894082546234
1706696616346,0.27510444819927216,0.2855440825223923
1706696616357,0.2639817073941231,0.2808448523283005
1706696616368,0.2633216604590416,0.2829175591468811
1706696616379,0.2626229226589203,0.28106020390987396
1706696616420,0.2617146968841553,0.28212401270866394
1706696616424,0.26633501052856445,0.2937883883714676
1706696616436,0.2672121673822403,0.2942325174808502
1706696616446,0.2659634053707123,0.29185329377651215
1706696616457,0.2664431631565094,0.2918812036514282
1706696616468,0.26622703671455383,0.29202233254909515
1706696616479,0.2673143371939659,0.29347582161426544
1706696616491,0.2675798237323761,0.29490020871162415
1706696616502,0.2661432549357414,0.29676343500614166
1706696616512,0.26668619364500046,0.2994522303342819
1706696616524,0.26712198555469513,0.3015422224998474
1706696616535,0.26882317662239075,0.30589888989925385
1706696616572,0.27020952105522156,0.3079962432384491
1706696616573,0.2714453637599945,0.30507881939411163
1706696616579,0.27035535871982574,0.3028421103954315
1706696616590,0.2707541584968567,0.30412980914115906
1706696616602,0.27137891948223114,0.30663296580314636
1706696616612,0.2707708179950714,0.30690619349479675
1706696616624,0.27289077639579773,0.3075927495956421
1706696616634,0.27301502227783203,0.30954429507255554
1706696616645,0.2978179454803467,0.3182855248451233
1706696616656,0.3700149655342102,0.3678131699562073
1706696616667,0.4190399795770645,0.39176443219184875
1706696616677,0.5654446482658386,0.5078530311584473
1706696616719,nan,nan
1706696616720,nan,nan
1706696616721,nan,nan
1706696616736,nan,nan
1706696616743,nan,nan
1706696616755,nan,nan
1706696616765,nan,nan
1706696616775,nan,nan
1706696616792,nan,nan
1706696616811,nan,nan
1706696616823,nan,nan
1706696616835,nan,nan
1706696616872,nan,nan
1706696616873,nan,nan
1706696616878,nan,nan
1706696616890,nan,nan
1706696616902,nan,nan
1706696616911,nan,nan
1706696616923,nan,nan
1706696616935,nan,nan
1706696616945,nan,nan
1706696616957,nan,nan
1706696616968,nan,nan
1706696617004,nan,nan
1706696617005,nan,nan
1706696617011,nan,nan
1706696617022,nan,nan
1706696617035,nan,nan
1706696617044,nan,nan
1706696617056,nan,nan
1706696617067,nan,nan
1706696617077,nan,nan
1706696617089,nan,nan
1706696617100,nan,nan
1706696617110,nan,nan
1706696617123,nan,nan
1706696617158,nan,nan
1706696617159,nan,nan
1706696617167,nan,nan
1706696617177,nan,nan
1706696617191,nan,nan
1706696617201,nan,nan
1706696617211,nan,nan
1706696617223,nan,nan
1706696617234,nan,nan
1706696617244,nan,nan
1706696617256,nan,nan
1706696617267,nan,nan
1706696617305,nan,nan
1706696617310,nan,nan
1706696617323,nan,nan
1706696617334,nan,nan
1706696617344,nan,nan
1706696617355,nan,nan
1706696617367,nan,nan
1706696617377,nan,nan
1706696617389,nan,nan
1706696617400,nan,nan
1706696617411,nan,nan
1706696617452,nan,nan
1706696617453,nan,nan
1706696617456,nan,nan
1706696617467,nan,nan
1706696617477,nan,nan
1706696617490,nan,nan
1706696617500,nan,nan
1706696617511,nan,nan
1706696617523,nan,nan
1706696617534,nan,nan
1706696617544,nan,nan
1706696617556,nan,nan
1706696617567,nan,nan
1706696617603,nan,nan
1706696617604,nan,nan
1706696617610,nan,nan
1706696617623,nan,nan
1706696617633,nan,nan
1706696617644,nan,nan
1706696617655,nan,nan
1706696617667,nan,nan
1706696617677,nan,nan
1706696617689,nan,nan
1706696617700,nan,nan
1706696617710,nan,nan
1706696617753,nan,nan
1706696617754,nan,nan
1706696617756,nan,nan
1706696617769,nan,nan
1706696617777,nan,nan
1706696617790,nan,nan
1706696617802,nan,nan
1706696617810,nan,nan
1706696617823,nan,nan
1706696617834,nan,nan
1706696617844,nan,nan
1706696617857,nan,nan
1706696617881,nan,nan
1706696617905,nan,nan
1706696617906,nan,nan
1706696617911,nan,nan
1706696617922,nan,nan
1706696617934,nan,nan
1706696617945,nan,nan
1706696617956,nan,nan
1706696617967,nan,nan
1706696617976,nan,nan
1706696617996,nan,nan
1706696618014,nan,nan
1706696618056,nan,nan
1706696618057,nan,nan
1706696618059,nan,nan
1706696618073,0.5351726710796356,0.6690502762794495
1706696618082,0.5351726710796356,0.6690502762794495
1706696618093,0.5351726710796356,0.6690502762794495
1706696618104,0.5429021418094635,0.6470591425895691
1706696618115,0.5429021418094635,0.6470591425895691
1706696618126,0.5429021418094635,0.6470591425895691
1706696618137,nan,nan
1706696618148,nan,nan
1706696618159,nan,nan
1706696618171,nan,nan
1706696618204,nan,nan
1706696618219,0.5665643215179443,0.6453123986721039
1706696618226,0.5716559886932373,0.654371827840805
1706696618238,0.5630635023117065,0.6515201330184937
1706696618249,0.5643707513809204,0.6470126807689667
1706696618260,0.5635126531124115,0.6453792154788971
1706696618271,0.5660587549209595,0.6409705579280853
1706696618282,0.5672560334205627,0.6361925899982452
1706696618294,0.5688112378120422,0.6370410621166229
1706696618305,0.5684064030647278,0.6413892507553101
1706696618340,0.5557419955730438,0.6250843405723572
1706696618341,0.5390925109386444,0.6084872484207153
1706696618349,0.536128968000412,0.6099648475646973
1706696618360,0.537225604057312,0.6078748106956482
1706696618372,0.5376430749893188,0.6010312139987946
1706696618383,0.5369528234004974,0.5980880856513977
1706696618394,0.5366130173206329,0.5947559475898743
1706696618405,0.5356817245483398,0.5972716212272644
1706696618416,0.536152720451355,0.5956617891788483
1706696618427,0.5356328189373016,0.5985366404056549
1706696618438,0.5353698432445526,0.603173017501831
1706696618449,0.5374936163425446,0.603254497051239
1706696618488,0.5379985868930817,0.6017712652683258
1706696618493,0.536602258682251,0.5962388217449188
1706696618506,0.5149694383144379,0.5784546136856079
1706696618516,0.4402667135000229,0.5143703371286392
1706696618527,0.37488244473934174,0.45810504257678986
1706696618538,0.3052464574575424,0.4139634966850281
1706696618549,0.2482251524925232,0.3940786272287369
1706696618560,0.23337220400571823,0.3878212720155716
1706696618571,0.23233261704444885,0.3897640258073807
1706696618582,0.23078516125679016,0.39314211905002594
1706696618594,0.23089124262332916,0.39023977518081665
1706696618605,0.23273276537656784,0.3902837187051773
1706696618641,0.2295922413468361,0.377882644534111
1706696618642,0.22723572701215744,0.37948964536190033
1706696618649,0.2249842956662178,0.3748064935207367
1706696618660,0.2252672016620636,0.3724936544895172
1706696618672,0.22611209750175476,0.3713480681180954
1706696618682,0.22433406859636307,0.37317322194576263
1706696618693,0.22296544164419174,0.37142181396484375
1706696618704,0.2350296825170517,0.367838978767395
1706696618715,0.38541801273822784,0.42651399970054626
1706696618725,0.4626176804304123,0.45946982502937317
1706696618736,0.5436567664146423,0.5146334171295166
1706696618747,nan,nan
1706696618758,nan,nan
1706696618789,nan,nan
1706696618790,nan,nan
1706696618791,nan,nan
1706696618807,nan,nan
1706696618813,nan,nan
1706696618823,nan,nan
1706696618840,nan,nan
1706696618861,nan,nan
1706696618878,nan,nan
1706696618893,nan,nan
1706696618903,nan,nan
1706696618921,nan,nan
1706696618942,nan,nan
1706696618949,nan,nan
1706696618961,nan,nan
1706696618971,nan,nan
1706696618982,nan,nan
1706696618993,nan,nan
1706696619004,nan,nan
1706696619014,nan,nan
1706696619025,nan,nan
1706696619036,nan,nan
1706696619048,nan,nan
1706696619089,nan,nan
1706696619092,nan,nan
1706696619107,nan,nan
1706696619114,nan,nan
1706696619125,nan,nan
1706696619137,nan,nan
1706696619148,nan,nan
1706696619158,nan,nan
1706696619176,nan,nan
1706696619198,nan,nan
1706696619240,nan,nan
1706696619241,nan,nan
1706696619258,nan,nan
1706696619262,nan,nan
1706696619274,nan,nan
1706696619284,nan,nan
1706696619295,nan,nan
1706696619305,nan,nan
1706696619322,nan,nan
1706696619343,nan,nan
1706696619390,nan,nan
1706696619397,nan,nan
1706696619409,0.5765161514282227,0.48694732785224915
1706696619421,0.5765161514282227,0.48694732785224915
1706696619431,0.5765161514282227,0.48694732785224915
1706696619442,0.5302717685699463,0.47938936948776245
1706696619454,0.5302717685699463,0.47938936948776245
1706696619466,0.5302717685699463,0.47938936948776245
1706696619476,0.5511468946933746,0.4927626997232437
1706696619487,0.5474145710468292,0.4905640333890915
1706696619498,0.5474145710468292,0.4905640333890915
1706696619540,0.5431331992149353,0.49481186270713806
1706696619544,0.5216090977191925,0.4870331138372421
1706696619556,0.5211643874645233,0.49420854449272156
1706696619567,0.5225066542625427,0.49448151886463165
1706696619577,0.5250296294689178,0.4921301305294037
1706696619588,0.5220481753349304,0.4956655204296112
1706696619599,0.5211733877658844,0.5011264532804489
1706696619611,0.5159721970558167,0.5103165209293365
1706696619621,0.5179354548454285,0.5124497562646866
1706696619633,0.5163886845111847,0.5129053443670273
1706696619644,0.517712414264679,0.5207781493663788
1706696619655,0.5156479179859161,0.5238807797431946
1706696619688,0.5293278396129608,0.5318441092967987
1706696619689,0.538345068693161,0.5286909937858582
1706696619705,0.5541695654392242,0.5422842800617218
1706696619711,0.5549557209014893,0.546619325876236
1706696619722,0.5547237396240234,0.5495757460594177
1706696619734,0.5555987358093262,0.5505052804946899
1706696619744,0.5548688173294067,0.5524076521396637
1706696619755,0.5546842813491821,0.5518887042999268
1706696619767,0.5546994507312775,0.5529867708683014
1706696619778,0.554005891084671,0.557365745306015
1706696619788,0.5535294115543365,0.5608526766300201
1706696619820,0.554291844367981,0.5647336840629578
1706696619822,0.5532433092594147,0.5696092247962952
1706696619837,0.5523999929428101,0.5704770982265472
1706696619844,0.5532501935958862,0.5703486204147339
1706696619854,0.5520222783088684,0.5758619010448456
1706696619866,0.5542556643486023,0.5731725990772247
1706696619876,0.5539147853851318,0.5733988881111145
1706696619887,0.6150776743888855,0.6292386054992676
1706696619898,0.651911586523056,0.6681537628173828
1706696619908,0.665572464466095,0.6718041598796844
1706696619919,nan,nan
1706696619931,nan,nan
1706696619951,nan,nan
1706696619973,nan,nan
1706696619974,nan,nan
1706696619975,nan,nan
1706696619991,nan,nan
1706696620005,nan,nan
1706696620022,nan,nan
1706696620034,nan,nan
1706696620045,nan,nan
1706696620054,nan,nan
1706696620067,nan,nan
1706696620078,nan,nan
1706696620088,nan,nan
1706696620123,nan,nan
1706696620124,nan,nan
1706696620139,nan,nan
1706696620145,nan,nan
1706696620155,nan,nan
1706696620167,nan,nan
1706696620178,nan,nan
1706696620188,nan,nan
1706696620200,nan,nan
1706696620211,nan,nan
1706696620221,nan,nan
1706696620232,nan,nan
1706696620253,nan,nan
1706696620272,nan,nan
1706696620273,nan,nan
1706696620277,nan,nan
1706696620292,nan,nan
1706696620299,nan,nan
1706696620310,nan,nan
1706696620321,nan,nan
1706696620333,nan,nan
1706696620343,nan,nan
1706696620354,nan,nan
1706696620366,nan,nan
1706696620405,nan,nan
1706696620411,nan,nan
1706696620421,nan,nan
1706696620435,nan,nan
1706696620444,nan,nan
1706696620454,nan,nan
1706696620466,nan,nan
1706696620477,nan,nan
1706696620487,nan,nan
1706696620499,nan,nan
1706696620511,nan,nan
1706696620520,nan,nan
1706696620556,nan,nan
1706696620557,nan,nan
1706696620572,nan,nan
1706696620579,nan,nan
1706696620589,nan,nan
1706696620599,nan,nan
1706696620611,nan,nan
1706696620621,nan,nan
1706696620632,nan,nan
1706696620644,nan,nan
1706696620654,nan,nan
1706696620696,nan,nan
1706696620699,nan,nan
1706696620711,nan,nan
1706696620721,nan,nan
1706696620732,nan,nan
1706696620744,nan,nan
1706696620754,nan,nan
1706696620766,nan,nan
1706696620777,nan,nan
1706696620787,nan,nan
1706696620799,nan,nan
1706696620820,nan,nan
1706696620843,nan,nan
1706696620860,nan,nan
1706696620866,nan,nan
1706696620877,nan,nan
1706696620888,nan,nan
1706696620900,nan,nan
1706696620910,nan,nan
1706696620920,nan,nan
1706696620932,nan,nan
1706696620943,nan,nan
1706696620974,nan,nan
1706696620975,nan,nan
1706696620977,nan,nan
1706696620992,nan,nan
1706696620999,nan,nan
1706696621010,nan,nan
1706696621020,nan,nan
1706696621032,nan,nan
1706696621044,nan,nan
1706696621053,nan,nan
1706696621066,nan,nan
1706696621077,nan,nan
1706696621087,nan,nan
1706696621105,nan,nan
1706696621124,nan,nan
1706696621125,nan,nan
1706696621141,nan,nan
1706696621144,nan,nan
1706696621154,nan,nan
1706696621166,nan,nan
1706696621177,nan,nan
1706696621187,nan,nan
1706696621199,nan,nan
1706696621211,nan,nan
1706696621220,nan,nan
1706696621232,nan,nan
1706696621274,nan,nan
1706696621275,nan,nan
1706696621277,nan,nan
1706696621291,nan,nan
1706696621299,nan,nan
1706696621310,nan,nan
1706696621320,nan,nan
1706696621332,nan,nan
1706696621344,nan,nan
1706696621354,nan,nan
1706696621366,nan,nan
1706696621377,nan,nan
1706696621388,nan,nan
1706696621424,nan,nan
1706696621425,nan,nan
1706696621441,nan,nan
1706696621451,nan,nan
1706696621467,nan,nan
1706696621478,nan,nan
1706696621489,nan,nan
1706696621500,nan,nan
1706696621511,nan,nan
1706696621522,nan,nan
1706696621534,nan,nan
1706696621545,nan,nan
1706696621577,nan,nan
1706696621578,nan,nan
1706696621595,nan,nan
1706696621610,nan,nan
1706696621626,nan,nan
1706696621637,nan,nan
1706696621649,0.6311007440090179,0.6084336340427399
1706696621660,0.6311007440090179,0.6084336340427399
1706696621671,0.6311007440090179,0.6084336340427399
1706696621683,0.6200111508369446,0.622085839509964
1706696621722,0.6200111508369446,0.622085839509964
1706696621723,0.6200111508369446,0.622085839509964
1706696621726,nan,nan
1706696621738,nan,nan
1706696621748,nan,nan
1706696621760,0.5370046496391296,0.7229100465774536
1706696621771,0.5410332381725311,0.7097528278827667
1706696621783,0.5238231122493744,0.7035060524940491
1706696621793,0.5181878507137299,0.697361946105957
1706696621804,0.5146070718765259,0.6950563490390778
1706696621816,0.5093308687210083,0.6991756856441498
1706696621826,0.5006676018238068,0.7072099149227142
1706696621859,0.5006676018238068,0.7072099149227142
1706696621860,0.48757404088974,0.6791829466819763
1706696621876,0.5266183614730835,0.69776651263237
1706696621884,0.5214073956012726,0.6975385248661041
1706696621896,0.5182130336761475,0.6958961486816406
1706696621905,0.517421692609787,0.6969306170940399
1706696621917,0.48616401851177216,0.6588471531867981
1706696621927,0.3938807100057602,0.5641485750675201
1706696621939,0.33308178186416626,0.5048099607229233
1706696621950,0.2809387594461441,0.471869096159935
1706696621961,0.2399790808558464,0.4532313942909241
1706696621971,0.23350819200277328,0.44863706827163696
1706696622012,0.2319222167134285,0.4417675733566284
1706696622013,0.22573795169591904,0.4377036690711975
1706696622016,0.22359292954206467,0.433087095618248
1706696622028,0.2226400300860405,0.4334329068660736
1706696622038,0.2209225594997406,0.4337434321641922
1706696622049,0.2200186923146248,0.42943525314331055
1706696622060,0.21901801973581314,0.4209827184677124
1706696622071,0.21945137530565262,0.42145970463752747
1706696622082,0.23133161664009094,0.4235021471977234
1706696622094,0.2983545660972595,0.4347895234823227
1706696622104,0.3237345218658447,0.4409833401441574
1706696622115,0.37265148758888245,0.45197533071041107
1706696622125,nan,nan
1706696622157,nan,nan
1706696622158,nan,nan
1706696622174,nan,nan
1706696622181,nan,nan
1706696622192,nan,nan
1706696622203,nan,nan
1706696622214,nan,nan
1706696622224,nan,nan
1706696622235,nan,nan
1706696622246,nan,nan
1706696622258,nan,nan
1706696622269,nan,nan
1706696622308,nan,nan
1706696622309,nan,nan
1706696622313,nan,nan
1706696622326,nan,nan
1706696622336,nan,nan
1706696622347,nan,nan
1706696622357,nan,nan
1706696622369,nan,nan
1706696622379,nan,nan
1706696622391,nan,nan
1706696622402,nan,nan
1706696622443,nan,nan
1706696622444,nan,nan
1706696622446,nan,nan
1706696622460,nan,nan
1706696622468,nan,nan
1706696622481,nan,nan
1706696622491,nan,nan
1706696622502,nan,nan
1706696622513,nan,nan
1706696622524,nan,nan
1706696622535,nan,nan
1706696622546,nan,nan
1706696622558,nan,nan
1706696622592,nan,nan
1706696622593,nan,nan
1706696622602,nan,nan
1706696622613,nan,nan
1706696622627,nan,nan
1706696622636,nan,nan
1706696622646,nan,nan
1706696622658,nan,nan
1706696622669,nan,nan
1706696622680,nan,nan
1706696622691,nan,nan
1706696622703,nan,nan
1706696622740,nan,nan
1706696622746,nan,nan
1706696622758,nan,nan
1706696622770,nan,nan
1706696622780,0.8738262057304382,0.7942085862159729
1706696622790,0.8738262057304382,0.7942085862159729
1706696622802,0.8738262057304382,0.7942085862159729
1706696622813,0.5862764120101929,0.6201410889625549
1706696622824,0.5707738399505615,0.6001783609390259
1706696622835,0.5707738399505615,0.6001783609390259
1706696622846,0.5596004724502563,0.5857904553413391
1706696622857,nan,nan
1706696622892,0.5112672448158264,0.6050757765769958
1706696622908,0.5620625615119934,0.6061229705810547
1706696622914,0.5576163530349731,0.6083046197891235
1706696622925,0.5570370554924011,0.6102925539016724
1706696622936,0.5579778552055359,0.6058303713798523
1706696622947,0.5564268827438354,0.6088185906410217
1706696622958,0.5581433176994324,0.6122156381607056
1706696622968,0.5733858346939087,0.6137111783027649
1706696622981,0.5296974778175354,0.5819103717803955
1706696622992,0.448502779006958,0.5244734287261963
1706696623029,0.43668898940086365,0.5283276438713074
1706696623036,0.41700899600982666,0.5251354575157166
1706696623047,0.41922542452812195,0.5309556126594543
1706696623059,0.4166471064090729,0.5329639911651611
1706696623070,0.4281812906265259,0.529983401298523
1706696623081,0.4254102110862732,0.5318442583084106
1706696623092,0.4264911115169525,0.5326155424118042
1706696623103,0.4242265820503235,0.545133650302887
1706696623114,0.4281757175922394,0.5537532567977905
1706696623126,0.430818647146225,0.5591890811920166
1706696623137,0.43038734793663025,0.5606583952903748
1706696623158,0.430565744638443,0.563560962677002
1706696623180,0.43275436758995056,0.5642686486244202
1706696623181,0.43265846371650696,0.5645110607147217
1706696623197,0.43741846084594727,0.5623233318328857
1706696623204,0.40413156151771545,0.5365990400314331
1706696623215,0.2947254776954651,0.42599156498908997
1706696623224,0.2947254776954651,0.42599156498908997
1706696623235,0.2614925503730774,0.38514450192451477
1706696623247,0.12689168751239777,0.2779759168624878
1706696623258,0.12954245507717133,0.2879384160041809
1706696623270,0.1360444873571396,0.2977287769317627
1706696623280,0.13657665252685547,0.30397990345954895
1706696623292,0.13889412581920624,0.304076611995697
1706696623311,0.1396491378545761,0.3054831624031067
1706696623331,0.14277516305446625,0.31295308470726013
1706696623332,0.14479392766952515,0.31667959690093994
1706696623336,0.14405955374240875,0.315583735704422
1706696623348,0.1481539011001587,0.31621792912483215
1706696623359,0.14990279078483582,0.32058534026145935
1706696623370,0.14857803285121918,0.3189903497695923
1706696623381,0.1481977254152298,0.3261733949184418
1706696623392,0.1526005119085312,0.3289676010608673
1706696623403,0.15556177496910095,0.3345993161201477
1706696623414,0.15819327533245087,0.3401811420917511
1706696623425,0.1535215675830841,0.3371584415435791
1706696623437,0.15675050020217896,0.3528769612312317
1706696623458,0.1727534681558609,0.3936311900615692
1706696623478,0.1727534681558609,0.3936311900615692
1706696623480,0.1688140630722046,0.36115148663520813
1706696623496,0.1688140630722046,0.36115148663520813
1706696623504,0.1688140630722046,0.36115148663520813
1706696623513,nan,nan
1706696623524,nan,nan
1706696623535,nan,nan
1706696623546,nan,nan
1706696623557,nan,nan
1706696623568,nan,nan
1706696623579,nan,nan
1706696623591,nan,nan
1706696623627,nan,nan
1706696623628,nan,nan
1706696623647,nan,nan
1706696623661,nan,nan
1706696623671,nan,nan
1706696623681,nan,nan
1706696623693,nan,nan
1706696623704,nan,nan
1706696623714,nan,nan
1706696623727,nan,nan
1706696623738,nan,nan
1706696623757,nan,nan
1706696623778,nan,nan
1706696623779,nan,nan
1706696623781,nan,nan
1706696623797,nan,nan
1706696623805,nan,nan
1706696623815,nan,nan
1706696623826,nan,nan
1706696623837,nan,nan
1706696623847,nan,nan
1706696623859,nan,nan
1706696623871,nan,nan
1706696623881,nan,nan
1706696623893,nan,nan
1706696623926,nan,nan
1706696623927,nan,nan
1706696623943,nan,nan
1706696623949,nan,nan
1706696623961,nan,nan
1706696623971,nan,nan
1706696623982,nan,nan
1706696623994,nan,nan
1706696624004,nan,nan
1706696624014,nan,nan
1706696624026,nan,nan
1706696624037,nan,nan
1706696624077,nan,nan
1706696624081,nan,nan
1706696624094,nan,nan
1706696624104,nan,nan
1706696624114,nan,nan
1706696624126,nan,nan
1706696624137,nan,nan
1706696624148,nan,nan
1706696624160,nan,nan
1706696624171,nan,nan
1706696624181,nan,nan
1706696624192,nan,nan
1706696624226,nan,nan
1706696624243,nan,nan
1706696624247,nan,nan
1706696624259,nan,nan
1706696624271,nan,nan
1706696624281,nan,nan
1706696624292,nan,nan
1706696624304,nan,nan
1706696624314,nan,nan
1706696624326,nan,nan
1706696624338,nan,nan
1706696624376,nan,nan
1706696624377,nan,nan
1706696624381,nan,nan
1706696624396,nan,nan
1706696624405,nan,nan
1706696624415,nan,nan
1706696624427,nan,nan
1706696624438,nan,nan
1706696624448,nan,nan
1706696624459,nan,nan
1706696624471,nan,nan
1706696624481,nan,nan
1706696624493,nan,nan
1706696624525,nan,nan
1706696624526,nan,nan
1706696624541,nan,nan
1706696624548,nan,nan
1706696624560,nan,nan
1706696624571,nan,nan
1706696624580,nan,nan
1706696624592,nan,nan
1706696624604,nan,nan
1706696624614,nan,nan
1706696624625,nan,nan
1706696624637,nan,nan
1706696624677,nan,nan
1706696624680,nan,nan
1706696624693,nan,nan
1706696624704,nan,nan
1706696624714,nan,nan
1706696624726,nan,nan
1706696624737,nan,nan
1706696624748,nan,nan
1706696624760,nan,nan
1706696624771,nan,nan
1706696624781,nan,nan
1706696624793,nan,nan
1706696624825,nan,nan
1706696624826,nan,nan
1706696624841,nan,nan
1706696624847,nan,nan
1706696624860,nan,nan
1706696624871,nan,nan
1706696624881,nan,nan
1706696624893,nan,nan
1706696624904,nan,nan
1706696624914,nan,nan
1706696624926,nan,nan
1706696624938,nan,nan
1706696624977,nan,nan
1706696624980,nan,nan
1706696624994,nan,nan
1706696625003,nan,nan
1706696625014,nan,nan
1706696625026,nan,nan
1706696625037,nan,nan
1706696625046,nan,nan
1706696625059,nan,nan
1706696625071,nan,nan
1706696625080,nan,nan
1706696625093,nan,nan
1706696625124,nan,nan
1706696625126,nan,nan
1706696625140,nan,nan
1706696625147,nan,nan
1706696625159,nan,nan
1706696625178,nan,nan
1706696625193,nan,nan
1706696625204,nan,nan
1706696625215,nan,nan
1706696625227,nan,nan
1706696625238,nan,nan
1706696625278,nan,nan
1706696625279,nan,nan
1706696625281,nan,nan
1706696625301,nan,nan
1706696625318,nan,nan
1706696625336,nan,nan
1706696625352,nan,nan
1706696625365,0.6926679909229279,0.7417896091938019
1706696625375,0.6540803015232086,0.7208114266395569
1706696625387,0.662153422832489,0.7191137969493866
1706696625426,0.6634630560874939,0.7172432839870453
1706696625431,0.6680639982223511,0.702936202287674
1706696625442,0.6291337311267853,0.7043382823467255
1706696625454,0.5465719103813171,0.7061493694782257
1706696625464,0.5115509033203125,0.6984419524669647
1706696625475,0.45389027893543243,0.7017621099948883
1706696625486,0.4743596911430359,0.6907366216182709
