timestamp,x,y
1702303718895,1300.6317138671875,990.9477424621582
1702303718896,1279.0435791015625,1068.7064838409424
1702303718902,1272.3574829101562,1082.6688194274902
1702303718914,1269.837646484375,1089.0262126922607
1702303718925,1270.4533386230469,1083.6547565460205
1702303718936,1270.6175231933594,1068.980369567871
1702303718946,1276.1463165283203,1060.3734397888184
1702303718957,1266.9110870361328,1059.3323993682861
1702303718968,1263.8333892822266,1067.6993465423584
1702303718980,1268.2066345214844,1069.7834014892578
1702303718991,1269.3544006347656,1068.1656646728516
1702303719002,1262.906494140625,1079.5452690124512
1702303719013,1255.1657104492188,1079.377555847168
1702303719048,1268.101806640625,1087.304449081421
1702303719049,1289.5564270019531,1067.352590560913
1702303719064,1273.96728515625,1056.1328029632568
1702303719069,1268.2543182373047,1055.2968120574951
1702303719082,1273.4622192382812,1063.815679550171
1702303719091,1285.2238464355469,1069.8621082305908
1702303719102,1282.1437072753906,1072.3294830322266
1702303719113,1284.3661499023438,1058.8288307189941
1702303719124,1285.2041625976562,1054.5662212371826
1702303719135,1281.9026184082031,1061.1500358581543
1702303719146,1273.9810180664062,1077.9500198364258
1702303719182,1264.5563507080078,1076.8070983886719
1702303719183,1261.8391418457031,1069.1877365112305
1702303719198,1309.2974853515625,952.0177745819092
1702303719202,1323.5556030273438,937.9551887512207
1702303719215,1307.0468139648438,954.7708797454834
1702303719226,1338.8912963867188,959.5841360092163
1702303719237,1309.7798156738281,967.3331880569458
1702303719248,1318.5924530029297,964.0269899368286
1702303719259,1317.370376586914,968.0902147293091
1702303719271,1320.4706573486328,957.6377534866333
1702303719282,1318.9594268798828,958.7707614898682
1702303719293,1313.99169921875,964.7601127624512
1702303719330,1306.2480163574219,971.4583396911621
1702303719331,1309.8420715332031,971.7699480056763
1702303719337,1318.0558776855469,969.2170000076294
1702303719348,1317.1830749511719,964.1976642608643
1702303719360,1315.7210540771484,967.379150390625
1702303719370,1310.6222534179688,965.4833650588989
1702303719381,1311.1695098876953,958.789472579956
1702303719392,1317.5810241699219,959.4492101669312
1702303719403,1318.3609771728516,963.638391494751
1702303719415,1317.5707244873047,966.0222959518433
1702303719426,1306.2932586669922,951.9799661636353
1702303719466,1311.3016510009766,947.9975509643555
1702303719467,1311.6413116455078,945.6000852584839
1702303719470,1314.520492553711,944.1892433166504
1702303719481,1315.1235961914062,950.3915405273438
1702303719495,1309.0234375,964.0460014343262
1702303719503,1320.2538299560547,951.3293266296387
1702303719515,1322.7283477783203,947.0228147506714
1702303719526,1325.877456665039,934.686541557312
1702303719537,1319.6587371826172,939.0079021453857
1702303719548,1317.1722412109375,942.4264097213745
1702303719559,1313.240966796875,950.3226613998413
1702303719571,1315.7244110107422,955.7180213928223
1702303719582,1301.7640686035156,944.3466138839722
1702303719617,1278.890609741211,920.2444124221802
1702303719618,1218.0578231811523,833.2597732543945
1702303719632,934.4737243652344,425.61270117759705
1702303719637,909.5397567749023,363.059606552124
1702303719648,846.9949340820312,204.84623551368713
1702303719659,843.1197738647461,202.01572716236115
1702303719670,847.4871826171875,193.13747584819794
1702303719681,843.5416412353516,173.8374102115631
1702303719692,843.2511138916016,163.51718723773956
1702303719703,838.8081741333008,153.7973392009735
1702303719715,837.6583480834961,145.5379432439804
1702303719751,839.4118881225586,150.96478700637817
1702303719759,841.9590377807617,157.11939990520477
1702303719770,846.9522094726562,155.1024967432022
1702303719782,846.593132019043,157.83815681934357
1702303719791,830.2089691162109,164.62274551391602
1702303719803,782.1644592285156,169.02882635593414
1702303719814,455.4349136352539,202.6716935634613
1702303719825,436.566219329834,191.6288459300995
1702303719836,429.5457077026367,188.61446142196655
1702303719848,435.1676940917969,193.94280910491943
1702303719859,441.2843322753906,184.75246131420135
1702303719899,440.51809310913086,194.25337135791779
1702303719900,445.3656005859375,193.59384298324585
1702303719903,443.7298011779785,205.63979387283325
1702303719915,440.72221755981445,208.77776384353638
1702303719925,441.1102104187012,204.99035596847534
1702303719936,440.1419258117676,198.98159623146057
1702303719948,430.72729110717773,183.91818165779114
1702303719958,425.8600044250488,186.57328963279724
1702303719970,422.25820541381836,195.15100479125977
1702303719981,429.5419692993164,205.2090311050415
1702303719992,485.4260063171387,186.19449734687805
1702303720003,561.2226104736328,172.29206085205078
1702303720014,725.7857131958008,141.14867448806763
1702303720051,737.4775695800781,144.65350091457367
1702303720067,737.2027969360352,135.35479724407196
1702303720070,736.163215637207,133.38415682315826
1702303720083,744.8368072509766,138.76426577568054
1702303720092,748.7087249755859,143.00585746765137
1702303720103,749.9084091186523,144.85085785388947
1702303720115,746.5151596069336,140.4801607131958
1702303720126,752.1651840209961,142.71626472473145
1702303720137,751.8756103515625,143.7044495344162
1702303720148,754.9260711669922,152.04280972480774
1702303720185,803.0493927001953,150.45113325119019
1702303720192,1162.001724243164,117.85763204097748
1702303720203,1183.2433700561523,103.94936710596085
1702303720215,1189.1991806030273,98.33656042814255
1702303720225,1196.8441772460938,101.62471532821655
1702303720236,1194.322624206543,106.72614812850952
1702303720247,1193.9856719970703,110.81941902637482
1702303720258,1192.8417205810547,113.38368058204651
1702303720269,1190.553321838379,120.92571973800659
1702303720280,1195.3067779541016,119.43301677703857
1702303720292,1193.556022644043,120.87337374687195
1702303720331,1198.6442184448242,113.12797486782074
1702303720332,1198.6161804199219,115.67413687705994
1702303720336,1221.4428329467773,103.15838634967804
1702303720347,1364.9404907226562,112.40877270698547
1702303720359,1418.3670043945312,112.27500557899475
1702303720370,1452.7499389648438,105.477936565876
1702303720381,1462.6596069335938,96.66321605443954
1702303720392,1457.330093383789,93.39541912078857
1702303720403,1456.2548828125,98.45935195684433
1702303720414,1455.1760864257812,106.51397466659546
1702303720425,1459.37255859375,117.57142961025238
1702303720436,1458.2208251953125,117.29114949703217
1702303720447,1456.9287872314453,115.07000148296356
1702303720486,1459.3382263183594,118.35847020149231
1702303720487,1462.540512084961,129.50008749961853
1702303720492,1463.6504364013672,123.64432096481323
1702303720503,1465.059585571289,121.01767122745514
1702303720515,1465.9220123291016,114.66566383838654
1702303720525,1461.739501953125,112.81837284564972
1702303720537,1459.9060821533203,123.31319153308868
1702303720548,1561.635513305664,132.68299520015717
1702303720559,1618.2052612304688,134.23373579978943
1702303720570,1686.7435455322266,126.39216899871826
1702303720581,1750.7959747314453,131.56273305416107
1702303720616,1752.0501708984375,131.929230093956
1702303720617,1750.5391693115234,131.86330676078796
1702303720633,1759.217529296875,119.83475804328918
1702303720635,1760.48583984375,117.81718969345093
1702303720648,1748.770751953125,133.27470123767853
1702303720658,1754.765625,124.03475940227509
1702303720669,1747.8316497802734,128.85766625404358
1702303720680,1753.6760711669922,131.55192911624908
1702303720691,1753.9324188232422,141.83885514736176
1702303720702,1758.620834350586,142.57366240024567
1702303720714,1757.4504089355469,133.11870396137238
1702303720725,1751.712417602539,129.40085649490356
1702303720747,1758.4801483154297,124.47789788246155
1702303720767,1759.2440795898438,122.69339740276337
1702303720769,1764.4140625,135.7288956642151
1702303720783,1838.5216522216797,153.90901029109955
1702303720792,1888.6508178710938,155.55549502372742
1702303720803,1952.815170288086,154.58619832992554
1702303720814,2052.3875427246094,162.75502145290375
1702303720825,2062.9479217529297,165.39307594299316
1702303720836,2058.2337188720703,165.12401819229126
1702303720847,2049.540328979492,165.59606552124023
1702303720859,2045.8946990966797,162.927428483963
1702303720902,2044.599380493164,160.29416978359222
1702303720903,2048.4906005859375,158.8457554578781
1702303720919,2052.3656463623047,162.75514483451843
1702303720925,2055.7825469970703,155.99771082401276
1702303720936,2053.4204864501953,155.14263331890106
1702303720948,2054.659423828125,144.5885270833969
1702303720959,2043.4931182861328,160.55998742580414
1702303720969,1966.2313079833984,215.85779786109924
1702303720980,1644.0228271484375,423.33107471466064
1702303720991,1515.3496551513672,525.7119798660278
1702303721002,1423.9778900146484,649.5842456817627
1702303721014,1339.6324920654297,887.5094890594482
1702303721054,1348.2476806640625,927.9545402526855
1702303721055,1349.2434692382812,929.4082975387573
1702303721058,1338.2415008544922,935.4682016372681
1702303721071,1330.064926147461,934.4304656982422
1702303721081,1333.7486267089844,933.8760852813721
1702303721092,1328.6392974853516,933.0389356613159
1702303721102,1335.0415802001953,930.6815099716187
1702303721114,1332.7533721923828,935.9041786193848
1702303721124,1331.5142059326172,928.7898015975952
1702303721135,1327.2807312011719,932.9739189147949
1702303721147,1324.4234466552734,929.7459983825684
1702303721158,1325.794448852539,933.3284854888916
1702303721200,1333.5110473632812,928.717532157898
1702303721202,1328.8310241699219,923.8593864440918
1702303721217,1337.826156616211,928.5257863998413
1702303721224,1334.250717163086,922.4952363967896
1702303721235,1324.6037292480469,933.7861776351929
1702303721247,1315.969467163086,933.9339780807495
1702303721258,1305.1882934570312,887.9048681259155
1702303721269,1308.7238311767578,786.0529375076294
1702303721280,1288.6928939819336,413.41747999191284
1702303721291,1287.4998474121094,321.503187417984
1702303721302,1283.4963989257812,282.12451815605164
1702303721314,1292.911376953125,241.09852194786072
1702303721352,1297.0353698730469,257.45527625083923
1702303721353,1300.269546508789,248.63991737365723
1702303721358,1299.3305206298828,241.6195249557495
1702303721369,1296.2167358398438,247.33593463897705
1702303721382,1294.7502136230469,245.6456708908081
1702303721392,1304.6746063232422,248.55642557144165
1702303721402,1314.0345001220703,254.453626871109
1702303721413,1292.818489074707,250.8999788761139
1702303721424,1246.315803527832,252.0449924468994
1702303721436,1112.4353790283203,236.96353197097778
1702303721446,725.1442909240723,247.7289640903473
1702303721457,678.6849403381348,246.90231800079346
1702303721469,428.61400604248047,292.56272077560425
1702303721500,396.5936088562012,320.0691282749176
1702303721501,394.3854331970215,316.52080178260803
1702303721502,399.03512954711914,315.24983167648315
1702303721516,391.5940475463867,316.02152466773987
1702303721523,394.00230407714844,316.23008251190186
1702303721535,389.1808891296387,319.23160314559937
1702303721546,375.8101463317871,313.38653326034546
1702303721557,376.02495193481445,313.9315366744995
1702303721568,378.5501289367676,307.3649847507477
1702303721580,383.1723213195801,308.1487476825714
1702303721590,378.2259941101074,306.0437285900116
1702303721601,375.3780937194824,312.5360691547394
1702303721635,273.4770202636719,303.04879546165466
1702303721636,240.61144828796387,320.38172364234924
1702303721652,245.2989101409912,332.1736264228821
1702303721657,261.8734931945801,315.4651701450348
1702303721668,261.8734931945801,315.4651701450348
1702303721680,261.9969177246094,312.9828929901123
1702303721690,263.3546257019043,314.4503939151764
1702303721700,263.3546257019043,314.4503939151764
1702303721713,255.39836883544922,324.962260723114
1702303721723,258.94399642944336,328.741739988327
1702303721734,240.41860580444336,335.89269161224365
1702303721746,247.45380401611328,349.24981355667114
1702303721784,250.9965991973877,349.88781452178955
1702303721791,749.5657348632812,680.1218819618225
1702303721802,915.5324935913086,770.3617143630981
1702303721813,1186.2224960327148,938.8064575195312
1702303721824,1205.9931945800781,954.1489934921265
1702303721835,1228.8981628417969,939.2439365386963
1702303721846,1249.2229843139648,963.4514093399048
1702303721857,1255.3567504882812,967.4772119522095
1702303721868,1258.8350296020508,965.982985496521
1702303721880,1261.461524963379,965.1169967651367
1702303721891,1256.9963836669922,958.8723850250244
1702303721924,1252.472152709961,957.6599836349487
1702303721925,1250.428695678711,965.1789236068726
1702303721941,1239.976692199707,982.3671627044678
1702303721948,1238.2905578613281,984.3820810317993
1702303721958,1255.448989868164,989.3465709686279
1702303721969,1269.0168762207031,979.6454286575317
1702303721980,1272.847900390625,975.6156349182129
1702303721991,1258.1999206542969,964.5793962478638
1702303722002,1251.4861679077148,966.1463212966919
1702303722013,1247.9306030273438,966.1579513549805
1702303722024,1251.9421768188477,965.5725431442261
1702303722036,1250.6747436523438,970.9624528884888
1702303722069,1254.5627212524414,968.4572696685791
1702303722085,1252.9832458496094,977.5687551498413
1702303722092,1253.6156845092773,967.1398115158081
1702303722102,1253.9503860473633,967.292160987854
1702303722113,1251.8137741088867,963.1576108932495
1702303722124,1254.7303771972656,969.1527986526489
1702303722135,1246.046257019043,960.8025455474854
1702303722147,1250.645980834961,886.1642217636108
1702303722158,1260.6550216674805,853.3692598342896
1702303722169,1276.3106155395508,839.970531463623
1702303722179,1294.6904373168945,841.835675239563
1702303722218,1287.9504013061523,844.2290639877319
1702303722219,1287.5884246826172,845.628833770752
1702303722223,1300.2075958251953,845.6435966491699
1702303722236,1296.246452331543,846.4003229141235
1702303722246,1286.7522048950195,851.7898464202881
1702303722257,1278.6535263061523,842.5838613510132
1702303722268,1287.190055847168,834.9105548858643
1702303722279,1297.131118774414,834.3281936645508
1702303722290,1303.7246704101562,843.1554079055786
1702303722301,1303.6433410644531,846.1935138702393
1702303722312,1301.5254974365234,844.6184778213501
1702303722324,1295.2104187011719,841.8931818008423
1702303722334,1289.0773391723633,841.2549877166748
1702303722370,1284.012451171875,841.4245891571045
1702303722371,1284.2549514770508,837.1100521087646
1702303722379,1283.0424118041992,838.168044090271
1702303722397,1289.656982421875,852.1707201004028
1702303722404,1299.7213745117188,853.7178611755371
1702303722412,1294.6119689941406,859.0033149719238
1702303722423,1294.5677947998047,846.6385889053345
1702303722436,1294.1830444335938,842.0720958709717
1702303722446,1297.8437805175781,843.7253665924072
1702303722457,1297.087631225586,842.3041391372681
1702303722468,1287.331886291504,847.4269008636475
1702303722479,1290.910415649414,845.8749532699585
1702303722490,1293.0952835083008,852.0112466812134
1702303722501,1301.7993927001953,842.2591209411621
1702303722546,1301.8524169921875,842.4676036834717
1702303722547,1293.1385040283203,837.5824213027954
1702303722563,1289.3714904785156,841.6602802276611
1702303722568,1282.9752349853516,839.6267366409302
1702303722579,1293.4917449951172,835.5962991714478
1702303722591,1292.1284484863281,832.83860206604
1702303722601,1298.2321166992188,832.448673248291
1702303722613,1287.7495193481445,838.0806684494019
1702303722624,1286.5136337280273,845.3353357315063
1702303722635,1294.0546035766602,841.7059421539307
1702303722646,1353.9073181152344,818.6519908905029
1702303722689,1376.8497467041016,814.469633102417
1702303722690,1368.3158874511719,824.3514490127563
1702303722705,1363.1240844726562,830.5628871917725
1702303722712,1358.5271453857422,828.7341356277466
1702303722723,1360.7392883300781,826.5139532089233
1702303722733,1370.46875,822.2874784469604
1702303722744,1477.6165771484375,875.1315879821777
1702303722755,nan,nan
1702303722766,nan,nan
1702303722777,nan,nan
1702303722789,nan,nan
1702303722799,nan,nan
1702303722837,nan,nan
1702303722838,nan,nan
1702303722843,nan,nan
1702303722855,nan,nan
1702303722866,nan,nan
1702303722876,nan,nan
1702303722887,nan,nan
1702303722898,nan,nan
1702303722909,nan,nan
1702303722919,nan,nan
1702303722937,nan,nan
1702303722986,nan,nan
1702303722990,nan,nan
1702303723002,nan,nan
1702303723012,nan,nan
1702303723024,nan,nan
1702303723035,nan,nan
1702303723046,nan,nan
1702303723057,nan,nan
1702303723068,nan,nan
1702303723079,nan,nan
1702303723119,nan,nan
1702303723120,nan,nan
1702303723124,nan,nan
1702303723137,nan,nan
1702303723146,nan,nan
1702303723157,nan,nan
1702303723168,nan,nan
1702303723178,nan,nan
1702303723190,nan,nan
1702303723201,nan,nan
1702303723212,nan,nan
1702303723224,nan,nan
1702303723235,nan,nan
1702303723270,nan,nan
1702303723271,nan,nan
1702303723288,nan,nan
1702303723290,nan,nan
1702303723302,nan,nan
1702303723312,nan,nan
1702303723324,nan,nan
1702303723335,nan,nan
1702303723345,nan,nan
1702303723357,nan,nan
1702303723368,nan,nan
1702303723401,nan,nan
1702303723402,nan,nan
1702303723418,nan,nan
1702303723424,nan,nan
1702303723435,nan,nan
1702303723446,nan,nan
1702303723456,nan,nan
1702303723468,nan,nan
1702303723478,nan,nan
1702303723490,nan,nan
1702303723501,nan,nan
1702303723512,nan,nan
1702303723531,nan,nan
1702303723554,nan,nan
1702303723555,nan,nan
1702303723557,nan,nan
1702303723570,nan,nan
1702303723579,nan,nan
1702303723590,nan,nan
1702303723601,nan,nan
1702303723612,nan,nan
1702303723624,nan,nan
1702303723634,nan,nan
1702303723645,nan,nan
1702303723688,nan,nan
1702303723689,nan,nan
1702303723705,nan,nan
1702303723711,nan,nan
1702303723724,nan,nan
1702303723735,nan,nan
1702303723745,nan,nan
1702303723757,nan,nan
1702303723769,nan,nan
1702303723779,nan,nan
1702303723790,nan,nan
1702303723802,nan,nan
1702303723836,nan,nan
1702303723837,nan,nan
1702303723853,nan,nan
1702303723858,nan,nan
1702303723867,nan,nan
1702303723879,nan,nan
1702303723891,nan,nan
1702303723902,nan,nan
1702303723913,nan,nan
1702303723924,nan,nan
1702303723935,nan,nan
1702303723946,nan,nan
1702303723966,nan,nan
1702303723985,nan,nan
1702303723995,nan,nan
1702303724013,nan,nan
1702303724027,nan,nan
1702303724038,494.0652084350586,413.9558744430542
1702303724049,494.0652084350586,413.9558744430542
1702303724060,494.0652084350586,413.9558744430542
1702303724072,489.96551513671875,418.83959770202637
1702303724083,425.86849212646484,348.84816884994507
1702303724116,417.47764587402344,349.7134280204773
1702303724117,415.17032623291016,344.2454767227173
1702303724132,386.0844612121582,392.79904961586
1702303724140,398.5064697265625,408.94282579421997
1702303724151,412.0034599304199,419.9115586280823
1702303724162,419.71405029296875,419.45985317230225
1702303724173,418.7272262573242,414.9260401725769
1702303724184,424.04022216796875,424.9069905281067
1702303724195,423.204345703125,428.72089862823486
1702303724207,422.2282028198242,440.8335614204407
1702303724218,436.15699768066406,521.013822555542
1702303724251,439.00686264038086,534.8341298103333
1702303724252,443.0027198791504,540.947163105011
1702303724266,443.1513977050781,535.0983381271362
1702303724273,442.8921699523926,537.9672718048096
1702303724284,446.8572425842285,549.6245384216309
1702303724295,449.8173141479492,556.4658236503601
1702303724307,454.24842834472656,559.2367172241211
1702303724317,458.9823913574219,559.0676736831665
1702303724329,461.14269256591797,556.5000057220459
1702303724340,459.1671371459961,557.3883533477783
1702303724351,520.7106971740723,574.7620296478271
1702303724386,615.8337020874023,601.6473984718323
1702303724387,764.2534637451172,635.8679008483887
1702303724402,1237.3051834106445,744.2910933494568
1702303724406,1257.5698471069336,768.3915996551514
1702303724418,1271.6183471679688,783.1340074539185
1702303724428,1273.9458847045898,787.3091125488281
1702303724439,1268.8449096679688,788.129096031189
1702303724450,1261.8930435180664,789.7160625457764
1702303724461,1258.9281845092773,796.6634130477905
1702303724472,1263.977928161621,794.5801734924316
1702303724483,1267.4023818969727,796.6445732116699
1702303724495,1268.7902450561523,794.4628000259399
1702303724517,1253.6643600463867,804.2033815383911
1702303724537,1254.3465042114258,811.6379499435425
1702303724538,1257.1195602416992,816.1783933639526
1702303724539,1264.2955017089844,811.2536001205444
1702303724554,1265.479393005371,806.6397285461426
1702303724561,1265.1547622680664,806.9934368133545
1702303724573,1268.8498306274414,809.2253351211548
1702303724584,1273.640365600586,817.0836067199707
1702303724595,1276.3862609863281,821.7429685592651
1702303724605,1280.1256561279297,820.8400297164917
1702303724617,1291.0486221313477,839.745397567749
1702303724628,1293.384666442871,843.9295148849487
1702303724639,1293.2278442382812,848.4688425064087
1702303724650,1294.3056106567383,851.1986875534058
1702303724689,1291.7146301269531,852.2571086883545
1702303724695,1303.448715209961,845.1926422119141
1702303724706,1298.480110168457,842.2732400894165
1702303724717,1302.1690368652344,849.8969793319702
1702303724728,1302.4682235717773,849.7132158279419
1702303724739,1303.4615325927734,862.4806594848633
1702303724750,1299.2432403564453,859.5658922195435
1702303724761,1299.527244567871,863.2787132263184
1702303724772,1297.721290588379,860.0513505935669
1702303724783,1301.4501190185547,860.1861476898193
1702303724795,1308.0579376220703,863.2681131362915
1702303724805,1304.0354919433594,866.0278272628784
1702303724837,1301.0172271728516,869.4758605957031
1702303724838,1296.1706161499023,865.0988817214966
1702303724852,1300.715103149414,862.0977687835693
1702303724861,1308.6644744873047,864.012565612793
1702303724872,1308.2538604736328,864.7562026977539
1702303724883,1312.6255798339844,868.9638376235962
1702303724894,1307.9130554199219,863.0968809127808
1702303724906,1305.9859085083008,847.2549819946289
1702303724917,1303.799934387207,848.9398813247681
1702303724928,1303.5143280029297,848.5484504699707
1702303724939,1301.2114715576172,862.4583005905151
1702303724972,1293.2284927368164,865.1177644729614
1702303724973,1303.3810424804688,866.966814994812
1702303724988,1307.7668762207031,868.3018255233765
1702303724995,1309.8248291015625,877.2315645217896
1702303725007,1319.6561431884766,886.7511320114136
1702303725017,1338.3804321289062,906.6315793991089
1702303725028,1331.9023132324219,904.1570806503296
1702303725039,1330.8797454833984,904.0458011627197
1702303725050,1333.5382843017578,909.6394300460815
1702303725062,1337.7111053466797,913.8003730773926
1702303725072,1339.159927368164,914.0095853805542
1702303725084,1332.8839111328125,910.6796550750732
1702303725120,1333.2121276855469,902.4778461456299
1702303725121,1334.5279693603516,900.6537294387817
1702303725136,1344.4237518310547,917.0937395095825
1702303725138,1343.2134246826172,921.4513206481934
1702303725151,1342.8848266601562,924.4835042953491
1702303725162,1337.466812133789,917.8173351287842
1702303725173,1332.6040649414062,921.5767192840576
1702303725184,1331.6925048828125,919.1125631332397
1702303725195,1333.1201171875,920.3736305236816
1702303725206,1326.8186950683594,924.7506952285767
1702303725217,1323.07861328125,927.9564714431763
1702303725256,1320.5224609375,925.2690696716309
1702303725257,1317.2941589355469,906.4713764190674
1702303725261,1306.740493774414,827.1514177322388
1702303725274,1313.3876037597656,820.2519178390503
1702303725284,1309.9008178710938,823.654932975769
1702303725294,1311.2843322753906,825.709376335144
1702303725305,1311.866683959961,827.005033493042
1702303725316,1309.1436767578125,827.8811502456665
1702303725328,1303.1525421142578,825.8067941665649
1702303725339,1307.0360565185547,821.6169691085815
1702303725350,1306.3042449951172,825.709376335144
1702303725361,1312.5631713867188,832.5672912597656
1702303725372,1311.689224243164,831.4954805374146
1702303725404,1317.4842834472656,829.020209312439
1702303725405,1323.7083435058594,821.3570308685303
1702303725421,1404.7093200683594,840.540018081665
1702303725426,nan,nan
1702303725437,nan,nan
1702303725447,nan,nan
1702303725459,nan,nan
1702303725470,nan,nan
1702303725481,nan,nan
1702303725492,nan,nan
1702303725503,nan,nan
1702303725513,nan,nan
1702303725555,nan,nan
1702303725556,nan,nan
1702303725558,nan,nan
1702303725572,nan,nan
1702303725579,nan,nan
1702303725598,nan,nan
1702303725617,nan,nan
1702303725628,nan,nan
1702303725648,nan,nan
1702303725661,nan,nan
1702303725680,nan,nan
1702303725704,nan,nan
1702303725706,nan,nan
1702303725720,nan,nan
1702303725728,nan,nan
1702303725740,nan,nan
1702303725750,nan,nan
1702303725762,nan,nan
1702303725773,nan,nan
1702303725784,nan,nan
1702303725795,nan,nan
1702303725806,nan,nan
1702303725817,nan,nan
1702303725852,nan,nan
1702303725853,nan,nan
1702303725868,nan,nan
1702303725889,nan,nan
1702303725899,nan,nan
1702303725912,nan,nan
1702303725921,nan,nan
1702303725933,nan,nan
1702303725945,nan,nan
1702303725954,nan,nan
1702303725966,nan,nan
1702303726004,nan,nan
1702303726020,nan,nan
1702303726034,nan,nan
1702303726042,nan,nan
1702303726053,nan,nan
1702303726065,nan,nan
1702303726076,nan,nan
1702303726087,nan,nan
1702303726098,nan,nan
1702303726109,nan,nan
1702303726121,nan,nan
1702303726154,nan,nan
1702303726155,nan,nan
1702303726170,nan,nan
1702303726176,nan,nan
1702303726187,nan,nan
1702303726199,nan,nan
1702303726209,nan,nan
1702303726221,nan,nan
1702303726232,nan,nan
1702303726243,nan,nan
1702303726254,nan,nan
1702303726265,nan,nan
1702303726304,nan,nan
1702303726309,nan,nan
1702303726321,nan,nan
1702303726334,nan,nan
1702303726342,nan,nan
1702303726352,nan,nan
1702303726369,nan,nan
1702303726389,nan,nan
1702303726401,nan,nan
1702303726413,nan,nan
1702303726422,nan,nan
1702303726456,nan,nan
1702303726457,nan,nan
1702303726471,nan,nan
1702303726479,nan,nan
1702303726489,nan,nan
1702303726501,nan,nan
1702303726512,nan,nan
1702303726522,nan,nan
1702303726534,nan,nan
1702303726546,nan,nan
1702303726555,nan,nan
1702303726590,nan,nan
1702303726607,nan,nan
1702303726613,nan,nan
1702303726622,nan,nan
1702303726634,nan,nan
1702303726645,nan,nan
1702303726656,nan,nan
1702303726667,nan,nan
1702303726679,nan,nan
1702303726688,nan,nan
1702303726699,nan,nan
1702303726738,nan,nan
1702303726739,nan,nan
1702303726745,nan,nan
1702303726755,nan,nan
1702303726769,nan,nan
1702303726779,nan,nan
1702303726788,nan,nan
1702303726801,nan,nan
1702303726820,nan,nan
1702303726833,nan,nan
1702303726870,nan,nan
1702303726871,nan,nan
1702303726886,nan,nan
1702303726889,nan,nan
1702303726903,nan,nan
1702303726912,1520.8641052246094,848.0323505401611
1702303726923,1520.8641052246094,848.0323505401611
1702303726934,1520.8641052246094,848.0323505401611
1702303726946,1484.8779296875,829.3874359130859
1702303726957,1484.8779296875,829.3874359130859
1702303726968,1484.8779296875,829.3874359130859
1702303726979,1462.9029846191406,858.7968063354492
1702303726999,1462.9029846191406,858.7968063354492
1702303727021,1462.9029846191406,858.7968063354492
1702303727023,1339.6803283691406,820.7507228851318
1702303727038,1339.6803283691406,820.7507228851318
1702303727046,1337.5372314453125,849.3956851959229
1702303727057,1337.5372314453125,849.3956851959229
1702303727068,1337.5372314453125,849.3956851959229
1702303727078,1310.5024719238281,877.9116439819336
1702303727089,1310.5024719238281,877.9116439819336
1702303727100,1310.5024719238281,877.9116439819336
1702303727112,nan,nan
1702303727123,1362.1672058105469,808.434362411499
1702303727134,1362.1672058105469,808.434362411499
1702303727171,1360.7550048828125,813.799638748169
1702303727179,1351.5864562988281,806.0392570495605
1702303727190,1355.25390625,805.7447719573975
1702303727203,1355.2037048339844,807.0814990997314
1702303727213,1355.9175109863281,806.3422393798828
1702303727223,1353.5523986816406,808.1054592132568
1702303727234,1353.4910583496094,806.911211013794
1702303727245,1359.7557067871094,804.1254901885986
1702303727256,1361.3996887207031,804.1995620727539
1702303727267,1370.9078979492188,811.9142818450928
1702303727305,1362.6435852050781,811.4077949523926
1702303727306,1341.5586853027344,843.6460590362549
1702303727312,1329.630126953125,855.0462627410889
1702303727323,1337.9315185546875,858.9046096801758
1702303727338,1334.0452575683594,860.9271240234375
1702303727345,1336.4192199707031,864.7797203063965
1702303727357,1333.0831909179688,871.6200828552246
1702303727368,1340.3045654296875,884.6005153656006
1702303727379,1330.118408203125,887.6033878326416
1702303727390,1326.3020324707031,888.304967880249
1702303727401,1321.7941284179688,886.4362621307373
1702303727412,1326.4512634277344,887.4753284454346
1702303727423,1324.2164611816406,885.9708023071289
1702303727455,1315.6875610351562,880.8874797821045
1702303727456,1313.0032348632812,877.0797729492188
1702303727472,1325.3819274902344,878.8983535766602
1702303727479,1333.8589477539062,871.4988040924072
1702303727491,1324.7872924804688,864.0690422058105
1702303727501,1324.2453002929688,871.5696144104004
1702303727512,1310.6988525390625,878.122444152832
1702303727523,1280.9089660644531,878.4469699859619
1702303727535,1274.9430847167969,873.2742977142334
1702303727546,1270.5941009521484,874.5890522003174
1702303727562,1269.6952819824219,879.6498870849609
1702303727588,1263.3448028564453,880.5272483825684
1702303727589,1268.8362884521484,877.981595993042
1702303727590,1260.9434509277344,873.2897472381592
1702303727604,1261.4168548583984,871.5886688232422
1702303727613,1249.3546295166016,880.5838966369629
1702303727623,1250.9278869628906,887.3132801055908
1702303727635,1246.260986328125,889.7826290130615
1702303727646,1252.9255676269531,891.7681503295898
1702303727656,1259.4197845458984,893.3258056640625
1702303727667,1268.0828857421875,895.3205966949463
1702303727678,1269.0972900390625,884.5724487304688
1702303727689,1297.9386901855469,846.4512634277344
1702303727721,1303.1211853027344,833.8690853118896
1702303727722,1299.6653747558594,852.0769500732422
1702303727724,1308.3406829833984,846.618161201477
1702303727738,1310.7466125488281,837.9514503479004
1702303727747,1310.1642608642578,837.1099233627319
1702303727758,1310.5289459228516,832.9247331619263
1702303727769,1317.6219177246094,845.3316020965576
1702303727780,1320.8202362060547,847.5201988220215
1702303727791,1324.0642547607422,845.9308290481567
1702303727803,1324.892807006836,834.2069578170776
1702303727814,1322.8585815429688,832.3559331893921
1702303727825,1319.6904754638672,831.7988920211792
1702303727836,1316.7454528808594,834.3251037597656
1702303727873,1312.7201843261719,835.6053113937378
1702303727874,1314.1557312011719,837.7322816848755
1702303727880,1380.938720703125,865.6197881698608
1702303727892,1615.3324890136719,973.688907623291
1702303727901,1677.6725006103516,1019.1797304153442
1702303727912,1715.599594116211,1026.8468570709229
1702303727923,nan,nan
1702303727934,nan,nan
1702303727945,nan,nan
1702303727956,nan,nan
1702303727968,nan,nan
1702303727979,nan,nan
1702303727989,nan,nan
1702303728022,nan,nan
1702303728023,nan,nan
1702303728040,nan,nan
1702303728053,nan,nan
1702303728070,nan,nan
1702303728081,nan,nan
1702303728091,nan,nan
1702303728103,nan,nan
1702303728114,nan,nan
1702303728132,nan,nan
1702303728158,nan,nan
1702303728159,nan,nan
1702303728174,nan,nan
1702303728180,nan,nan
1702303728192,nan,nan
1702303728202,nan,nan
1702303728214,nan,nan
1702303728224,nan,nan
1702303728236,nan,nan
1702303728247,nan,nan
1702303728257,nan,nan
1702303728269,nan,nan
1702303728307,nan,nan
1702303728308,nan,nan
1702303728314,nan,nan
1702303728324,nan,nan
1702303728337,nan,nan
1702303728347,nan,nan
1702303728357,nan,nan
1702303728369,nan,nan
1702303728381,nan,nan
1702303728391,nan,nan
1702303728402,nan,nan
1702303728440,nan,nan
1702303728441,nan,nan
1702303728447,nan,nan
1702303728457,nan,nan
1702303728470,nan,nan
1702303728480,nan,nan
1702303728490,nan,nan
1702303728502,nan,nan
1702303728513,nan,nan
1702303728524,nan,nan
1702303728536,nan,nan
1702303728547,nan,nan
1702303728557,nan,nan
1702303728589,nan,nan
1702303728590,nan,nan
1702303728591,nan,nan
1702303728606,nan,nan
1702303728614,nan,nan
1702303728625,nan,nan
1702303728636,nan,nan
1702303728647,nan,nan
1702303728656,nan,nan
1702303728669,nan,nan
1702303728680,nan,nan
1702303728722,nan,nan
1702303728723,nan,nan
1702303728739,nan,nan
1702303728746,nan,nan
1702303728758,nan,nan
1702303728769,nan,nan
1702303728780,nan,nan
1702303728790,nan,nan
1702303728802,nan,nan
1702303728813,nan,nan
1702303728834,nan,nan
1702303728855,nan,nan
1702303728857,nan,nan
1702303728871,nan,nan
1702303728880,nan,nan
1702303728891,nan,nan
1702303728903,nan,nan
1702303728913,nan,nan
1702303728923,nan,nan
1702303728935,nan,nan
1702303728946,nan,nan
1702303728956,nan,nan
1702303728969,nan,nan
1702303729005,nan,nan
1702303729013,nan,nan
1702303729023,nan,nan
1702303729036,nan,nan
1702303729046,nan,nan
1702303729056,nan,nan
1702303729068,nan,nan
1702303729079,nan,nan
1702303729090,nan,nan
1702303729102,nan,nan
1702303729141,nan,nan
1702303729142,nan,nan
1702303729146,nan,nan
1702303729157,nan,nan
1702303729170,nan,nan
1702303729180,nan,nan
1702303729190,nan,nan
1702303729202,nan,nan
1702303729213,nan,nan
1702303729223,nan,nan
1702303729235,nan,nan
1702303729246,nan,nan
1702303729256,nan,nan
1702303729290,nan,nan
1702303729306,nan,nan
1702303729313,nan,nan
1702303729323,nan,nan
1702303729335,nan,nan
1702303729347,nan,nan
1702303729356,nan,nan
1702303729368,nan,nan
1702303729380,nan,nan
1702303729390,nan,nan
1702303729425,nan,nan
1702303729426,nan,nan
1702303729441,nan,nan
1702303729448,nan,nan
1702303729459,nan,nan
1702303729469,nan,nan
1702303729480,nan,nan
1702303729491,nan,nan
1702303729502,nan,nan
1702303729513,nan,nan
1702303729523,nan,nan
1702303729535,nan,nan
1702303729573,nan,nan
1702303729579,nan,nan
1702303729589,nan,nan
1702303729603,nan,nan
1702303729614,nan,nan
1702303729623,nan,nan
1702303729634,nan,nan
1702303729646,nan,nan
1702303729656,nan,nan
1702303729668,nan,nan
1702303729689,nan,nan
1702303729709,nan,nan
1702303729710,nan,nan
1702303729713,nan,nan
1702303729727,nan,nan
1702303729735,nan,nan
1702303729746,nan,nan
1702303729756,nan,nan
1702303729768,nan,nan
1702303729780,nan,nan
1702303729790,nan,nan
1702303729801,nan,nan
1702303729842,nan,nan
1702303729843,nan,nan
1702303729846,nan,nan
1702303729857,nan,nan
1702303729871,nan,nan
1702303729879,nan,nan
1702303729889,nan,nan
1702303729901,nan,nan
1702303729912,nan,nan
1702303729922,nan,nan
1702303729934,nan,nan
1702303729946,nan,nan
1702303729956,nan,nan
1702303729994,nan,nan
1702303729995,nan,nan
1702303730002,nan,nan
1702303730012,nan,nan
1702303730025,nan,nan
1702303730035,nan,nan
1702303730046,nan,nan
1702303730056,nan,nan
1702303730068,nan,nan
1702303730079,nan,nan
1702303730089,nan,nan
1702303730101,nan,nan
1702303730120,nan,nan
1702303730142,nan,nan
1702303730143,nan,nan
1702303730145,nan,nan
1702303730158,nan,nan
1702303730167,nan,nan
1702303730179,nan,nan
1702303730189,nan,nan
1702303730201,nan,nan
1702303730212,nan,nan
1702303730222,nan,nan
1702303730234,nan,nan
1702303730246,nan,nan
1702303730256,nan,nan
1702303730290,nan,nan
1702303730291,nan,nan
1702303730305,nan,nan
1702303730312,nan,nan
1702303730323,nan,nan
1702303730334,nan,nan
1702303730346,nan,nan
1702303730356,nan,nan
1702303730367,nan,nan
1702303730379,nan,nan
1702303730388,nan,nan
1702303730400,nan,nan
1702303730441,nan,nan
1702303730442,nan,nan
1702303730445,nan,nan
1702303730457,nan,nan
1702303730469,nan,nan
1702303730478,nan,nan
1702303730489,nan,nan
1702303730501,nan,nan
1702303730512,nan,nan
1702303730522,nan,nan
1702303730534,nan,nan
1702303730573,nan,nan
1702303730575,nan,nan
1702303730579,nan,nan
1702303730591,nan,nan
1702303730600,nan,nan
1702303730612,nan,nan
1702303730622,nan,nan
1702303730634,nan,nan
1702303730645,nan,nan
1702303730656,nan,nan
1702303730667,nan,nan
1702303730679,nan,nan
1702303730689,nan,nan
1702303730725,nan,nan
1702303730726,nan,nan
1702303730734,nan,nan
1702303730745,nan,nan
1702303730756,nan,nan
1702303730767,nan,nan
1702303730779,nan,nan
1702303730788,nan,nan
1702303730801,nan,nan
1702303730820,nan,nan
1702303730834,nan,nan
1702303730844,nan,nan
1702303730875,nan,nan
1702303730876,nan,nan
1702303730879,1293.9251708984375,863.1297969818115
1702303730892,1293.9251708984375,863.1297969818115
1702303730900,1293.9251708984375,863.1297969818115
1702303730912,1267.2218322753906,942.6373386383057
1702303730923,1267.2218322753906,942.6373386383057
1702303730934,1267.2218322753906,942.6373386383057
1702303730945,1304.4705200195312,957.3984146118164
1702303730956,1355.4228210449219,865.1122283935547
1702303730968,1369.1537475585938,874.0665149688721
1702303731008,1366.2031555175781,862.5261497497559
1702303731012,1226.5144348144531,904.8571586608887
1702303731023,1342.6609802246094,851.0669803619385
1702303731034,1342.6609802246094,851.0669803619385
1702303731046,1357.3597717285156,854.0492534637451
1702303731057,1357.8773498535156,852.367057800293
1702303731068,1364.1098022460938,856.2884044647217
1702303731079,1352.6771545410156,852.1746253967285
1702303731090,1357.4270629882812,850.178804397583
1702303731101,1360.6962585449219,852.0749759674072
1702303731113,1367.6708984375,851.372537612915
1702303731124,1361.8409729003906,861.3861465454102
1702303731157,1370.7676696777344,865.2998542785645
1702303731158,1374.4047546386719,857.1389007568359
1702303731173,1364.6353149414062,847.4879264831543
1702303731179,1374.84619140625,839.3636226654053
1702303731191,1361.9657897949219,846.8118381500244
1702303731202,1366.9209289550781,851.4308166503906
1702303731213,1363.7416076660156,848.1765460968018
1702303731224,1373.2110595703125,842.4603939056396
1702303731234,1377.3402404785156,840.7322788238525
1702303731245,1378.763427734375,838.3811187744141
1702303731256,1374.2704772949219,833.1900787353516
1702303731303,1369.4688415527344,833.0366134643555
1702303731304,1354.4073486328125,833.798360824585
1702303731319,1369.6127319335938,828.3974647521973
1702303731323,1375.4057312011719,829.0994739532471
1702303731335,1374.326171875,805.5840110778809
1702303731346,1373.9210510253906,810.2907943725586
1702303731357,1370.7577514648438,807.7936363220215
1702303731368,1375.5497741699219,830.1241207122803
1702303731379,1376.0823059082031,840.7128810882568
1702303731390,1384.4273376464844,836.8153953552246
1702303731401,1381.2733459472656,815.8303928375244
1702303731412,1383.7667846679688,805.660572052002
1702303731447,1379.4230651855469,812.1070575714111
1702303731463,1367.7598571777344,812.1096324920654
1702303731469,1365.1870727539062,798.5279560089111
1702303731481,1367.2174072265625,800.176420211792
1702303731490,1374.1328430175781,799.8459720611572
1702303731501,1373.4281921386719,804.0529632568359
1702303731512,1365.5282592773438,818.0287742614746
1702303731523,1331.4579772949219,908.6714744567871
1702303731534,1327.5428771972656,938.2630634307861
1702303731545,1314.7764587402344,964.5681953430176
1702303731578,1312.1568298339844,974.4614696502686
1702303731579,1308.4910583496094,970.640115737915
1702303731595,1328.9710998535156,962.7765655517578
1702303731601,1335.4904174804688,976.5168571472168
1702303731613,1332.6226806640625,978.8705921173096
1702303731623,1330.0630187988281,967.0065593719482
1702303731635,1326.6450500488281,949.9515724182129
1702303731646,1317.5331115722656,951.7159938812256
1702303731657,1312.0533752441406,959.7419357299805
1702303731668,1319.482421875,979.5608425140381
1702303731678,1330.4966735839844,977.5861358642578
1702303731689,1342.9573059082031,976.3711166381836
1702303731726,1324.2263793945312,954.2915153503418
1702303731727,1321.1964416503906,955.5128860473633
1702303731741,1335.0852966308594,965.4084777832031
1702303731747,1308.5110473632812,962.6724529266357
1702303731759,1319.568862915039,978.9958620071411
1702303731769,1317.6164245605469,988.2335186004639
1702303731780,1313.5778045654297,988.0117321014404
1702303731791,1308.1537628173828,978.5232782363892
1702303731802,1305.9950256347656,984.5195817947388
1702303731813,1310.7381439208984,982.8535652160645
1702303731825,1318.2948303222656,992.9641199111938
1702303731836,1315.654067993164,985.5042743682861
1702303731874,1322.188949584961,1001.4868497848511
1702303731880,1803.1749725341797,1291.5128660202026
1702303731891,nan,nan
1702303731903,nan,nan
1702303731913,nan,nan
1702303731923,nan,nan
1702303731934,nan,nan
1702303731946,nan,nan
1702303731956,nan,nan
1702303731968,nan,nan
1702303731979,nan,nan
1702303731990,nan,nan
1702303732026,nan,nan
1702303732027,nan,nan
1702303732033,nan,nan
1702303732044,nan,nan
1702303732055,nan,nan
1702303732066,nan,nan
1702303732077,nan,nan
1702303732088,nan,nan
1702303732099,nan,nan
1702303732110,nan,nan
1702303732120,nan,nan
1702303732137,nan,nan
1702303732175,nan,nan
1702303732191,nan,nan
1702303732204,nan,nan
1702303732212,nan,nan
1702303732223,nan,nan
1702303732235,nan,nan
1702303732245,nan,nan
1702303732257,nan,nan
1702303732268,nan,nan
1702303732309,nan,nan
1702303732310,nan,nan
1702303732312,nan,nan
1702303732324,nan,nan
1702303732335,nan,nan
1702303732346,nan,nan
1702303732357,nan,nan
1702303732368,nan,nan
1702303732379,nan,nan
1702303732391,nan,nan
1702303732401,nan,nan
1702303732413,nan,nan
1702303732424,nan,nan
1702303732456,nan,nan
1702303732457,nan,nan
1702303732472,nan,nan
1702303732478,nan,nan
1702303732491,nan,nan
1702303732500,nan,nan
1702303732511,nan,nan
1702303732523,nan,nan
1702303732534,nan,nan
1702303732545,nan,nan
1702303732556,nan,nan
1702303732591,nan,nan
1702303732592,nan,nan
1702303732606,nan,nan
1702303732612,nan,nan
1702303732624,nan,nan
1702303732634,nan,nan
1702303732645,nan,nan
1702303732656,nan,nan
1702303732667,nan,nan
1702303732678,nan,nan
1702303732689,nan,nan
1702303732700,nan,nan
1702303732742,nan,nan
1702303732745,nan,nan
1702303732756,nan,nan
1702303732775,nan,nan
1702303732793,nan,nan
1702303732805,nan,nan
1702303732817,nan,nan
1702303732827,nan,nan
1702303732838,nan,nan
1702303732876,nan,nan
1702303732877,nan,nan
1702303732884,nan,nan
1702303732899,nan,nan
1702303732915,nan,nan
1702303732926,nan,nan
1702303732937,nan,nan
1702303732948,nan,nan
1702303732960,nan,nan
1702303732971,nan,nan
1702303733010,nan,nan
1702303733011,nan,nan
1702303733029,nan,nan
1702303733042,nan,nan
1702303733053,nan,nan
1702303733063,nan,nan
1702303733074,nan,nan
1702303733085,nan,nan
1702303733095,nan,nan
1702303733107,nan,nan
1702303733119,nan,nan
1702303733129,nan,nan
1702303733160,nan,nan
1702303733161,nan,nan
1702303733162,nan,nan
1702303733177,nan,nan
1702303733186,nan,nan
1702303733196,nan,nan
1702303733208,nan,nan
1702303733219,nan,nan
1702303733229,nan,nan
1702303733241,nan,nan
1702303733253,nan,nan
1702303733292,nan,nan
1702303733295,nan,nan
1702303733308,nan,nan
1702303733320,nan,nan
1702303733329,nan,nan
1702303733341,nan,nan
1702303733352,nan,nan
1702303733362,nan,nan
1702303733374,nan,nan
1702303733386,nan,nan
1702303733395,nan,nan
1702303733427,nan,nan
1702303733428,nan,nan
1702303733429,nan,nan
1702303733444,nan,nan
1702303733453,nan,nan
1702303733462,nan,nan
1702303733474,nan,nan
1702303733485,nan,nan
1702303733495,nan,nan
1702303733507,nan,nan
1702303733518,nan,nan
1702303733528,nan,nan
1702303733560,nan,nan
1702303733561,nan,nan
1702303733575,nan,nan
1702303733584,nan,nan
1702303733595,nan,nan
1702303733607,nan,nan
1702303733618,nan,nan
1702303733628,nan,nan
1702303733641,nan,nan
1702303733651,nan,nan
1702303733693,nan,nan
1702303733695,nan,nan
1702303733707,nan,nan
1702303733718,nan,nan
1702303733728,nan,nan
1702303733740,nan,nan
1702303733751,nan,nan
1702303733761,nan,nan
1702303733773,nan,nan
1702303733785,nan,nan
1702303733795,nan,nan
1702303733807,nan,nan
1702303733845,nan,nan
1702303733846,nan,nan
1702303733851,nan,nan
1702303733861,nan,nan
1702303733874,nan,nan
1702303733884,nan,nan
1702303733895,nan,nan
1702303733907,nan,nan
1702303733918,nan,nan
1702303733929,nan,nan
1702303733940,nan,nan
1702303733951,nan,nan
1702303733962,nan,nan
1702303733994,nan,nan
1702303733995,nan,nan
1702303734009,nan,nan
1702303734017,nan,nan
1702303734028,nan,nan
1702303734040,nan,nan
1702303734051,nan,nan
1702303734062,nan,nan
1702303734073,nan,nan
1702303734084,nan,nan
1702303734095,nan,nan
1702303734106,nan,nan
1702303734144,nan,nan
1702303734145,nan,nan
1702303734151,nan,nan
1702303734161,nan,nan
1702303734173,nan,nan
1702303734184,nan,nan
1702303734195,nan,nan
1702303734206,nan,nan
1702303734218,nan,nan
1702303734227,nan,nan
1702303734239,nan,nan
1702303734280,nan,nan
1702303734284,nan,nan
1702303734297,nan,nan
1702303734306,nan,nan
1702303734317,nan,nan
1702303734327,nan,nan
1702303734339,nan,nan
1702303734350,nan,nan
1702303734360,nan,nan
1702303734372,nan,nan
1702303734384,nan,nan
1702303734394,nan,nan
1702303734427,nan,nan
1702303734428,nan,nan
1702303734443,nan,nan
1702303734451,nan,nan
1702303734461,nan,nan
1702303734473,nan,nan
1702303734484,nan,nan
1702303734494,nan,nan
1702303734506,nan,nan
1702303734518,nan,nan
1702303734528,nan,nan
1702303734561,nan,nan
1702303734562,nan,nan
1702303734576,nan,nan
1702303734584,nan,nan
1702303734595,nan,nan
1702303734606,nan,nan
1702303734616,nan,nan
1702303734627,nan,nan
1702303734638,nan,nan
1702303734650,nan,nan
1702303734660,nan,nan
1702303734692,nan,nan
1702303734693,nan,nan
1702303734708,nan,nan
1702303734717,nan,nan
1702303734727,nan,nan
1702303734739,nan,nan
1702303734750,nan,nan
1702303734760,nan,nan
1702303734772,nan,nan
1702303734783,nan,nan
1702303734794,nan,nan
1702303734826,nan,nan
1702303734827,nan,nan
1702303734841,nan,nan
1702303734850,nan,nan
1702303734860,nan,nan
1702303734872,nan,nan
1702303734883,nan,nan
1702303734894,nan,nan
1702303734906,nan,nan
1702303734917,nan,nan
1702303734927,nan,nan
1702303734939,nan,nan
1702303734977,nan,nan
1702303734978,nan,nan
1702303734984,nan,nan
1702303734994,nan,nan
1702303735006,nan,nan
1702303735017,nan,nan
1702303735027,nan,nan
1702303735039,nan,nan
1702303735051,nan,nan
1702303735060,nan,nan
1702303735073,nan,nan
1702303735119,nan,nan
1702303735133,nan,nan
1702303735138,nan,nan
1702303735151,nan,nan
1702303735161,nan,nan
1702303735172,nan,nan
1702303735184,nan,nan
1702303735194,nan,nan
1702303735205,nan,nan
1702303735217,nan,nan
1702303735227,nan,nan
1702303735260,nan,nan
1702303735261,nan,nan
1702303735275,nan,nan
1702303735283,nan,nan
1702303735294,nan,nan
1702303735305,nan,nan
1702303735317,nan,nan
1702303735326,nan,nan
1702303735338,nan,nan
1702303735350,nan,nan
1702303735360,nan,nan
1702303735394,nan,nan
1702303735395,nan,nan
1702303735411,nan,nan
1702303735417,nan,nan
1702303735428,nan,nan
1702303735438,nan,nan
1702303735450,nan,nan
1702303735460,nan,nan
1702303735472,nan,nan
1702303735483,nan,nan
1702303735493,nan,nan
1702303735505,nan,nan
1702303735548,nan,nan
1702303735550,nan,nan
1702303735564,nan,nan
1702303735572,nan,nan
1702303735583,nan,nan
1702303735593,nan,nan
1702303735605,nan,nan
1702303735617,nan,nan
1702303735627,nan,nan
1702303735639,nan,nan
1702303735650,nan,nan
1702303735660,nan,nan
1702303735697,nan,nan
1702303735704,nan,nan
1702303735716,nan,nan
1702303735728,nan,nan
1702303735738,nan,nan
1702303735749,nan,nan
1702303735760,nan,nan
1702303735771,nan,nan
1702303735782,nan,nan
1702303735793,nan,nan
1702303735804,nan,nan
1702303735816,nan,nan
1702303735851,nan,nan
1702303735866,nan,nan
1702303735872,nan,nan
1702303735883,nan,nan
1702303735893,nan,nan
1702303735905,nan,nan
1702303735916,nan,nan
1702303735926,nan,nan
1702303735938,nan,nan
1702303735949,nan,nan
1702303735960,nan,nan
1702303735994,nan,nan
1702303735995,nan,nan
1702303736010,nan,nan
1702303736016,nan,nan
1702303736028,nan,nan
1702303736038,nan,nan
1702303736049,nan,nan
1702303736059,nan,nan
1702303736071,nan,nan
1702303736083,nan,nan
1702303736093,nan,nan
1702303736126,nan,nan
1702303736127,nan,nan
1702303736142,nan,nan
1702303736157,nan,nan
1702303736172,nan,nan
1702303736183,nan,nan
1702303736194,nan,nan
1702303736206,nan,nan
1702303736217,nan,nan
1702303736228,nan,nan
1702303736263,nan,nan
1702303736264,nan,nan
1702303736280,nan,nan
1702303736284,1084.8472595214844,957.5576305389404
1702303736296,1131.5164184570312,837.6768779754639
1702303736306,1131.5164184570312,837.6768779754639
1702303736317,1135.8653259277344,810.8009719848633
1702303736328,1105.269775390625,827.4894618988037
1702303736339,1105.269775390625,827.4894618988037
1702303736350,1119.4255828857422,804.8102474212646
1702303736360,1119.4255828857422,804.8102474212646
1702303736393,1142.826919555664,813.0738544464111
1702303736394,1132.1813201904297,838.6259937286377
1702303736408,1099.276123046875,856.2477207183838
1702303736417,1118.4416198730469,953.3768177032471
1702303736427,1118.4416198730469,953.3768177032471
1702303736438,1118.4416198730469,953.3768177032471
1702303736450,1163.3000946044922,973.1334972381592
1702303736461,1203.6840057373047,933.1624031066895
1702303736472,1203.6840057373047,933.1624031066895
1702303736484,1207.847671508789,934.7513008117676
1702303736495,1205.7820129394531,920.9921264648438
1702303736527,1205.7820129394531,920.9921264648438
1702303736528,1222.6240539550781,922.3855876922607
1702303736543,1226.328353881836,924.9514961242676
1702303736550,1225.079345703125,929.9853801727295
1702303736561,1221.888427734375,925.6287002563477
1702303736573,1220.6427764892578,923.5276508331299
1702303736584,1213.5883331298828,928.5636806488037
1702303736595,1194.062728881836,965.5141353607178
1702303736606,1192.3674774169922,978.9027786254883
1702303736617,1180.1945495605469,979.5104598999023
1702303736629,1184.2568969726562,977.5058841705322
1702303736662,1187.4421691894531,970.0820446014404
1702303736663,1195.5179595947266,967.7814388275146
1702303736677,1190.0318145751953,982.3114585876465
1702303736684,1196.5569305419922,977.7176284790039
1702303736695,1198.3599853515625,976.7694568634033
1702303736706,1192.8658294677734,974.4165802001953
1702303736717,1198.2022094726562,984.6449375152588
1702303736728,1167.4474334716797,964.7280979156494
1702303736740,1116.0355377197266,917.3894691467285
1702303736751,1016.5180969238281,829.3831443786621
1702303736762,722.3171997070312,564.3758726119995
1702303736773,643.6772918701172,517.2698020935059
1702303736792,595.0699234008789,497.12714195251465
1702303736811,535.5785751342773,484.7142219543457
1702303736812,537.3838424682617,488.7457323074341
1702303736817,537.5699234008789,493.4401559829712
1702303736827,538.8536834716797,491.2282991409302
1702303736840,535.4496765136719,481.4746284484863
1702303736850,535.5048751831055,468.5186576843262
1702303736861,491.35570526123047,434.0305995941162
1702303736872,475.45799255371094,421.88448429107666
1702303736883,423.32691192626953,351.22413396835327
1702303736894,372.51258850097656,205.16208171844482
1702303736905,374.2830276489258,204.54257726669312
1702303736944,374.4527053833008,199.34117317199707
1702303736945,383.3003234863281,209.52640056610107
1702303736950,384.1971206665039,211.5835475921631
1702303736961,383.17596435546875,208.11049461364746
1702303736974,379.2863082885742,199.8828935623169
1702303736983,380.13301849365234,213.23855638504028
1702303736994,376.6160583496094,213.28383207321167
1702303737005,374.2177963256836,212.2632622718811
1702303737017,377.5459289550781,195.9473204612732
1702303737028,383.1057357788086,192.83173084259033
1702303737039,379.4221878051758,187.23430395126343
1702303737078,381.3318634033203,190.1491141319275
1702303737085,393.8333797454834,375.5281448364258
1702303737096,350.345458984375,366.1168849468231
1702303737107,337.46009826660156,345.61093032360077
1702303737118,358.4168338775635,398.78723680973053
1702303737129,358.8234615325928,398.75925064086914
1702303737141,362.83153533935547,410.2146005630493
1702303737151,362.29599952697754,316.51275515556335
1702303737163,301.66982650756836,259.4904935359955
1702303737173,279.5879364013672,240.91606199741364
1702303737211,285.6159019470215,305.3488755226135
1702303737212,297.8048610687256,513.436684012413
1702303737219,381.7216491699219,380.3283601999283
1702303737230,457.9678153991699,427.54228234291077
1702303737241,528.7181091308594,446.3711643218994
1702303737252,568.2782363891602,465.4658532142639
1702303737263,644.543285369873,531.7450833320618
1702303737274,615.9971618652344,547.1564340591431
1702303737285,619.6111679077148,548.6804866790771
1702303737296,622.3981285095215,549.7629833221436
1702303737308,613.719425201416,552.3801970481873
1702303737347,613.8948059082031,551.6987013816833
1702303737348,614.0913772583008,551.425952911377
1702303737352,621.0866546630859,560.388286113739
1702303737363,625.6245422363281,561.1779499053955
1702303737375,620.5669784545898,551.4956045150757
1702303737384,616.9541549682617,548.9302110671997
1702303737396,608.8015937805176,545.9584951400757
1702303737407,631.418514251709,542.1135377883911
1702303737418,637.5533103942871,543.596670627594
1702303737429,635.648250579834,546.316409111023
1702303737440,613.6968803405762,565.3695774078369
1702303737486,609.982852935791,566.3347005844116
1702303737487,605.4508590698242,562.8680634498596
1702303737504,615.2162933349609,551.0808277130127
1702303737514,704.2428588867188,513.26504945755
1702303737518,702.1316528320312,507.2640895843506
1702303737529,687.8056716918945,522.01340675354
1702303737540,685.6357574462891,524.5359492301941
1702303737551,687.5016403198242,525.3177809715271
1702303737562,686.5412139892578,535.295147895813
1702303737573,701.3933944702148,532.5628566741943
1702303737583,702.0908355712891,527.3265624046326
1702303737594,813.2093811035156,486.2674140930176
1702303737605,nan,nan
1702303737616,nan,nan
1702303737646,nan,nan
1702303737649,nan,nan
1702303737663,nan,nan
1702303737671,nan,nan
1702303737682,nan,nan
1702303737693,nan,nan
1702303737704,nan,nan
1702303737715,nan,nan
1702303737726,nan,nan
1702303737737,nan,nan
1702303737748,nan,nan
1702303737759,nan,nan
1702303737797,nan,nan
1702303737798,nan,nan
1702303737816,nan,nan
1702303737831,nan,nan
1702303737841,nan,nan
1702303737853,nan,nan
1702303737863,nan,nan
1702303737875,nan,nan
1702303737887,nan,nan
1702303737896,nan,nan
1702303737908,nan,nan
1702303737929,nan,nan
1702303737950,nan,nan
1702303737951,nan,nan
1702303737967,nan,nan
1702303737973,nan,nan
1702303737986,nan,nan
1702303737996,nan,nan
1702303738007,nan,nan
1702303738018,nan,nan
1702303738028,nan,nan
1702303738047,nan,nan
1702303738083,nan,nan
1702303738089,nan,nan
1702303738098,nan,nan
1702303738112,nan,nan
1702303738123,nan,nan
1702303738132,nan,nan
1702303738143,nan,nan
1702303738155,nan,nan
1702303738171,nan,nan
1702303738187,nan,nan
1702303738198,nan,nan
1702303738230,nan,nan
1702303738231,nan,nan
1702303738232,nan,nan
1702303738246,nan,nan
1702303738254,nan,nan
1702303738264,nan,nan
1702303738283,nan,nan
1702303738301,nan,nan
1702303738313,nan,nan
1702303738325,nan,nan
1702303738334,nan,nan
1702303738364,nan,nan
1702303738365,nan,nan
1702303738368,nan,nan
1702303738381,nan,nan
1702303738392,nan,nan
1702303738401,nan,nan
1702303738413,nan,nan
1702303738425,nan,nan
1702303738434,nan,nan
1702303738446,nan,nan
1702303738459,nan,nan
1702303738467,nan,nan
1702303738479,nan,nan
1702303738513,nan,nan
1702303738514,nan,nan
1702303738529,nan,nan
1702303738534,nan,nan
1702303738546,nan,nan
1702303738558,nan,nan
1702303738568,nan,nan
1702303738579,nan,nan
1702303738592,nan,nan
1702303738601,nan,nan
1702303738613,nan,nan
1702303738648,nan,nan
1702303738649,nan,nan
1702303738663,nan,nan
1702303738668,nan,nan
1702303738681,nan,nan
1702303738691,nan,nan
1702303738701,nan,nan
1702303738713,nan,nan
1702303738724,nan,nan
1702303738734,nan,nan
1702303738746,nan,nan
1702303738758,nan,nan
1702303738776,nan,nan
1702303738796,nan,nan
1702303738797,nan,nan
1702303738800,nan,nan
1702303738812,nan,nan
1702303738824,nan,nan
1702303738833,nan,nan
1702303738845,nan,nan
1702303738857,nan,nan
1702303738867,nan,nan
1702303738879,nan,nan
1702303738890,nan,nan
1702303738931,nan,nan
1702303738932,nan,nan
1702303738934,nan,nan
1702303738947,nan,nan
1702303738957,nan,nan
1702303738967,nan,nan
1702303738979,nan,nan
1702303738991,nan,nan
1702303739001,nan,nan
1702303739013,nan,nan
1702303739024,nan,nan
1702303739034,nan,nan
1702303739046,nan,nan
1702303739086,nan,nan
1702303739087,nan,nan
1702303739091,nan,nan
1702303739102,nan,nan
1702303739115,nan,nan
1702303739124,nan,nan
1702303739134,nan,nan
1702303739146,nan,nan
1702303739164,nan,nan
1702303739180,nan,nan
1702303739189,nan,nan
1702303739200,nan,nan
1702303739233,nan,nan
1702303739234,1240.673828125,947.0697212219238
1702303739250,1240.673828125,947.0697212219238
1702303739256,1262.603759765625,946.6063213348389
1702303739268,1262.603759765625,946.6063213348389
1702303739278,1262.603759765625,946.6063213348389
1702303739289,nan,nan
1702303739300,nan,nan
1702303739312,nan,nan
1702303739323,nan,nan
1702303739334,1243.41552734375,929.0234756469727
1702303739345,1232.6166534423828,920.1900386810303
1702303739382,1242.141342163086,926.4163684844971
1702303739390,1236.1593627929688,937.2744655609131
1702303739401,1220.3824615478516,918.3415031433105
1702303739414,1218.140869140625,913.3032417297363
1702303739423,1210.37353515625,908.0234527587891
1702303739434,1207.825698852539,909.1911792755127
1702303739445,1208.8320922851562,898.3871555328369
1702303739456,1207.8511810302734,887.5445938110352
1702303739467,1210.0894927978516,896.033763885498
1702303739479,1210.7044982910156,905.039119720459
1702303739514,1212.6007080078125,915.3036117553711
1702303739515,1209.0921020507812,924.8121070861816
1702303739530,1218.8853454589844,938.3166217803955
1702303739534,1200.3713989257812,1003.9564990997314
1702303739547,1185.7876586914062,1005.2574348449707
1702303739556,1177.4036407470703,1035.4460620880127
1702303739566,nan,nan
1702303739578,nan,nan
1702303739589,nan,nan
1702303739600,nan,nan
1702303739611,nan,nan
1702303739622,nan,nan
1702303739633,nan,nan
1702303739664,nan,nan
1702303739667,nan,nan
1702303739678,nan,nan
1702303739694,nan,nan
1702303739714,nan,nan
1702303739725,nan,nan
1702303739734,nan,nan
1702303739747,nan,nan
1702303739759,nan,nan
1702303739797,nan,nan
1702303739798,nan,nan
1702303739801,nan,nan
1702303739814,nan,nan
1702303739825,nan,nan
1702303739835,nan,nan
1702303739847,nan,nan
1702303739858,nan,nan
1702303739868,nan,nan
1702303739880,nan,nan
1702303739892,nan,nan
1702303739913,nan,nan
1702303739932,nan,nan
1702303739933,nan,nan
1702303739935,nan,nan
1702303739949,nan,nan
1702303739958,nan,nan
1702303739968,nan,nan
1702303739980,nan,nan
1702303739992,nan,nan
1702303740002,nan,nan
1702303740013,nan,nan
1702303740025,nan,nan
1702303740035,nan,nan
1702303740066,nan,nan
1702303740067,nan,nan
1702303740084,nan,nan
1702303740091,nan,nan
1702303740102,nan,nan
1702303740113,nan,nan
1702303740124,nan,nan
1702303740134,nan,nan
1702303740146,nan,nan
1702303740158,nan,nan
1702303740168,nan,nan
1702303740180,nan,nan
1702303740217,nan,nan
1702303740218,nan,nan
1702303740225,nan,nan
1702303740234,nan,nan
1702303740248,nan,nan
1702303740258,nan,nan
1702303740268,nan,nan
1702303740280,nan,nan
1702303740291,nan,nan
1702303740301,nan,nan
1702303740314,nan,nan
1702303740350,nan,nan
1702303740358,nan,nan
1702303740368,nan,nan
1702303740382,nan,nan
1702303740391,nan,nan
1702303740401,nan,nan
1702303740413,nan,nan
1702303740424,nan,nan
1702303740434,nan,nan
1702303740447,nan,nan
1702303740457,nan,nan
1702303740468,nan,nan
1702303740498,nan,nan
1702303740501,nan,nan
1702303740515,nan,nan
1702303740525,nan,nan
1702303740535,nan,nan
1702303740547,nan,nan
1702303740558,nan,nan
1702303740568,nan,nan
1702303740580,nan,nan
1702303740591,nan,nan
1702303740632,nan,nan
1702303740633,nan,nan
1702303740634,nan,nan
1702303740648,nan,nan
1702303740659,nan,nan
1702303740668,nan,nan
1702303740680,nan,nan
1702303740691,nan,nan
1702303740701,nan,nan
1702303740713,nan,nan
1702303740724,nan,nan
1702303740733,nan,nan
1702303740766,nan,nan
1702303740767,nan,nan
1702303740782,nan,nan
1702303740791,nan,nan
1702303740801,nan,nan
1702303740813,nan,nan
1702303740824,nan,nan
1702303740834,nan,nan
1702303740846,nan,nan
1702303740857,nan,nan
1702303740867,nan,nan
1702303740898,nan,nan
1702303740900,nan,nan
1702303740913,nan,nan
1702303740924,nan,nan
1702303740934,nan,nan
1702303740946,nan,nan
1702303740957,nan,nan
1702303740967,nan,nan
1702303740979,nan,nan
1702303740990,nan,nan
1702303741001,nan,nan
1702303741013,nan,nan
1702303741049,nan,nan
1702303741064,nan,nan
1702303741068,nan,nan
1702303741081,nan,nan
1702303741091,nan,nan
1702303741101,nan,nan
1702303741113,nan,nan
1702303741124,nan,nan
1702303741135,nan,nan
1702303741145,nan,nan
1702303741181,nan,nan
1702303741197,nan,nan
1702303741200,nan,nan
1702303741213,nan,nan
1702303741223,nan,nan
1702303741233,nan,nan
1702303741245,nan,nan
1702303741256,nan,nan
1702303741267,nan,nan
1702303741279,nan,nan
1702303741289,nan,nan
1702303741300,nan,nan
1702303741332,nan,nan
1702303741333,nan,nan
1702303741349,nan,nan
1702303741357,nan,nan
1702303741367,nan,nan
1702303741379,nan,nan
1702303741390,nan,nan
1702303741400,nan,nan
1702303741412,nan,nan
1702303741423,nan,nan
1702303741433,nan,nan
1702303741468,nan,nan
1702303741469,nan,nan
1702303741486,nan,nan
1702303741490,nan,nan
1702303741500,nan,nan
1702303741512,nan,nan
1702303741523,nan,nan
1702303741533,nan,nan
1702303741545,nan,nan
1702303741557,nan,nan
1702303741567,nan,nan
1702303741600,nan,nan
1702303741601,nan,nan
1702303741617,nan,nan
1702303741623,nan,nan
1702303741634,nan,nan
1702303741645,nan,nan
1702303741657,nan,nan
1702303741667,nan,nan
1702303741679,nan,nan
1702303741690,nan,nan
1702303741700,nan,nan
1702303741712,nan,nan
1702303741749,nan,nan
1702303741750,nan,nan
1702303741765,nan,nan
1702303741781,nan,nan
1702303741789,nan,nan
1702303741800,nan,nan
1702303741811,nan,nan
1702303741822,nan,nan
1702303741833,nan,nan
1702303741845,nan,nan
1702303741883,1314.9861145019531,929.2276668548584
1702303741884,1314.9861145019531,929.2276668548584
1702303741890,1313.157958984375,894.389762878418
1702303741901,1357.882080078125,895.828971862793
1702303741913,1357.882080078125,895.828971862793
1702303741923,1356.3508605957031,902.5133800506592
1702303741934,1302.7140808105469,929.2181396484375
1702303741946,1351.866455078125,928.5912322998047
1702303741957,1365.3839111328125,929.4538307189941
1702303741968,1370.7539367675781,902.1059417724609
1702303741979,1364.586181640625,897.5368309020996
1702303741990,1354.4805908203125,890.2193355560303
1702303742001,1358.7744140625,883.3818912506104
1702303742036,1372.8543090820312,895.4153537750244
1702303742037,1384.5643615722656,889.9449348449707
1702303742053,1366.7117309570312,875.3775787353516
1702303742056,1366.1351013183594,876.9317150115967
1702303742067,1364.9258422851562,863.2726192474365
1702303742078,1368.1344604492188,866.2081146240234
1702303742089,1367.7769470214844,863.739709854126
1702303742100,1371.243896484375,862.4150848388672
1702303742112,1382.7272033691406,874.8607921600342
1702303742123,1381.541748046875,885.4879188537598
1702303742134,1378.6235046386719,878.2586574554443
1702303742167,1369.8236083984375,863.3308982849121
1702303742168,1368.8484191894531,855.0420570373535
1702303742185,1364.4569396972656,865.9513092041016
1702303742190,1337.8086853027344,874.7846603393555
1702303742203,1222.921142578125,884.1154861450195
1702303742212,1205.2765655517578,889.2981147766113
1702303742223,1195.7262420654297,897.1254444122314
1702303742234,1194.5255279541016,898.9998149871826
1702303742245,1189.779281616211,895.5850410461426
1702303742256,1199.9453735351562,887.0999908447266
1702303742267,1199.841537475586,884.1877555847168
1702303742279,1197.8913879394531,886.7790699005127
1702303742298,1188.360595703125,895.504789352417
1702303742318,1187.168960571289,896.0498142242432
1702303742319,1193.8727569580078,895.9394359588623
1702303742323,1192.6183319091797,900.31662940979
1702303742335,1196.9975280761719,901.5129375457764
1702303742346,1191.0580444335938,895.5218696594238
1702303742357,1197.3882293701172,867.4366092681885
1702303742367,1196.9799041748047,866.6903114318848
1702303742379,1201.5088653564453,879.7826671600342
1702303742390,1198.6177825927734,893.6433792114258
1702303742401,1196.2794494628906,899.0009307861328
1702303742411,1196.7277526855469,884.3430233001709
1702303742450,1223.150863647461,909.1721248626709
1702303742451,1454.4145202636719,1030.5414390563965
1702303742456,1769.2655944824219,1210.24995803833
1702303742467,2090.8224487304688,1428.9889526367188
1702303742480,nan,nan
1702303742489,nan,nan
1702303742499,nan,nan
1702303742511,nan,nan
1702303742522,nan,nan
1702303742533,nan,nan
1702303742544,nan,nan
1702303742584,nan,nan
1702303742585,nan,nan
1702303742588,nan,nan
1702303742600,nan,nan
1702303742611,nan,nan
1702303742622,nan,nan
1702303742633,nan,nan
1702303742644,nan,nan
1702303742655,nan,nan
1702303742666,nan,nan
1702303742677,nan,nan
1702303742716,nan,nan
1702303742717,nan,nan
1702303742721,nan,nan
1702303742733,nan,nan
1702303742746,nan,nan
1702303742755,nan,nan
1702303742766,nan,nan
1702303742778,531.0506439208984,658.6198139190674
1702303742788,531.0506439208984,658.6198139190674
1702303742799,531.0506439208984,658.6198139190674
1702303742811,nan,nan
1702303742850,nan,nan
1702303742851,nan,nan
1702303742855,nan,nan
1702303742867,nan,nan
1702303742880,nan,nan
1702303742889,nan,nan
1702303742900,nan,nan
1702303742911,nan,nan
1702303742922,nan,nan
1702303742933,nan,nan
1702303742945,nan,nan
1702303742983,nan,nan
1702303742984,nan,nan
1702303742988,nan,nan
1702303743000,nan,nan
1702303743011,nan,nan
1702303743021,nan,nan
1702303743032,nan,nan
1702303743044,nan,nan
1702303743054,nan,nan
1702303743066,nan,nan
1702303743078,nan,nan
1702303743088,nan,nan
1702303743100,nan,nan
1702303743136,nan,nan
1702303743137,nan,nan
1702303743152,nan,nan
1702303743155,nan,nan
1702303743167,nan,nan
1702303743177,nan,nan
1702303743188,nan,nan
1702303743199,nan,nan
1702303743211,nan,nan
1702303743222,nan,nan
1702303743233,nan,nan
1702303743265,nan,nan
1702303743266,nan,nan
1702303743281,nan,nan
1702303743288,nan,nan
1702303743299,nan,nan
1702303743310,nan,nan
1702303743321,nan,nan
1702303743332,nan,nan
1702303743343,nan,nan
1702303743354,nan,nan
1702303743366,nan,nan
1702303743414,nan,nan
1702303743415,nan,nan
1702303743421,nan,nan
1702303743432,nan,nan
1702303743444,nan,nan
1702303743454,nan,nan
1702303743466,nan,nan
1702303743477,nan,nan
1702303743488,nan,nan
1702303743499,nan,nan
1702303743510,nan,nan
1702303743521,nan,nan
1702303743554,nan,nan
1702303743555,nan,nan
1702303743570,nan,nan
1702303743577,nan,nan
1702303743588,nan,nan
1702303743599,nan,nan
1702303743610,nan,nan
1702303743621,nan,nan
1702303743632,nan,nan
1702303743643,nan,nan
1702303743655,nan,nan
1702303743666,nan,nan
1702303743701,nan,nan
1702303743717,nan,nan
1702303743721,nan,nan
1702303743732,nan,nan
1702303743748,nan,nan
1702303743766,nan,nan
1702303743778,nan,nan
1702303743791,nan,nan
1702303743800,nan,nan
1702303743835,nan,nan
1702303743836,nan,nan
1702303743851,nan,nan
1702303743857,nan,nan
1702303743867,nan,nan
1702303743879,nan,nan
1702303743890,nan,nan
1702303743900,nan,nan
1702303743912,nan,nan
1702303743924,nan,nan
1702303743933,nan,nan
1702303743946,nan,nan
1702303743985,nan,nan
1702303743990,nan,nan
1702303744002,nan,nan
1702303744012,nan,nan
1702303744024,nan,nan
1702303744033,nan,nan
1702303744045,nan,nan
1702303744056,nan,nan
1702303744066,nan,nan
1702303744078,nan,nan
1702303744089,nan,nan
1702303744127,nan,nan
1702303744128,nan,nan
1702303744133,nan,nan
1702303744145,nan,nan
1702303744156,nan,nan
1702303744166,nan,nan
1702303744178,nan,nan
1702303744190,nan,nan
1702303744199,nan,nan
1702303744211,nan,nan
1702303744223,nan,nan
1702303744233,nan,nan
1702303744267,nan,nan
1702303744268,nan,nan
1702303744285,nan,nan
1702303744289,nan,nan
1702303744299,nan,nan
1702303744311,nan,nan
1702303744323,nan,nan
1702303744333,nan,nan
1702303744345,nan,nan
1702303744356,nan,nan
1702303744366,nan,nan
1702303744379,nan,nan
1702303744399,nan,nan
1702303744418,nan,nan
1702303744423,nan,nan
1702303744436,nan,nan
1702303744445,nan,nan
1702303744456,nan,nan
1702303744466,nan,nan
1702303744478,nan,nan
1702303744489,nan,nan
1702303744500,nan,nan
1702303744511,nan,nan
1702303744523,nan,nan
1702303744533,nan,nan
1702303744570,nan,nan
1702303744571,nan,nan
1702303744584,nan,nan
1702303744590,nan,nan
1702303744601,nan,nan
1702303744612,nan,nan
1702303744622,nan,nan
1702303744633,nan,nan
1702303744644,nan,nan
1702303744655,nan,nan
1702303744666,nan,nan
1702303744678,nan,nan
1702303744689,nan,nan
1702303744719,nan,nan
1702303744722,nan,nan
1702303744736,nan,nan
1702303744744,nan,nan
1702303744756,nan,nan
1702303744766,nan,nan
1702303744777,nan,nan
1702303744790,nan,nan
1702303744799,nan,nan
1702303744811,nan,nan
1702303744822,nan,nan
1702303744833,nan,nan
1702303744867,nan,nan
1702303744868,nan,nan
1702303744884,nan,nan
1702303744889,nan,nan
1702303744900,nan,nan
1702303744911,nan,nan
1702303744923,nan,nan
1702303744933,nan,nan
1702303744945,nan,nan
1702303744956,nan,nan
1702303744966,nan,nan
1702303745000,nan,nan
1702303745001,nan,nan
1702303745019,nan,nan
1702303745023,nan,nan
1702303745034,nan,nan
1702303745044,nan,nan
1702303745056,nan,nan
1702303745065,nan,nan
1702303745077,nan,nan
1702303745089,nan,nan
1702303745099,nan,nan
1702303745111,nan,nan
1702303745131,nan,nan
1702303745152,nan,nan
1702303745156,nan,nan
1702303745168,nan,nan
1702303745180,nan,nan
1702303745189,nan,nan
1702303745199,nan,nan
1702303745211,nan,nan
1702303745222,nan,nan
1702303745232,nan,nan
1702303745245,nan,nan
1702303745256,nan,nan
1702303745286,nan,nan
1702303745289,nan,nan
1702303745303,nan,nan
1702303745311,nan,nan
1702303745323,nan,nan
1702303745332,nan,nan
1702303745344,nan,nan
1702303745356,nan,nan
1702303745366,nan,nan
1702303745378,nan,nan
1702303745417,nan,nan
1702303745418,nan,nan
1702303745421,nan,nan
1702303745434,nan,nan
1702303745444,nan,nan
1702303745455,nan,nan
1702303745465,nan,nan
1702303745477,nan,nan
1702303745489,nan,nan
1702303745498,nan,nan
1702303745510,nan,nan
1702303745522,nan,nan
1702303745532,nan,nan
1702303745569,nan,nan
1702303745585,nan,nan
1702303745590,nan,nan
1702303745599,nan,nan
1702303745611,nan,nan
1702303745629,nan,nan
1702303745645,nan,nan
1702303745655,nan,nan
1702303745666,nan,nan
1702303745678,nan,nan
1702303745699,1422.2209167480469,777.8952884674072
1702303745719,1422.2209167480469,777.8952884674072
1702303745720,1422.2209167480469,777.8952884674072
1702303745722,1386.1380004882812,795.2773761749268
1702303745735,1386.1380004882812,795.2773761749268
1702303745745,1386.1380004882812,795.2773761749268
1702303745756,1385.9024047851562,783.6244010925293
1702303745766,1385.9024047851562,783.6244010925293
1702303745778,1385.9024047851562,783.6244010925293
1702303745789,1290.0486755371094,779.2284107208252
1702303745800,1290.0486755371094,779.2284107208252
1702303745811,1290.0486755371094,779.2284107208252
1702303745822,nan,nan
1702303745859,1238.8641357421875,796.8858432769775
1702303745860,1253.0709075927734,806.1304950714111
1702303745867,1238.8836669921875,818.5056495666504
1702303745878,1224.5560455322266,813.8658142089844
1702303745890,1222.7357482910156,819.1433715820312
1702303745900,1231.1476135253906,819.8468399047852
1702303745911,1232.6384735107422,814.3373680114746
1702303745922,1239.950180053711,817.6993560791016
1702303745933,1235.72265625,822.1240139007568
1702303745945,1239.5335388183594,822.8236198425293
1702303745956,1231.4929962158203,823.0284118652344
1702303745992,1229.3966674804688,823.007640838623
1702303745993,1231.6043090820312,830.7723140716553
1702303746000,1249.780044555664,827.1282005310059
1702303746012,1251.2328338623047,832.862720489502
1702303746023,1240.3244018554688,846.4650821685791
1702303746034,1236.2376403808594,844.3708992004395
1702303746045,1242.3543548583984,847.9526996612549
1702303746056,1250.4773712158203,839.4280815124512
1702303746067,1262.589111328125,843.9756488800049
1702303746078,1254.6797943115234,834.9721813201904
1702303746089,1242.8087615966797,861.3635730743408
1702303746100,1222.6882934570312,975.844030380249
1702303746136,1217.2212219238281,1004.2275524139404
1702303746137,1220.0153350830078,1012.9669189453125
1702303746152,1214.881820678711,1018.9356708526611
1702303746155,1220.8795166015625,1014.9376773834229
1702303746168,1220.5724334716797,1023.0434417724609
1702303746178,1234.1377258300781,1027.4071598052979
1702303746189,1236.128921508789,1024.6422958374023
1702303746200,1235.627212524414,1019.1041564941406
1702303746211,1225.9901428222656,1012.4803447723389
1702303746222,1219.7315216064453,1029.358606338501
1702303746233,1218.9506530761719,1030.4064273834229
1702303746272,1221.768569946289,1026.6785430908203
1702303746273,1225.3629302978516,1010.489673614502
1702303746278,1225.4513549804688,1020.1437377929688
1702303746289,1219.7083282470703,1032.8819561004639
1702303746302,1217.2857666015625,1039.539499282837
1702303746311,1246.5017700195312,1045.3739261627197
1702303746321,1263.79150390625,1038.8429832458496
1702303746331,1417.3818969726562,1075.4850482940674
1702303746343,nan,nan
1702303746354,nan,nan
1702303746365,nan,nan
1702303746376,nan,nan
1702303746387,nan,nan
1702303746421,nan,nan
1702303746422,nan,nan
1702303746438,nan,nan
1702303746444,nan,nan
1702303746455,nan,nan
1702303746472,nan,nan
1702303746493,nan,nan
1702303746502,nan,nan
1702303746514,nan,nan
1702303746526,nan,nan
1702303746565,nan,nan
1702303746566,nan,nan
1702303746568,nan,nan
1702303746582,nan,nan
1702303746592,nan,nan
1702303746602,nan,nan
1702303746613,nan,nan
1702303746625,nan,nan
1702303746635,nan,nan
1702303746647,nan,nan
1702303746658,nan,nan
1702303746668,nan,nan
1702303746705,nan,nan
1702303746722,nan,nan
1702303746726,nan,nan
1702303746736,nan,nan
1702303746747,nan,nan
1702303746759,nan,nan
1702303746768,nan,nan
1702303746780,nan,nan
1702303746792,nan,nan
1702303746801,nan,nan
1702303746839,nan,nan
1702303746840,nan,nan
1702303746847,nan,nan
1702303746858,nan,nan
1702303746868,nan,nan
1702303746881,nan,nan
1702303746892,nan,nan
1702303746901,nan,nan
1702303746913,nan,nan
1702303746925,nan,nan
1702303746935,nan,nan
1702303746970,nan,nan
1702303746977,nan,nan
1702303746992,nan,nan
1702303747003,nan,nan
1702303747014,nan,nan
1702303747025,nan,nan
1702303747036,nan,nan
1702303747048,nan,nan
1702303747059,nan,nan
1702303747070,nan,nan
1702303747081,nan,nan
1702303747121,463.65222930908203,691.7769384384155
1702303747122,463.65222930908203,691.7769384384155
1702303747126,522.0783233642578,772.802095413208
1702303747138,522.0783233642578,772.802095413208
1702303747147,522.0783233642578,772.802095413208
1702303747159,488.2768249511719,735.7049560546875
1702303747169,488.2768249511719,735.7049560546875
1702303747181,516.9114685058594,729.2115211486816
1702303747192,518.4254455566406,731.5967559814453
1702303747203,515.8956909179688,701.245265007019
1702303747215,525.4924774169922,714.391565322876
1702303747254,546.3692092895508,740.7485389709473
1702303747255,597.6555252075195,824.9535942077637
1702303747259,603.0832672119141,829.2294216156006
1702303747270,617.5545120239258,837.6558494567871
1702303747282,619.929313659668,836.7264747619629
1702303747293,618.8195037841797,828.46604347229
1702303747304,619.0755462646484,829.8108386993408
1702303747315,624.0832901000977,837.6988506317139
1702303747326,623.027229309082,843.1686687469482
1702303747337,618.1884384155273,843.5602283477783
1702303747348,613.2941436767578,839.3618202209473
1702303747359,614.7258758544922,835.6394290924072
1702303747370,619.4449996948242,834.1018581390381
1702303747403,628.9297103881836,835.083417892456
1702303747404,629.4557952880859,835.458927154541
1702303747420,671.5957641601562,859.2857837677002
1702303747426,743.9997863769531,870.3063583374023
1702303747439,1082.586669921875,961.7646217346191
1702303747449,1143.7149810791016,980.9387683868408
1702303747460,1174.6904754638672,1001.6922855377197
1702303747470,1202.9352569580078,1020.5886840820312
1702303747482,1213.8269805908203,1022.8478336334229
1702303747493,1223.2867431640625,1032.4422454833984
1702303747503,1219.7598266601562,1034.4066524505615
1702303747537,1217.1961975097656,1033.935956954956
1702303747538,1202.9798889160156,1034.9162292480469
1702303747554,1212.1276092529297,1039.637861251831
1702303747559,1223.773193359375,1038.6670303344727
1702303747570,1217.7357482910156,1037.265157699585
1702303747581,1222.7021026611328,1035.6694793701172
1702303747592,1208.5985565185547,1035.3414344787598
1702303747603,1207.4677276611328,1043.6533641815186
1702303747614,1215.6294250488281,1053.9718437194824
1702303747625,1227.1578979492188,1056.591567993164
1702303747636,1226.5946960449219,1054.8630237579346
1702303747648,1224.9284362792969,1051.245002746582
1702303747669,1221.0120391845703,1060.1325988769531
1702303747690,1226.1865997314453,1061.5184211730957
1702303747691,1212.1389770507812,1064.185266494751
1702303747706,nan,nan
1702303747713,nan,nan
1702303747724,nan,nan
1702303747735,nan,nan
1702303747747,nan,nan
1702303747757,nan,nan
1702303747769,nan,nan
1702303747780,nan,nan
1702303747791,nan,nan
1702303747823,nan,nan
1702303747824,nan,nan
1702303747829,nan,nan
1702303747850,nan,nan
1702303747861,nan,nan
1702303747871,nan,nan
1702303747883,nan,nan
1702303747894,nan,nan
1702303747904,nan,nan
1702303747916,nan,nan
1702303747927,nan,nan
1702303747938,nan,nan
1702303747973,nan,nan
1702303747974,nan,nan
1702303747975,nan,nan
1702303747991,nan,nan
1702303747994,nan,nan
1702303748004,nan,nan
1702303748016,nan,nan
1702303748028,nan,nan
1702303748037,nan,nan
1702303748050,nan,nan
1702303748061,nan,nan
1702303748071,nan,nan
1702303748107,nan,nan
1702303748108,nan,nan
1702303748124,nan,nan
1702303748128,nan,nan
1702303748137,nan,nan
1702303748149,nan,nan
1702303748160,nan,nan
1702303748170,nan,nan
1702303748182,nan,nan
1702303748193,nan,nan
1702303748203,nan,nan
1702303748215,nan,nan
1702303748236,nan,nan
1702303748256,nan,nan
1702303748257,nan,nan
1702303748260,nan,nan
1702303748273,nan,nan
1702303748282,nan,nan
1702303748294,nan,nan
1702303748304,nan,nan
1702303748315,nan,nan
1702303748327,nan,nan
1702303748337,nan,nan
1702303748349,nan,nan
1702303748392,nan,nan
1702303748393,nan,nan
1702303748408,nan,nan
1702303748415,nan,nan
1702303748426,nan,nan
1702303748437,nan,nan
1702303748448,nan,nan
1702303748460,nan,nan
1702303748470,nan,nan
1702303748482,nan,nan
1702303748493,nan,nan
1702303748504,nan,nan
1702303748540,nan,nan
1702303748557,nan,nan
1702303748560,nan,nan
1702303748570,nan,nan
1702303748582,nan,nan
1702303748593,nan,nan
1702303748604,nan,nan
1702303748615,nan,nan
1702303748627,nan,nan
1702303748637,nan,nan
1702303748649,nan,nan
1702303748667,nan,nan
1702303748690,nan,nan
1702303748691,nan,nan
1702303748694,nan,nan
1702303748706,nan,nan
1702303748715,nan,nan
1702303748726,nan,nan
1702303748736,nan,nan
1702303748749,nan,nan
1702303748760,nan,nan
1702303748770,nan,nan
1702303748782,nan,nan
1702303748793,nan,nan
1702303748804,nan,nan
1702303748841,nan,nan
1702303748842,nan,nan
1702303748848,nan,nan
1702303748859,nan,nan
1702303748870,nan,nan
1702303748882,nan,nan
1702303748893,nan,nan
1702303748903,nan,nan
1702303748915,nan,nan
1702303748926,nan,nan
1702303748936,nan,nan
1702303748948,nan,nan
1702303748993,nan,nan
1702303749009,nan,nan
1702303749015,nan,nan
1702303749027,nan,nan
1702303749036,nan,nan
1702303749048,nan,nan
1702303749060,nan,nan
1702303749070,nan,nan
1702303749082,nan,nan
1702303749093,nan,nan
1702303749103,nan,nan
1702303749142,nan,nan
1702303749148,nan,nan
1702303749160,nan,nan
1702303749172,nan,nan
1702303749182,nan,nan
1702303749193,nan,nan
1702303749203,nan,nan
1702303749215,nan,nan
1702303749226,nan,nan
1702303749236,nan,nan
1702303749249,nan,nan
1702303749260,nan,nan
1702303749292,nan,nan
1702303749293,nan,nan
1702303749309,nan,nan
1702303749316,nan,nan
1702303749327,nan,nan
1702303749336,nan,nan
1702303749349,nan,nan
1702303749360,nan,nan
1702303749370,nan,nan
1702303749382,nan,nan
1702303749423,nan,nan
1702303749424,nan,nan
1702303749426,nan,nan
1702303749440,nan,nan
1702303749449,nan,nan
1702303749460,nan,nan
1702303749470,nan,nan
1702303749482,nan,nan
1702303749493,nan,nan
1702303749503,nan,nan
1702303749515,nan,nan
1702303749525,nan,nan
1702303749536,nan,nan
1702303749573,nan,nan
1702303749581,nan,nan
1702303749592,nan,nan
1702303749603,nan,nan
1702303749614,nan,nan
1702303749625,nan,nan
1702303749636,nan,nan
1702303749647,nan,nan
1702303749659,nan,nan
1702303749669,nan,nan
1702303749708,nan,nan
1702303749715,nan,nan
1702303749727,nan,nan
1702303749737,nan,nan
1702303749748,nan,nan
1702303749760,nan,nan
1702303749770,nan,nan
1702303749781,nan,nan
1702303749793,nan,nan
1702303749803,nan,nan
1702303749815,nan,nan
1702303749826,nan,nan
1702303749859,nan,nan
1702303749874,nan,nan
1702303749881,nan,nan
1702303749892,nan,nan
1702303749902,nan,nan
1702303749914,nan,nan
1702303749925,nan,nan
1702303749936,nan,nan
1702303749947,nan,nan
1702303749991,nan,nan
1702303749992,nan,nan
1702303749993,nan,nan
1702303750007,nan,nan
1702303750015,nan,nan
1702303750027,nan,nan
1702303750036,nan,nan
1702303750048,nan,nan
1702303750060,nan,nan
1702303750068,nan,nan
1702303750081,nan,nan
1702303750092,nan,nan
1702303750102,nan,nan
1702303750141,nan,nan
1702303750142,nan,nan
1702303750147,nan,nan
1702303750159,nan,nan
1702303750170,nan,nan
1702303750180,nan,nan
1702303750192,nan,nan
1702303750202,nan,nan
1702303750214,nan,nan
1702303750226,nan,nan
1702303750236,nan,nan
1702303750276,nan,nan
1702303750277,nan,nan
1702303750281,nan,nan
1702303750295,nan,nan
1702303750302,nan,nan
1702303750314,nan,nan
1702303750325,nan,nan
1702303750335,nan,nan
1702303750348,nan,nan
1702303750359,nan,nan
1702303750369,nan,nan
1702303750381,nan,nan
1702303750392,nan,nan
1702303750424,nan,nan
1702303750425,nan,nan
1702303750442,nan,nan
1702303750448,nan,nan
1702303750459,nan,nan
1702303750469,nan,nan
1702303750481,nan,nan
1702303750492,nan,nan
1702303750502,nan,nan
1702303750515,nan,nan
1702303750526,nan,nan
1702303750558,nan,nan
1702303750559,nan,nan
1702303750574,nan,nan
1702303750581,nan,nan
1702303750593,nan,nan
1702303750602,nan,nan
1702303750614,nan,nan
1702303750633,nan,nan
1702303750648,nan,nan
1702303750659,nan,nan
1702303750671,nan,nan
1702303750707,nan,nan
1702303750722,nan,nan
1702303750728,1238.4632110595703,1114.691047668457
1702303750737,1238.4632110595703,1114.691047668457
1702303750749,1238.4632110595703,1114.691047668457
1702303750760,1278.2032012939453,1069.5798110961914
1702303750770,1278.2032012939453,1069.5798110961914
1702303750781,1278.2032012939453,1069.5798110961914
1702303750793,1250.666275024414,1081.311321258545
1702303750804,1250.666275024414,1081.311321258545
1702303750840,1316.6304016113281,1071.6371726989746
1702303750841,1327.4142456054688,1070.015573501587
1702303750848,1317.9405212402344,1058.5877323150635
1702303750860,1314.9021911621094,1059.144515991211
1702303750872,1316.0488891601562,1067.04008102417
1702303750881,1316.0488891601562,1067.04008102417
1702303750893,1301.2620544433594,1059.0986824035645
1702303750904,1218.5426330566406,1052.8056621551514
1702303750915,1229.383773803711,1058.247241973877
1702303750926,1226.8036651611328,1063.3158874511719
1702303750937,1226.6207122802734,1064.5191478729248
1702303750948,1227.0706939697266,1067.0055770874023
1702303750960,1229.359359741211,1072.5232887268066
1702303750996,1235.4765319824219,1071.639060974121
1702303750997,1232.4771118164062,1065.8121871948242
1702303751004,1226.7828369140625,1062.9121398925781
1702303751015,1224.0193176269531,1067.3595428466797
1702303751027,1227.000503540039,1073.3652877807617
1702303751038,1221.730728149414,1071.961784362793
1702303751049,1229.9820709228516,1070.8432388305664
1702303751060,1231.9512939453125,1065.1476001739502
1702303751071,1241.1426544189453,1062.7379035949707
1702303751082,1233.910140991211,1062.3816204071045
1702303751093,1231.5548706054688,1063.9406490325928
1702303751104,1232.281265258789,1068.8235569000244
1702303751141,1236.0334014892578,1069.9280261993408
1702303751142,1245.2289581298828,1074.75754737854
1702303751149,1331.5066528320312,1072.2325801849365
1702303751160,1345.5046081542969,1075.2964782714844
1702303751172,1336.2605285644531,1082.2146034240723
1702303751182,1346.9001770019531,1090.213508605957
1702303751193,1345.8734130859375,1093.3150005340576
1702303751204,1352.5053405761719,1091.3879299163818
1702303751216,1345.6193542480469,1090.9049606323242
1702303751227,1351.9497680664062,1079.423303604126
1702303751238,1352.9609680175781,1081.785364151001
1702303751249,1350.6344604492188,1079.199457168579
1702303751260,1347.6901245117188,1084.8209381103516
1702303751292,1344.9505615234375,1081.8525695800781
1702303751293,1346.42333984375,1084.287929534912
1702303751310,1347.8152465820312,1087.027988433838
1702303751315,1340.2510070800781,1078.474531173706
1702303751326,1337.8366088867188,1081.5477848052979
1702303751337,1361.7819213867188,1089.289197921753
1702303751348,1422.5038146972656,1132.6750659942627
1702303751359,1553.7255859375,1281.2646389007568
1702303751370,nan,nan
1702303751381,nan,nan
1702303751392,nan,nan
1702303751423,nan,nan
1702303751424,nan,nan
1702303751425,nan,nan
1702303751440,nan,nan
1702303751448,nan,nan
1702303751460,nan,nan
1702303751470,nan,nan
1702303751481,nan,nan
1702303751492,nan,nan
1702303751502,nan,nan
1702303751514,nan,nan
1702303751524,nan,nan
1702303751536,nan,nan
1702303751573,nan,nan
1702303751574,nan,nan
1702303751581,nan,nan
1702303751591,nan,nan
1702303751604,nan,nan
1702303751614,nan,nan
1702303751625,nan,nan
1702303751636,nan,nan
1702303751647,nan,nan
1702303751658,nan,nan
1702303751669,nan,nan
1702303751691,nan,nan
1702303751711,nan,nan
1702303751712,nan,nan
1702303751714,nan,nan
1702303751727,nan,nan
1702303751736,nan,nan
1702303751747,nan,nan
1702303751758,nan,nan
1702303751770,nan,nan
1702303751781,nan,nan
1702303751792,nan,nan
1702303751803,nan,nan
1702303751844,nan,nan
1702303751845,nan,nan
1702303751848,nan,nan
1702303751863,nan,nan
1702303751870,nan,nan
1702303751881,nan,nan
1702303751892,nan,nan
1702303751903,nan,nan
1702303751915,nan,nan
1702303751926,657.9315948486328,968.6638641357422
1702303751937,624.9143600463867,921.0667991638184
1702303751948,623.8234329223633,918.6245727539062
1702303751959,616.369514465332,909.9875164031982
1702303751993,621.3492965698242,911.1240005493164
1702303751994,630.2052688598633,918.8770866394043
1702303752008,628.9294052124023,914.1580295562744
1702303752015,628.410530090332,913.8956451416016
1702303752027,629.2802047729492,911.2385845184326
1702303752037,629.7806167602539,906.5335178375244
1702303752048,630.9793472290039,909.1217422485352
1702303752059,621.4375686645508,908.5756015777588
1702303752070,550.2577590942383,872.9175853729248
1702303752082,512.4897766113281,855.130033493042
1702303752092,495.7891845703125,839.4095420837402
1702303752127,485.3133010864258,840.898962020874
1702303752128,489.2768859863281,839.2962455749512
1702303752142,479.15828704833984,846.5837860107422
1702303752149,484.4315719604492,852.9326820373535
1702303752159,488.5643768310547,857.871208190918
1702303752170,481.3393783569336,848.1834125518799
1702303752182,474.1260528564453,837.3200798034668
1702303752193,470.2864456176758,832.2870540618896
1702303752203,503.5239791870117,843.7639904022217
1702303752215,578.2546615600586,852.892255783081
1702303752226,718.6826324462891,877.0739364624023
1702303752237,1203.9027404785156,966.4225673675537
1702303752277,1287.6702880859375,999.7953414916992
1702303752278,1317.9470825195312,1011.8545532226562
1702303752281,1336.7106628417969,1037.6899337768555
1702303752293,1342.7627563476562,1038.6979293823242
1702303752303,1355.0537109375,1039.8334693908691
1702303752315,1350.9649658203125,1036.5140533447266
1702303752326,1339.2190551757812,1033.0527591705322
1702303752337,1338.0758666992188,1040.2353286743164
1702303752348,1339.2817687988281,1043.7317276000977
1702303752359,1348.1036376953125,1049.7221088409424
1702303752370,1343.199462890625,1040.7261085510254
1702303752382,1339.2631530761719,1038.7676239013672
1702303752392,1336.0275268554688,1038.4445571899414
1702303752426,1338.2575988769531,1042.4506187438965
1702303752427,1341.8911743164062,1041.293706893921
1702303752442,1334.9307250976562,1045.1117992401123
1702303752448,1332.9852294921875,1046.7503929138184
1702303752459,1337.2671508789062,1060.5381488800049
1702303752470,1341.4472961425781,1062.4457359313965
1702303752482,1340.16357421875,1066.7090320587158
1702303752493,1340.1751708984375,1048.7357425689697
1702303752504,1336.2004089355469,1050.5201625823975
1702303752515,1337.1232604980469,1046.3022708892822
1702303752526,1343.2708740234375,1043.6816883087158
1702303752558,1356.2504577636719,1031.3473892211914
1702303752575,1351.0873413085938,1043.6399745941162
1702303752582,1356.1224365234375,1044.0828609466553
1702303752593,1360.921630859375,1036.3071155548096
1702303752604,1363.3491516113281,1034.4150638580322
1702303752615,1371.4982604980469,1014.984884262085
1702303752626,1353.8690185546875,1026.50954246521
1702303752636,1332.0135498046875,1061.400489807129
1702303752646,1282.6454162597656,1120.8341217041016
1702303752657,1320.1570129394531,1144.535150527954
1702303752668,nan,nan
1702303752709,nan,nan
1702303752710,nan,nan
1702303752713,nan,nan
1702303752724,nan,nan
1702303752735,nan,nan
1702303752747,nan,nan
1702303752757,nan,nan
1702303752768,nan,nan
1702303752780,nan,nan
1702303752790,nan,nan
1702303752810,nan,nan
1702303752839,nan,nan
1702303752857,nan,nan
1702303752861,nan,nan
1702303752873,nan,nan
1702303752883,nan,nan
1702303752894,nan,nan
1702303752904,nan,nan
1702303752916,nan,nan
1702303752927,nan,nan
1702303752938,nan,nan
1702303752950,nan,nan
1702303752961,nan,nan
1702303752994,nan,nan
1702303753009,nan,nan
1702303753016,nan,nan
1702303753029,nan,nan
1702303753038,nan,nan
1702303753049,nan,nan
1702303753061,nan,nan
1702303753071,nan,nan
1702303753083,nan,nan
1702303753094,nan,nan
1702303753104,nan,nan
1702303753143,nan,nan
1702303753144,nan,nan
1702303753150,nan,nan
1702303753161,nan,nan
1702303753172,nan,nan
1702303753183,nan,nan
1702303753194,nan,nan
1702303753205,nan,nan
1702303753216,nan,nan
1702303753228,nan,nan
1702303753237,nan,nan
1702303753284,nan,nan
1702303753285,nan,nan
1702303753300,nan,nan
1702303753304,nan,nan
1702303753315,nan,nan
1702303753327,nan,nan
1702303753337,nan,nan
1702303753349,nan,nan
1702303753360,nan,nan
1702303753370,nan,nan
1702303753383,nan,nan
1702303753394,nan,nan
1702303753428,nan,nan
1702303753429,nan,nan
1702303753437,nan,nan
1702303753448,nan,nan
1702303753461,nan,nan
1702303753470,nan,nan
1702303753483,nan,nan
1702303753494,nan,nan
1702303753504,nan,nan
1702303753516,nan,nan
1702303753527,nan,nan
1702303753537,nan,nan
1702303753558,nan,nan
1702303753578,nan,nan
1702303753579,nan,nan
1702303753582,nan,nan
1702303753595,nan,nan
1702303753603,nan,nan
1702303753615,nan,nan
1702303753627,nan,nan
1702303753637,nan,nan
1702303753648,nan,nan
1702303753660,nan,nan
1702303753670,nan,nan
1702303753709,nan,nan
1702303753710,nan,nan
1702303753715,nan,nan
1702303753727,nan,nan
1702303753740,nan,nan
1702303753749,nan,nan
1702303753761,nan,nan
1702303753771,nan,nan
1702303753782,nan,nan
1702303753794,nan,nan
1702303753803,nan,nan
1702303753815,nan,nan
1702303753826,nan,nan
1702303753863,nan,nan
1702303753864,nan,nan
1702303753870,nan,nan
1702303753882,nan,nan
1702303753895,nan,nan
1702303753904,nan,nan
1702303753916,nan,nan
1702303753927,nan,nan
1702303753937,nan,nan
1702303753948,nan,nan
1702303753960,nan,nan
1702303753970,nan,nan
1702303754013,nan,nan
1702303754015,nan,nan
1702303754029,nan,nan
1702303754037,nan,nan
1702303754049,nan,nan
1702303754060,nan,nan
1702303754070,nan,nan
1702303754082,nan,nan
1702303754093,nan,nan
1702303754103,nan,nan
1702303754146,nan,nan
1702303754149,nan,nan
1702303754164,nan,nan
1702303754170,nan,nan
1702303754181,nan,nan
1702303754192,nan,nan
1702303754203,nan,nan
1702303754215,nan,nan
1702303754226,nan,nan
1702303754236,nan,nan
1702303754248,nan,nan
1702303754259,nan,nan
1702303754294,nan,nan
1702303754295,nan,nan
1702303754311,nan,nan
1702303754314,nan,nan
1702303754327,nan,nan
1702303754336,nan,nan
1702303754348,nan,nan
1702303754359,nan,nan
1702303754370,nan,nan
1702303754381,nan,nan
1702303754393,nan,nan
1702303754428,nan,nan
1702303754444,nan,nan
1702303754448,nan,nan
1702303754461,nan,nan
1702303754470,nan,nan
1702303754481,nan,nan
1702303754493,nan,nan
1702303754503,nan,nan
1702303754514,nan,nan
1702303754526,nan,nan
1702303754536,nan,nan
1702303754576,nan,nan
1702303754577,nan,nan
1702303754581,nan,nan
1702303754593,nan,nan
1702303754603,nan,nan
1702303754615,nan,nan
1702303754626,nan,nan
1702303754636,nan,nan
1702303754648,nan,nan
1702303754659,nan,nan
1702303754670,nan,nan
1702303754681,nan,nan
1702303754692,nan,nan
1702303754729,nan,nan
1702303754730,nan,nan
1702303754736,nan,nan
1702303754748,nan,nan
1702303754761,nan,nan
1702303754770,nan,nan
1702303754782,nan,nan
1702303754793,nan,nan
1702303754803,nan,nan
1702303754815,nan,nan
1702303754826,nan,nan
1702303754864,nan,nan
1702303754865,nan,nan
1702303754870,nan,nan
1702303754882,nan,nan
1702303754893,nan,nan
1702303754903,nan,nan
1702303754915,nan,nan
1702303754926,nan,nan
1702303754937,nan,nan
1702303754948,nan,nan
1702303754960,nan,nan
1702303754969,nan,nan
1702303754981,nan,nan
1702303755013,nan,nan
1702303755014,nan,nan
1702303755031,nan,nan
1702303755036,nan,nan
1702303755048,nan,nan
1702303755059,nan,nan
1702303755069,nan,nan
1702303755081,nan,nan
1702303755092,nan,nan
1702303755102,nan,nan
1702303755114,nan,nan
1702303755125,nan,nan
1702303755145,nan,nan
1702303755164,nan,nan
1702303755165,nan,nan
1702303755169,nan,nan
1702303755181,nan,nan
1702303755192,nan,nan
1702303755202,nan,nan
1702303755214,nan,nan
1702303755225,nan,nan
1702303755236,nan,nan
1702303755248,nan,nan
1702303755259,nan,nan
1702303755295,nan,nan
1702303755296,nan,nan
1702303755303,nan,nan
1702303755315,nan,nan
1702303755326,nan,nan
1702303755336,nan,nan
1702303755348,nan,nan
1702303755367,nan,nan
1702303755382,nan,nan
1702303755393,nan,nan
1702303755404,nan,nan
1702303755445,nan,nan
1702303755446,nan,nan
1702303755448,nan,nan
1702303755461,nan,nan
1702303755470,nan,nan
1702303755482,nan,nan
1702303755492,nan,nan
1702303755511,nan,nan
1702303755530,nan,nan
1702303755548,nan,nan
1702303755580,nan,nan
1702303755585,1313.9816284179688,1034.8159790039062
1702303755596,1289.6612548828125,1041.8296337127686
1702303755609,1300.3753662109375,1032.0903396606445
1702303755618,1279.9238586425781,1024.7473526000977
1702303755630,1294.7604370117188,1013.950023651123
1702303755640,1234.2237854003906,1021.1695861816406
1702303755652,1328.3529663085938,1034.5045852661133
1702303755663,1317.9006958007812,1052.4553871154785
1702303755674,1311.5615844726562,1016.2786102294922
