timestamp,x,y
1706696783603,977.4444375071253,776.6683384776115
1706696783644,974.5500287574154,771.4646257460117
1706696783645,976.0858678541513,772.0754615962505
1706696783647,981.455556984254,775.8122481405735
1706696783661,982.3571744774347,776.3738632202148
1706696783669,965.4810646162775,767.5636991858482
1706696783681,893.9727192353063,719.3439349532127
1706696783692,726.7344669636902,631.3291564583778
1706696783703,632.1872737579105,578.1917672604322
1706696783714,557.9139527555902,552.3358147591352
1706696783725,505.4277964468696,539.9355107918382
1706696783736,506.10765467529944,539.8633712902665
1706696783747,503.412280724531,537.5495173037052
1706696783758,504.52057966405164,537.3634919524193
1706696783799,506.0438174033001,537.1331721544266
1706696783800,505.26431225860716,537.3295810073614
1706696783802,495.36113502752704,532.1845807135105
1706696783818,492.4626087242325,532.8974785283208
1706696783825,487.0661627285772,528.8594890385866
1706696783836,485.4824568154291,529.8262234777212
1706696783847,489.9666660657161,527.3537715896964
1706696783858,498.6581267692076,533.3991885185242
1706696783869,502.0222180894023,534.2888677492738
1706696783880,499.28070863881885,535.4658698663116
1706696783891,491.6816684138598,533.9918833225965
1706696783902,494.7093231097202,534.8117057234049
1706696783914,495.63218017038315,534.537735581398
1706696783925,506.80016431621567,538.2099278271198
1706696783960,503.5795764277939,538.7583918869495
1706696783961,501.5205787656956,543.2802122086287
1706696783969,581.1416471855268,532.946147210896
1706696783980,670.6436507391256,515.1713265106082
1706696783992,836.6382040503963,508.89429450035095
1706696784003,873.6316985009419,507.54663702100515
1706696784014,899.0095056604215,507.9269088804722
1706696784025,905.962235337984,506.53437301516533
1706696784036,906.0531184755417,509.47616696357727
1706696784047,906.2281900599822,507.6130574569106
1706696784059,900.3061235125522,507.8709427267313
1706696784069,899.4625932664808,503.939095698297
1706696784109,899.3417231811079,504.91197388619184
1706696784110,894.2145184453396,480.8718618936837
1706696784113,888.3529057187428,484.4519067555666
1706696784124,872.1750338286831,469.9690170586109
1706696784135,872.739689818819,470.93785014003515
1706696784146,990.2510911262273,459.78487227112055
1706696784157,1149.303548542607,500.07023625075817
1706696784169,1279.2073795041556,498.430959507823
1706696784180,1370.429371148625,499.360672198236
1706696784190,1405.9157780089508,481.4746906980872
1706696784202,1415.5344251603658,480.0300125963986
1706696784213,1419.0892304207332,481.2540872953832
1706696784224,1420.8187881845436,505.6462898850441
1706696784235,1418.6365411702818,503.9095660671592
1706696784274,1420.212240623183,506.7598160356283
1706696784275,1438.9854556143628,467.8528725169599
1706696784280,1430.020153744041,466.9418228790164
1706696784290,1412.0384721519883,498.2949264347553
1706696784301,1399.9193808706007,504.34953067451715
1706696784313,1396.0213885374205,505.08057307451963
1706696784324,1409.5948198064382,519.6268821135163
1706696784335,1415.7864365212956,506.79756328463554
1706696784347,1414.6552361184881,511.29519790410995
1706696784358,1416.1375553741457,514.9782832711935
1706696784369,1419.840013141098,520.5986313521862
1706696784380,1416.5825043276486,522.4877597764134
1706696784391,1417.3785210227563,523.7951749935746
1706696784427,1416.2828187762832,520.7026857882738
1706696784428,1419.5647293697882,519.989044778049
1706696784435,1408.374515067852,549.8904045671225
1706696784447,1447.2105793820597,638.0790058523417
1706696784456,1535.9858714490633,781.4194098114967
1706696784467,1557.5984416096267,812.5169850885868
1706696784478,nan,nan
1706696784488,nan,nan
1706696784500,nan,nan
1706696784511,nan,nan
1706696784523,1498.7002510883322,1281.2430709600449
1706696784559,1474.1204806510311,1082.135583460331
1706696784560,1456.238918609829,1051.283574104309
1706696784576,1352.005390385324,1032.4429333209991
1706696784579,1333.7374298457403,1013.4706407785416
1706696784591,1332.3011645276301,978.0135944485664
1706696784602,1338.8288619545222,979.4941529631615
1706696784613,1344.6653190306063,984.147235751152
1706696784624,1344.5178751070453,981.1046078801155
1706696784635,1342.3350018123097,981.6849514842033
1706696784646,1341.6966937848995,978.9637520909309
1706696784657,1337.1851985794156,976.5328660607338
1706696784669,1336.7362095121196,975.8021280169487
1706696784680,1336.2882688300947,976.0141864418983
1706696784716,1338.3311936280602,976.1248588562012
1706696784718,1337.9659823791512,974.8892858624458
1706696784724,1334.9130639184586,982.4090927839279
1706696784738,1338.3584299612057,985.5766907334328
1706696784746,1337.2899523291803,993.4143304824829
1706696784761,1332.5892390934769,993.5668766498566
1706696784769,1329.0367860603662,990.7125249505043
1706696784780,1333.7359391454124,979.9363613128662
1706696784791,1337.8970410637546,952.0184874534607
1706696784802,1344.5912225903794,945.0780898332596
1706696784814,1346.246805022478,933.7782636284828
1706696784824,1348.8079465184671,935.1943835616112
1706696784866,1344.4806182117936,932.2294443845749
1706696784867,1337.6593625530868,939.4127890467644
1706696784868,1334.709001953077,937.1466517448425
1706696784883,1336.6874234568154,934.1216623783112
1706696784890,1333.4617119456473,932.8505009412766
1706696784902,1336.9072734155313,934.8282217979431
1706696784912,1336.0867160062533,935.1466774940491
1706696784923,1341.6846674387864,932.1505665779114
1706696784935,1333.6900363447915,894.1343232989311
1706696784946,1344.1772927992224,797.9335799813271
1706696784957,1333.2940126698861,624.2544174194336
1706696784968,1337.4557419398557,564.5259890705347
1706696785011,1328.3211866238764,531.9053374230862
1706696785012,1314.7277658957717,522.2510768100619
1706696785030,1314.4116591972602,525.645455531776
1706696785036,1315.7158121294842,527.1477932110429
1706696785046,1321.7214434361765,526.4845868572593
1706696785057,1316.6811752719445,527.2852985188365
1706696785068,1318.193755621788,528.037660010159
1706696785079,1310.8777679845177,528.0170699581504
1706696785090,1309.2910394858352,525.441674888134
1706696785101,1307.9135950788561,521.8035669997334
1706696785113,1314.4557482242328,519.5683218538761
1706696785124,1322.111728604391,526.0502740740776
1706696785161,1325.0628976254238,527.6786930859089
1706696785162,1365.2652095403341,522.8111559525132
1706696785169,1406.9829821831577,515.031803958118
1706696785183,1460.283878509781,512.9064455628395
1706696785190,1501.690269911153,516.7284235358238
1706696785204,1506.1147415065955,517.6861440762877
1706696785213,1511.855669555099,520.077364705503
1706696785224,1509.079056729734,528.5601440817118
1706696785235,1507.0874386629182,524.5331715792418
1706696785247,1503.3594325652791,525.2790495753288
1706696785258,1505.8491157123115,522.8844845667481
1706696785269,1505.3703195347293,530.0024032592773
1706696785280,1507.9158147805235,529.1496643796563
1706696785319,1500.7998679163506,543.0216155946255
1706696785320,1501.7118682817056,541.14024117589
1706696785324,1504.0594962079801,522.6420860737562
1706696785345,1485.6546151710418,528.5495411604643
1706696785346,1369.962510584368,532.0842493325472
1706696785357,1029.6346927829036,544.0720161423087
1706696785367,989.3849620747296,547.907205298543
1706696785379,751.4250727039025,585.0423656404018
1706696785390,465.1833373181635,620.2077608555555
1706696785401,456.18452072084057,610.9783992171288
1706696785412,437.7752474835844,614.7725887596607
1706696785423,442.21797587435725,613.2932618260384
1706696785435,442.7895699314739,618.4395786374807
1706696785446,444.7863989463471,618.0252224206924
1706696785457,442.23124894326156,617.6181778311729
1706696785496,439.3049472760363,614.1446311026812
1706696785497,438.3337607921011,614.868850260973
1706696785501,439.4490767958844,616.084448993206
1706696785513,443.3191906595515,614.730679616332
1706696785524,446.41203415087057,612.214283645153
1706696785536,446.53776441859566,614.0475697815418
1706696785546,446.73259230461923,614.0894435346127
1706696785557,453.4448796145527,617.3046980053186
1706696785568,449.6326739684006,615.6592916697264
1706696785580,446.0722423907971,616.4152912795544
1706696785590,442.95024632289693,613.4515199810266
1706696785602,444.67290020062575,613.9194641262293
1706696785625,491.7596606402567,609.2592891305685
1706696785645,642.3977947218856,601.5160281211138
1706696785646,713.4612278930445,593.4871535748243
1706696785663,784.8983871390749,595.3527510166168
1706696785668,792.0037790860241,594.597140699625
1706696785679,796.2910785274511,589.9956922978163
1706696785690,795.5648098644499,583.1782970577478
1706696785701,792.9915773732986,583.0470345914364
1706696785712,793.4422420835925,586.1619718372822
1706696785723,790.7807327617924,583.0049343407154
1706696785734,790.7831407314211,581.6451769322157
1706696785746,787.8340755018259,580.9979598969221
1706696785757,785.6749033082277,582.4239112436771
1706696785816,779.6879912838729,579.8341795802116
1706696785817,782.2124910394298,577.1855868399143
1706696785824,783.242593680378,569.7122260928154
1706696785835,795.8779032198437,572.2437761723995
1706696785849,872.6107373149548,569.0717898309231
1706696785857,1069.5429016651121,552.8110917657614
1706696785870,1167.1338777339952,548.3663018792868
1706696785880,1235.1512011706066,540.887363627553
1706696785890,1275.5881208830158,539.9100050330162
1706696785901,1274.8345766231837,547.3640214651823
1706696785913,1277.97695435818,550.6028316915035
1706696785924,1276.0909309609713,556.8280134350061
1706696785935,1275.6972645785654,553.6308079957962
1706696785946,1276.3375285914512,548.9220917224884
1706696785956,1278.5657864444056,549.079005047679
1706696785990,1279.4026205149191,546.7768900096416
1706696785991,1283.7968086459998,545.2116213738918
1706696786004,1287.7381938053768,540.5390314757824
1706696786012,1279.7092072753978,543.2746488600969
1706696786023,1274.5431814912588,538.8991955667734
1706696786034,1273.591141962018,540.7948181033134
1706696786045,1277.172456498502,538.706573471427
1706696786056,1280.8377416595981,546.6780308634043
1706696786067,1285.7891456424618,545.9959756582975
1706696786079,1312.222867592061,554.8893421888351
1706696786090,1423.6712685263285,574.3838462978601
1706696786128,1478.463939580938,592.3880454152822
1706696786134,1505.9680147029012,624.9501686543226
1706696786146,1509.3437600110592,638.7933865189552
1706696786154,1621.7509427593207,552.4882547557354
1706696786166,nan,nan
1706696786177,nan,nan
1706696786188,nan,nan
1706696786199,nan,nan
1706696786210,nan,nan
1706696786221,nan,nan
1706696786232,nan,nan
1706696786242,nan,nan
1706696786277,nan,nan
1706696786278,nan,nan
1706696786285,nan,nan
1706696786304,nan,nan
1706696786322,nan,nan
1706696786334,nan,nan
1706696786346,nan,nan
1706696786356,nan,nan
1706696786367,nan,nan
1706696786379,nan,nan
1706696786389,nan,nan
1706696786401,nan,nan
1706696786434,nan,nan
1706696786435,nan,nan
1706696786457,nan,nan
1706696786468,nan,nan
1706696786479,nan,nan
1706696786489,nan,nan
1706696786501,nan,nan
1706696786513,nan,nan
1706696786523,nan,nan
1706696786534,nan,nan
1706696786546,nan,nan
1706696786555,nan,nan
1706696786594,nan,nan
1706696786595,nan,nan
1706696786600,nan,nan
1706696786614,nan,nan
1706696786622,nan,nan
1706696786634,nan,nan
1706696786645,nan,nan
1706696786655,nan,nan
1706696786667,nan,nan
1706696786679,nan,nan
1706696786688,nan,nan
1706696786701,nan,nan
1706696786712,nan,nan
1706696786754,nan,nan
1706696786755,nan,nan
1706696786771,nan,nan
1706696786779,nan,nan
1706696786790,nan,nan
1706696786801,nan,nan
1706696786813,nan,nan
1706696786822,nan,nan
1706696786834,nan,nan
1706696786846,nan,nan
1706696786855,nan,nan
1706696786868,nan,nan
1706696786880,nan,nan
1706696786889,nan,nan
1706696786901,nan,nan
1706696786950,nan,nan
1706696786951,nan,nan
1706696786955,nan,nan
1706696786967,nan,nan
1706696786979,nan,nan
1706696786988,nan,nan
1706696787000,nan,nan
1706696787012,nan,nan
1706696787022,nan,nan
1706696787033,nan,nan
1706696787046,nan,nan
1706696787055,nan,nan
1706696787076,nan,nan
1706696787097,nan,nan
1706696787098,nan,nan
1706696787102,nan,nan
1706696787115,nan,nan
1706696787122,nan,nan
1706696787135,nan,nan
1706696787155,nan,nan
1706696787168,nan,nan
1706696787180,nan,nan
1706696787190,nan,nan
1706696787230,nan,nan
1706696787231,nan,nan
1706696787235,nan,nan
1706696787246,nan,nan
1706696787257,nan,nan
1706696787274,nan,nan
1706696787294,nan,nan
1706696787315,nan,nan
1706696787329,nan,nan
1706696787340,nan,nan
1706696787361,1200.9148736788006,697.7172881364822
1706696787385,1200.9148736788006,697.7172881364822
1706696787386,1205.734429916539,706.44326582551
1706696787401,1189.990621646392,699.0182057023048
1706696787408,1187.4203979978088,697.2577385604382
1706696787420,1194.720002002815,692.988894879818
1706696787430,1191.3525119849298,696.5750180184841
1706696787442,1188.576811571373,694.424083083868
1706696787453,1188.7056997222253,694.1712409257889
1706696787463,1189.5529170711923,688.5764092206955
1706696787475,1189.7316102103036,684.655749052763
1706696787486,1184.253099896073,681.0348302125931
1706696787535,1175.547100651127,684.3090802431107
1706696787536,1166.2426664182353,683.9325278997421
1706696787541,1238.6124178404518,692.077100276947
1706696787552,nan,nan
1706696787564,nan,nan
1706696787574,nan,nan
1706696787585,nan,nan
1706696787597,796.5125981992057,773.7408846616745
1706696787608,734.7331760427871,768.556197732687
1706696787620,731.7616620806933,766.0410828888416
1706696787631,747.6135049530714,776.648972928524
1706696787642,751.1081520088927,776.8039256334305
1706696787686,761.8410247120469,778.3104039728642
1706696787687,1055.8553640461887,894.871686398983
1706696787703,1146.3921257675831,908.9317545294762
1706696787709,1155.6625493067284,911.7425054311752
1706696787722,1160.0892812694838,908.406563103199
1706696787730,1164.1787885870754,912.6089155673981
1706696787741,1168.655017001388,916.231632232666
1706696787752,1165.6458681598256,922.9004308581352
1706696787763,1165.380864287592,916.5814578533173
1706696787775,1160.8998352153585,915.9508034586906
1706696787786,1156.2534528287676,924.4305640459061
1706696787797,1157.4340313682103,931.0279875993729
1706696787808,1157.3474905429055,925.2759099006653
1706696787848,1195.379180882834,913.0619674921036
1706696787849,1275.649526926155,907.6141610741615
1706696787853,1316.7936488655466,908.8821232318878
1706696787865,1314.5278637713243,910.0093454122543
1706696787875,1317.584260345514,914.054848253727
1706696787888,1317.1962785909511,923.3616650104523
1706696787897,1320.9704848125311,923.8686233758926
1706696787909,1319.1397572639428,925.3885641694069
1706696787919,1323.6301188441166,914.9661332368851
1706696787930,1324.5121766946372,917.7124172449112
1706696787941,1325.3404266076575,913.4904161095619
1706696787952,1319.9766275104669,920.1770514249802
1706696787963,1319.4711891328357,920.4693466424942
1706696787975,1319.2275529290969,921.8760102987289
1706696787986,1322.3771714518016,920.7716643810272
1706696788017,1319.8435460266874,920.3321740031242
1706696788019,1318.0314983625444,922.7526128292084
1706696788033,1318.364989611735,921.4168429374695
1706696788041,1318.6003705813548,921.7511534690857
1706696788052,1314.7850027578565,921.862618625164
1706696788064,1326.1316062107746,920.2760308980942
1706696788075,1388.672251985905,885.3462427854538
1706696788086,1510.5517351444078,832.9570531845093
1706696788097,1733.8768379741286,768.9690887928009
1706696788108,1782.9845023088133,756.9908030331135
1706696788119,1812.2096752411312,750.7964462041855
1706696788131,1814.5568724935715,744.7279796004295
1706696788164,1813.1831356552666,749.1085290908813
1706696788165,1805.554217242353,747.0807522535324
1706696788175,1815.1233021539197,740.1708893477917
1706696788186,1817.956229851951,745.397973805666
1706696788198,1811.108503274603,743.5833029448986
1706696788208,1806.4997144946158,745.5504350364208
1706696788219,1812.0402253254783,741.679023951292
1706696788230,1809.0527385557186,740.458258241415
1706696788241,1808.6704760175583,740.668872743845
1706696788252,1801.6347757320716,743.0540911853313
1706696788264,1784.201441118528,754.6623080968857
1706696788275,1798.3829757283982,760.5633363127708
1706696788315,1795.7387865281792,760.4049295186996
1706696788316,1787.9141980984336,764.9562582373619
1706696788318,1745.3979181413263,856.7104279994965
1706696788329,1737.2904268480656,775.907476246357
1706696788343,1707.4657470836146,720.6702202558517
1706696788351,1707.4657470836146,720.6702202558517
1706696788361,nan,nan
1706696788372,nan,nan
1706696788383,nan,nan
1706696788394,nan,nan
1706696788404,nan,nan
1706696788415,nan,nan
1706696788427,nan,nan
1706696788438,nan,nan
1706696788448,nan,nan
1706696788486,nan,nan
1706696788487,nan,nan
1706696788501,nan,nan
1706696788508,nan,nan
1706696788519,nan,nan
1706696788529,nan,nan
1706696788541,nan,nan
1706696788552,nan,nan
1706696788562,nan,nan
1706696788573,nan,nan
1706696788585,nan,nan
1706696788596,nan,nan
1706696788633,nan,nan
1706696788640,nan,nan
1706696788652,nan,nan
1706696788663,nan,nan
1706696788674,nan,nan
1706696788685,nan,nan
1706696788695,nan,nan
1706696788707,nan,nan
1706696788718,nan,nan
1706696788729,nan,nan
1706696788741,nan,nan
1706696788784,nan,nan
1706696788785,nan,nan
1706696788802,nan,nan
1706696788808,nan,nan
1706696788819,nan,nan
1706696788829,nan,nan
1706696788841,nan,nan
1706696788852,nan,nan
1706696788861,nan,nan
1706696788873,nan,nan
1706696788884,nan,nan
1706696788895,nan,nan
1706696788932,nan,nan
1706696788933,nan,nan
1706696788940,nan,nan
1706696788952,nan,nan
1706696788963,nan,nan
1706696788974,nan,nan
1706696788985,nan,nan
1706696788995,nan,nan
1706696789007,nan,nan
1706696789018,nan,nan
1706696789029,nan,nan
1706696789041,nan,nan
1706696789081,nan,nan
1706696789082,nan,nan
1706696789085,nan,nan
1706696789099,nan,nan
1706696789106,nan,nan
1706696789118,nan,nan
1706696789128,nan,nan
1706696789140,nan,nan
1706696789152,nan,nan
1706696789161,nan,nan
1706696789173,nan,nan
1706696789184,nan,nan
1706696789195,nan,nan
1706696789230,nan,nan
1706696789231,nan,nan
1706696789247,nan,nan
1706696789252,nan,nan
1706696789263,nan,nan
1706696789273,nan,nan
1706696789285,nan,nan
1706696789295,nan,nan
1706696789307,nan,nan
1706696789318,nan,nan
1706696789329,nan,nan
1706696789340,nan,nan
1706696789381,nan,nan
1706696789384,nan,nan
1706696789397,nan,nan
1706696789407,nan,nan
1706696789418,nan,nan
1706696789428,nan,nan
1706696789440,nan,nan
1706696789451,nan,nan
1706696789462,nan,nan
1706696789474,nan,nan
1706696789485,nan,nan
1706696789495,nan,nan
1706696789529,nan,nan
1706696789530,nan,nan
1706696789546,nan,nan
1706696789553,nan,nan
1706696789562,nan,nan
1706696789574,nan,nan
1706696789585,nan,nan
1706696789595,nan,nan
1706696789608,nan,nan
1706696789626,nan,nan
1706696789665,nan,nan
1706696789666,nan,nan
1706696789680,nan,nan
1706696789684,nan,nan
1706696789695,nan,nan
1706696789706,nan,nan
1706696789716,nan,nan
1706696789733,nan,nan
1706696789754,nan,nan
1706696789771,nan,nan
1706696789812,nan,nan
1706696789813,nan,nan
1706696789828,1420.0347504900722,843.4476032853127
1706696789832,1420.0347504900722,843.4476032853127
1706696789844,1420.0347504900722,843.4476032853127
1706696789855,1351.0823919103987,889.1310043632984
1706696789865,1351.0823919103987,889.1310043632984
1706696789877,1333.0135657029193,888.9083713293076
1706696789889,1309.0945752973903,905.2272580564022
1706696789899,1311.9245481777778,894.6100816130638
1706696789911,1306.5064283002384,897.8877291083336
1706696789945,1310.7468009513389,894.6122191846371
1706696789946,1306.827306594025,896.4479826390743
1706696789962,1309.6616651716067,901.0711535811424
1706696789968,1313.9668258840188,899.2016986012459
1706696789979,1312.9116401906301,901.408663392067
1706696789989,1374.017534765234,920.7863867282867
1706696790000,1594.9458417850751,1021.5347781777382
1706696790009,1728.6153093297096,1064.8074373602867
1706696790020,1956.2395130100847,1167.0043379068375
1706696790031,nan,nan
1706696790042,nan,nan
1706696790053,nan,nan
1706696790064,nan,nan
1706696790094,nan,nan
1706696790096,nan,nan
1706696790110,nan,nan
1706696790119,nan,nan
1706696790129,nan,nan
1706696790149,nan,nan
1706696790166,nan,nan
1706696790179,nan,nan
1706696790191,nan,nan
1706696790227,nan,nan
1706696790229,nan,nan
1706696790234,nan,nan
1706696790245,nan,nan
1706696790259,nan,nan
1706696790267,nan,nan
1706696790278,nan,nan
1706696790290,nan,nan
1706696790300,nan,nan
1706696790312,nan,nan
1706696790324,nan,nan
1706696790334,nan,nan
1706696790345,nan,nan
1706696790379,nan,nan
1706696790380,nan,nan
1706696790394,nan,nan
1706696790400,nan,nan
1706696790413,nan,nan
1706696790423,nan,nan
1706696790433,nan,nan
1706696790445,nan,nan
1706696790456,nan,nan
1706696790467,nan,nan
1706696790479,nan,nan
1706696790516,nan,nan
1706696790517,nan,nan
1706696790523,nan,nan
1706696790536,nan,nan
1706696790546,nan,nan
1706696790556,nan,nan
1706696790566,nan,nan
1706696790579,nan,nan
1706696790590,nan,nan
1706696790599,nan,nan
1706696790612,nan,nan
1706696790623,nan,nan
1706696790633,nan,nan
1706696790666,nan,nan
1706696790667,nan,nan
1706696790684,nan,nan
1706696790690,nan,nan
1706696790700,nan,nan
1706696790712,nan,nan
1706696790723,nan,nan
1706696790733,nan,nan
1706696790746,nan,nan
1706696790757,nan,nan
1706696790766,nan,nan
1706696790779,nan,nan
1706696790813,nan,nan
1706696790814,nan,nan
1706696790823,nan,nan
1706696790832,nan,nan
1706696790846,nan,nan
1706696790856,nan,nan
1706696790866,nan,nan
1706696790878,nan,nan
1706696790889,nan,nan
1706696790900,nan,nan
1706696790912,nan,nan
1706696790923,nan,nan
1706696790934,nan,nan
1706696790964,nan,nan
1706696790967,nan,nan
1706696790982,nan,nan
1706696790990,nan,nan
1706696791001,nan,nan
1706696791013,nan,nan
1706696791023,nan,nan
1706696791034,nan,nan
1706696791046,nan,nan
1706696791063,nan,nan
1706696791099,nan,nan
1706696791100,nan,nan
1706696791114,nan,nan
1706696791123,nan,nan
1706696791134,nan,nan
1706696791145,nan,nan
1706696791155,nan,nan
1706696791172,nan,nan
1706696791194,nan,nan
1706696791209,nan,nan
1706696791248,nan,nan
1706696791249,nan,nan
1706696791266,1488.2139880578068,950.8781850337982
1706696791271,1488.2139880578068,950.8781850337982
1706696791284,1488.2139880578068,950.8781850337982
1706696791293,nan,nan
1706696791304,nan,nan
1706696791315,nan,nan
1706696791326,nan,nan
1706696791337,nan,nan
1706696791348,nan,nan
1706696791359,nan,nan
1706696791369,nan,nan
1706696791403,1355.2219771001198,947.2211539745331
1706696791404,1380.3134025344796,949.7633635997772
1706696791420,1379.1700018542087,948.6080840229988
1706696791426,1374.3662623690693,941.4171233773232
1706696791438,1365.62210766333,929.2425915598869
1706696791449,1355.1104972407927,931.6783756017685
1706696791460,1355.1043132746786,928.8674831390381
1706696791471,1352.565644111157,929.0483698248863
1706696791482,1355.2471734558621,928.2719641923904
1706696791493,1354.5365267868335,933.662211894989
1706696791530,1354.7544738868407,936.846712231636
1706696791531,1351.8113633179723,937.424847483635
1706696791538,1347.8630512831164,943.0370345711708
1706696791549,1350.0362757699586,943.297789990902
1706696791561,1355.9658162320911,941.6851833462715
1706696791571,1352.3848332626987,939.4812196493149
1706696791583,1350.9954998213125,940.7904326915741
1706696791594,1349.596076581365,945.75135409832
1706696791605,1362.413879008302,967.2238126397133
1706696791616,1367.4671043155158,975.3214716911316
1706696791627,1374.158088340891,982.5852796435356
1706696791664,1375.8978885780664,979.9888521432877
1706696791665,1377.8457164870265,978.6718532443047
1706696791679,1376.9302922592303,977.3806750774384
1706696791682,1382.0032411032541,988.3775323629379
1706696791694,1381.72196896596,985.9913229942322
1706696791704,1382.3898512188043,986.8546187877655
1706696791716,1375.172523532081,978.6163046956062
1706696791727,1376.6054123976155,983.7409272789955
1706696791738,1431.1212725908192,955.5239915847778
1706696791749,1535.621683255186,895.9828697144985
1706696791760,1702.0429524432682,819.2851170897484
1706696791771,1913.6300904808354,736.7220662534237
1706696791790,1965.6953754989613,729.3646864593029
1706696791813,1976.7422209108827,721.5014100074768
1706696791814,1969.7744667666366,722.574570029974
1706696791816,1966.242428688812,722.6229980587959
1706696791830,1968.0739645113329,725.3309898078442
1706696791838,1968.6220582432795,729.3827496469021
1706696791851,1972.6474681309103,726.4303952455521
1706696791860,1973.832819682438,723.3377113938332
1706696791871,1979.4910855848057,717.9357141256332
1706696791882,1978.6341749473168,719.4886244833469
1706696791893,1977.080525943169,722.4085047841072
1706696791904,1977.217989793403,723.6360371112823
1706696791916,1976.3999324800423,724.5381630957127
1706696791927,1975.5352412341913,721.7430263757706
1706696791945,1941.372787602402,726.9395478069782
1706696791970,1921.0646439362001,730.0554476678371
1706696791971,1897.9566156528836,735.0063465535641
1706696791985,1891.6705554898174,734.1269977390766
1706696791993,1889.9067731116402,734.2725366353989
1706696792005,1887.0794581128962,735.7611358165741
1706696792016,1881.3784331673671,736.0379725694656
1706696792027,1879.8068733212049,736.9022734463215
1706696792037,1880.2636512008976,737.2635371983051
1706696792048,1883.2125130693346,738.5053388774395
1706696792060,1887.8628955935444,734.6067622303963
1706696792096,1890.1071440618653,733.8437482714653
1706696792097,1851.0288259050842,749.2396429181099
1706696792104,1528.6014129162174,890.9433111548424
1706696792115,1444.832979289631,935.7402712106705
1706696792126,1400.9825201653691,965.1145249605179
1706696792137,1386.9166861446479,977.3100644350052
1706696792148,1382.2639486554554,979.7374680638313
1706696792160,1381.6201538298953,977.8825372457504
1706696792170,1382.8656589388156,980.0742417573929
1706696792182,1383.5457932209374,979.3456837534904
1706696792193,1372.5647063853487,985.6439888477325
1706696792230,1371.7740043731817,985.4852423071861
1706696792231,1372.1228077442543,985.5373367667198
1706696792237,1371.9211366896652,980.7488083839417
1706696792248,1375.8843987615587,988.4604021906853
1706696792259,1384.408958411605,982.8510746359825
1706696792270,1380.87431741612,983.9273065328598
1706696792281,1374.4471108648283,966.2334516644478
1706696792292,1377.8153403722279,960.0204795598984
1706696792303,nan,nan
1706696792314,nan,nan
1706696792324,nan,nan
1706696792335,nan,nan
1706696792347,nan,nan
1706696792387,nan,nan
1706696792388,nan,nan
1706696792390,nan,nan
1706696792403,nan,nan
1706696792411,nan,nan
1706696792421,nan,nan
1706696792439,nan,nan
1706696792460,nan,nan
1706696792469,nan,nan
1706696792481,nan,nan
1706696792492,nan,nan
1706696792530,nan,nan
1706696792531,nan,nan
1706696792536,nan,nan
1706696792548,nan,nan
1706696792559,nan,nan
1706696792569,nan,nan
1706696792581,nan,nan
1706696792593,nan,nan
1706696792603,nan,nan
1706696792614,nan,nan
1706696792627,nan,nan
1706696792636,nan,nan
1706696792648,nan,nan
1706696792682,nan,nan
1706696792683,nan,nan
1706696792698,nan,nan
1706696792703,nan,nan
1706696792717,nan,nan
1706696792726,nan,nan
1706696792736,nan,nan
1706696792748,nan,nan
1706696792760,nan,nan
1706696792770,nan,nan
1706696792782,nan,nan
1706696792792,nan,nan
1706696792831,nan,nan
1706696792832,nan,nan
1706696792835,nan,nan
1706696792848,nan,nan
1706696792860,nan,nan
1706696792869,nan,nan
1706696792881,nan,nan
1706696792892,nan,nan
1706696792902,nan,nan
1706696792914,nan,nan
1706696792926,nan,nan
1706696792936,nan,nan
1706696792972,nan,nan
1706696792973,nan,nan
1706696792987,nan,nan
1706696792993,nan,nan
1706696793004,nan,nan
1706696793014,nan,nan
1706696793026,nan,nan
1706696793036,nan,nan
1706696793048,nan,nan
1706696793059,nan,nan
1706696793069,nan,nan
1706696793081,nan,nan
1706696793115,nan,nan
1706696793116,nan,nan
1706696793134,nan,nan
1706696793136,nan,nan
1706696793148,nan,nan
1706696793160,nan,nan
1706696793168,nan,nan
1706696793180,nan,nan
1706696793192,nan,nan
1706696793202,nan,nan
1706696793214,nan,nan
1706696793248,nan,nan
1706696793249,nan,nan
1706696793264,nan,nan
1706696793270,nan,nan
1706696793281,nan,nan
1706696793293,nan,nan
1706696793302,nan,nan
1706696793314,nan,nan
1706696793326,nan,nan
1706696793336,nan,nan
1706696793348,nan,nan
1706696793359,nan,nan
1706696793379,nan,nan
1706696793399,nan,nan
1706696793402,nan,nan
1706696793415,nan,nan
1706696793426,nan,nan
1706696793436,nan,nan
1706696793447,nan,nan
1706696793459,nan,nan
1706696793470,nan,nan
1706696793481,nan,nan
1706696793493,nan,nan
1706696793536,nan,nan
1706696793537,nan,nan
1706696793553,nan,nan
1706696793558,nan,nan
1706696793568,nan,nan
1706696793580,nan,nan
1706696793592,nan,nan
1706696793601,nan,nan
1706696793614,nan,nan
1706696793625,nan,nan
1706696793635,nan,nan
1706696793648,nan,nan
1706696793682,nan,nan
1706696793683,nan,nan
1706696793699,nan,nan
1706696793702,nan,nan
1706696793715,nan,nan
1706696793725,nan,nan
1706696793735,nan,nan
1706696793747,nan,nan
1706696793759,nan,nan
1706696793769,nan,nan
1706696793781,nan,nan
1706696793815,nan,nan
1706696793816,nan,nan
1706696793831,nan,nan
1706696793835,nan,nan
1706696793847,nan,nan
1706696793858,nan,nan
1706696793868,nan,nan
1706696793880,nan,nan
1706696793892,nan,nan
1706696793902,nan,nan
1706696793913,nan,nan
1706696793925,nan,nan
1706696793965,nan,nan
1706696793968,nan,nan
1706696793980,nan,nan
1706696793993,nan,nan
1706696794002,nan,nan
1706696794014,nan,nan
1706696794025,nan,nan
1706696794035,nan,nan
1706696794048,nan,nan
1706696794058,nan,nan
1706696794069,nan,nan
1706696794101,nan,nan
1706696794102,nan,nan
1706696794117,nan,nan
1706696794125,nan,nan
1706696794136,nan,nan
1706696794147,nan,nan
1706696794158,nan,nan
1706696794168,nan,nan
1706696794180,nan,nan
1706696794191,nan,nan
1706696794201,nan,nan
1706696794213,nan,nan
1706696794249,nan,nan
1706696794258,nan,nan
1706696794268,nan,nan
1706696794280,nan,nan
1706696794291,nan,nan
1706696794302,nan,nan
1706696794314,nan,nan
1706696794325,nan,nan
1706696794336,nan,nan
1706696794348,nan,nan
1706696794380,nan,nan
1706696794381,nan,nan
1706696794395,nan,nan
1706696794401,nan,nan
1706696794414,nan,nan
1706696794424,nan,nan
1706696794435,nan,nan
1706696794447,nan,nan
1706696794458,nan,nan
1706696794468,nan,nan
1706696794480,nan,nan
1706696794491,nan,nan
1706696794502,nan,nan
1706696794532,nan,nan
1706696794533,nan,nan
1706696794535,nan,nan
1706696794548,nan,nan
1706696794558,nan,nan
1706696794569,nan,nan
1706696794581,nan,nan
1706696794592,nan,nan
1706696794603,nan,nan
1706696794615,nan,nan
1706696794626,nan,nan
1706696794636,nan,nan
1706696794670,nan,nan
1706696794686,nan,nan
1706696794691,nan,nan
1706696794702,nan,nan
1706696794714,nan,nan
1706696794725,nan,nan
1706696794735,nan,nan
1706696794746,nan,nan
1706696794756,nan,nan
1706696794774,nan,nan
1706696794819,nan,nan
1706696794834,nan,nan
1706696794839,nan,nan
1706696794851,nan,nan
1706696794861,1183.2226815885647,972.3560228943825
1706696794873,1276.5326001109336,966.9618964195251
1706696794884,1290.019272632178,973.7875163555145
1706696794896,1308.2784103317215,978.8862615823746
1706696794906,1317.4293066554324,980.7365775108337
1706696794917,1313.3306495799238,983.0821305513382
1706696794956,1317.1271648052527,984.7210392355919
1706696794958,1314.8735532749647,983.7206840515137
1706696794962,1311.227288623003,979.0091931819916
1706696794974,1316.3707338134657,975.3191217780113
1706696794985,1324.2093897627349,980.9879899024963
1706696794996,1327.932202200743,983.3912998437881
1706696795007,1325.7868839081896,985.834501683712
1706696795018,1320.660664141636,982.6872035861015
1706696795029,1321.7045710256189,980.1761940121651
1706696795040,1320.556525687437,975.3176495432854
1706696795051,1323.503137484056,975.436532497406
1706696795062,1324.3017871077077,976.6709730029106
1706696795103,1322.9336916250377,981.9101184606552
1706696795106,1315.2154267817425,972.2607523202896
1706696795128,1316.5678609907309,974.353477358818
1706696795139,1327.9533349658218,978.948350250721
1706696795150,1329.0392787587018,978.443232178688
1706696795161,1326.8496995048,976.343683898449
1706696795173,1327.1261901075645,970.5445513129234
1706696795184,1328.477139094401,970.8137154579163
1706696795195,1325.5474858213859,973.0461612343788
1706696795206,1322.761284924885,974.2207497358322
1706696795217,1318.4681084963393,974.8813018202782
1706696795228,1332.9580090533975,978.4802079200745
1706696795246,1352.8658915979,986.61999553442
1706696795271,1361.573601992602,991.627886891365
1706696795273,1358.551719134457,993.2321980595589
1706696795288,1364.18637411051,989.7198706865311
1706696795295,1357.2969308602353,993.6925828456879
1706696795306,1360.9052346429703,993.7235280871391
1706696795318,1356.8460595260615,994.2608371376991
1706696795328,1362.3986582995014,987.6611769199371
1706696795340,1360.2787823711492,990.8880040049553
1706696795351,1361.0276683481359,997.0387741923332
1706696795363,1362.44749360438,994.5236876606941
1706696795373,1364.4184920494868,991.174778342247
1706696795407,1366.2131895356824,989.9299189448357
1706696795427,1354.491878070531,926.70958340168
1706696795429,1358.8830069083817,884.7685039043427
1706696795441,1362.4592329453874,852.6009395718575
1706696795451,1364.795028758542,857.7607825398445
1706696795462,1363.3864569841235,859.6079275012016
1706696795473,1361.1138747923058,858.690470457077
1706696795484,1364.0325798046424,859.6085928380489
1706696795495,1366.2179153777133,858.3541639149189
1706696795506,1371.6402528601789,855.9438467025757
1706696795518,1367.6839915965984,853.0871167778969
1706696795551,1369.4292299794538,853.2682441174984
1706696795552,1367.3069477663762,857.683065533638
1706696795569,1365.9202991799002,860.7227206230164
1706696795572,1364.5729563412965,853.4491166472435
1706696795585,1364.856360388726,854.0925398468971
1706696795595,1365.8168828698317,852.7568973600864
1706696795606,1366.7665224643697,859.1087266802788
1706696795617,1365.5821556900253,858.7352745234966
1706696795628,1355.2840747248263,870.7897059619427
1706696795639,1348.2557625666145,884.716735035181
1706696795651,1345.6837122438553,891.9243574142456
1706696795661,1350.623555050246,891.585998237133
1706696795673,1353.5105515517134,893.5901060700417
1706696795704,1351.8532694445098,891.4605751633644
1706696795705,1349.840060494278,890.5248992145061
1706696795706,1345.1979999557818,889.4563965499401
1706696795720,1346.2595605948536,895.7433342933655
1706696795729,1345.6466780485366,898.4638541936874
1706696795740,1345.5574843515358,899.0258798003197
1706696795751,1343.0796663229207,898.98392111063
1706696795762,1338.873782929861,897.9725524783134
1706696795773,1337.7847766309624,897.8006407618523
1706696795784,1338.233241055186,894.1776126623154
1706696795795,1338.5561588629291,897.038334608078
1706696795805,1339.1514309409447,900.3080829977989
1706696795817,1342.2176591650054,903.3419907093048
1706696795854,1342.608389694978,903.5621181130409
1706696795855,1345.1327989448116,900.9479388594627
1706696795861,1487.587878762155,856.7041143774986
1706696795874,1703.254773027133,808.4145464003086
1706696795883,1944.5959245014258,780.4010339081287
1706696795894,1971.556273674802,764.9702586233616
1706696795905,1976.1629527675527,769.0846167504787
1706696795917,1977.5312455259225,767.622234672308
1706696795928,1977.1617499812864,767.5167433917522
1706696795939,1961.677281863157,774.5478957891464
1706696795951,1964.5197542419314,780.4053939878941
1706696795961,1964.0573398227332,779.3054930865765
1706696796002,1966.2973970672,774.1477593779564
1706696796003,1964.039276135383,771.3463090360165
1706696796005,1948.118096334089,786.111082136631
1706696796022,1963.5023454996838,795.7802385091782
1706696796028,1935.8743369997785,811.4844955503941
1706696796038,2020.5033138460449,774.9097257852554
1706696796049,nan,nan
1706696796060,nan,nan
1706696796071,nan,nan
1706696796082,nan,nan
1706696796093,nan,nan
1706696796103,nan,nan
1706696796114,nan,nan
1706696796151,nan,nan
1706696796158,nan,nan
1706696796169,nan,nan
1706696796180,nan,nan
1706696796190,nan,nan
1706696796207,nan,nan
1706696796227,nan,nan
1706696796237,nan,nan
1706696796249,nan,nan
1706696796285,nan,nan
1706696796286,nan,nan
1706696796300,nan,nan
1706696796304,nan,nan
1706696796317,nan,nan
1706696796328,nan,nan
1706696796338,nan,nan
1706696796349,nan,nan
1706696796361,nan,nan
1706696796371,nan,nan
1706696796383,nan,nan
1706696796394,nan,nan
1706696796404,nan,nan
1706696796435,nan,nan
1706696796436,nan,nan
1706696796438,nan,nan
1706696796451,nan,nan
1706696796462,nan,nan
1706696796471,nan,nan
1706696796483,nan,nan
1706696796495,nan,nan
1706696796504,nan,nan
1706696796516,nan,nan
1706696796528,nan,nan
1706696796538,nan,nan
1706696796570,nan,nan
1706696796571,nan,nan
1706696796587,nan,nan
1706696796594,nan,nan
1706696796604,nan,nan
1706696796616,nan,nan
1706696796627,nan,nan
1706696796637,nan,nan
1706696796649,nan,nan
1706696796661,nan,nan
1706696796671,nan,nan
1706696796683,nan,nan
1706696796724,nan,nan
1706696796725,nan,nan
1706696796728,nan,nan
1706696796742,nan,nan
1706696796749,nan,nan
1706696796761,nan,nan
1706696796770,nan,nan
1706696796782,nan,nan
1706696796794,nan,nan
1706696796804,nan,nan
1706696796816,nan,nan
1706696796828,nan,nan
1706696796837,nan,nan
1706696796871,nan,nan
1706696796872,nan,nan
1706696796887,nan,nan
1706696796894,nan,nan
1706696796904,nan,nan
1706696796916,nan,nan
1706696796927,nan,nan
1706696796937,nan,nan
1706696796948,nan,nan
1706696796960,nan,nan
1706696796970,nan,nan
1706696796982,nan,nan
1706696797018,nan,nan
1706696797019,nan,nan
1706696797037,nan,nan
1706696797050,nan,nan
1706696797060,nan,nan
1706696797071,nan,nan
1706696797083,nan,nan
1706696797094,nan,nan
1706696797104,nan,nan
1706696797116,nan,nan
1706696797128,nan,nan
1706696797167,nan,nan
1706696797168,nan,nan
1706696797170,nan,nan
1706696797183,nan,nan
1706696797193,nan,nan
1706696797203,nan,nan
1706696797215,nan,nan
1706696797227,nan,nan
1706696797237,nan,nan
1706696797249,nan,nan
1706696797261,nan,nan
1706696797270,nan,nan
1706696797283,nan,nan
1706696797318,nan,nan
1706696797319,nan,nan
1706696797333,nan,nan
1706696797336,nan,nan
1706696797349,nan,nan
1706696797361,nan,nan
1706696797370,nan,nan
1706696797382,nan,nan
1706696797394,nan,nan
1706696797404,nan,nan
1706696797415,nan,nan
1706696797454,nan,nan
1706696797455,nan,nan
1706696797456,nan,nan
1706696797460,nan,nan
1706696797471,nan,nan
1706696797483,nan,nan
1706696797494,nan,nan
1706696797503,nan,nan
1706696797515,nan,nan
1706696797527,nan,nan
1706696797537,nan,nan
1706696797549,nan,nan
1706696797560,nan,nan
1706696797570,nan,nan
1706696797602,nan,nan
1706696797603,nan,nan
1706696797604,nan,nan
1706696797619,nan,nan
1706696797627,nan,nan
1706696797637,nan,nan
1706696797650,nan,nan
1706696797660,nan,nan
1706696797670,nan,nan
1706696797682,nan,nan
1706696797694,nan,nan
1706696797703,nan,nan
1706696797733,nan,nan
1706696797734,nan,nan
1706696797737,nan,nan
1706696797749,nan,nan
1706696797760,nan,nan
1706696797769,nan,nan
1706696797782,nan,nan
1706696797793,nan,nan
1706696797803,nan,nan
1706696797815,nan,nan
1706696797827,nan,nan
1706696797836,nan,nan
1706696797849,nan,nan
1706696797885,nan,nan
1706696797886,nan,nan
1706696797901,nan,nan
1706696797903,nan,nan
1706696797916,nan,nan
1706696797927,nan,nan
1706696797936,nan,nan
1706696797949,nan,nan
1706696797960,nan,nan
1706696797970,nan,nan
1706696797982,nan,nan
1706696798019,nan,nan
1706696798020,nan,nan
1706696798035,nan,nan
1706696798037,nan,nan
1706696798055,nan,nan
1706696798069,nan,nan
1706696798080,nan,nan
1706696798091,nan,nan
1706696798103,nan,nan
1706696798114,nan,nan
1706696798133,nan,nan
1706696798152,nan,nan
1706696798158,nan,nan
1706696798169,nan,nan
1706696798181,nan,nan
1706696798192,nan,nan
1706696798202,nan,nan
1706696798221,nan,nan
1706696798241,nan,nan
1706696798260,nan,nan
1706696798283,nan,nan
1706696798284,nan,nan
1706696798286,nan,nan
1706696798300,nan,nan
1706696798307,nan,nan
1706696798319,nan,nan
1706696798331,nan,nan
1706696798340,nan,nan
1706696798352,nan,nan
1706696798364,nan,nan
1706696798374,nan,nan
1706696798387,nan,nan
1706696798421,nan,nan
1706696798436,nan,nan
1706696798441,nan,nan
1706696798452,nan,nan
1706696798463,nan,nan
1706696798473,nan,nan
1706696798485,nan,nan
1706696798497,nan,nan
1706696798507,nan,nan
1706696798518,nan,nan
1706696798553,nan,nan
1706696798554,nan,nan
1706696798569,nan,nan
1706696798574,nan,nan
1706696798586,nan,nan
1706696798597,nan,nan
1706696798607,nan,nan
1706696798619,nan,nan
1706696798630,nan,nan
1706696798640,nan,nan
1706696798653,nan,nan
1706696798664,nan,nan
1706696798674,nan,nan
1706696798704,nan,nan
1706696798705,nan,nan
1706696798707,nan,nan
1706696798721,nan,nan
1706696798730,nan,nan
1706696798741,nan,nan
1706696798754,nan,nan
1706696798764,nan,nan
1706696798774,nan,nan
1706696798787,nan,nan
1706696798798,nan,nan
1706696798808,nan,nan
1706696798820,nan,nan
1706696798853,nan,nan
1706696798854,nan,nan
1706696798869,nan,nan
1706696798873,nan,nan
1706696798887,nan,nan
1706696798903,nan,nan
1706696798918,nan,nan
1706696798929,nan,nan
1706696798940,nan,nan
1706696798951,nan,nan
1706696798962,nan,nan
1706696798985,nan,nan
1706696799005,nan,nan
1706696799013,nan,nan
1706696799033,nan,nan
1706696799051,nan,nan
1706696799065,nan,nan
1706696799077,nan,nan
1706696799088,nan,nan
1706696799099,nan,nan
1706696799134,1648.04481781296,899.4960747659206
1706696799135,1648.04481781296,899.4960747659206
1706696799149,1641.2524560502063,891.5621027350426
1706696799156,1642.5484377991947,896.6503441333771
1706696799167,1646.8238976040159,898.0666197836399
1706696799178,1645.8942595051553,896.3778391480446
1706696799189,1648.6456220704167,894.0579652786255
1706696799199,1632.7051673937897,892.0965664088726
1706696799211,1511.1122816272234,884.4817578792572
1706696799222,1446.0683504679776,884.7167775034904
1706696799233,1387.5858015976496,887.8915525972843
1706696799244,1358.0904557918914,897.4845208227634
1706696799256,1355.6893445437386,897.6196691393852
1706696799288,1356.557615577255,894.8318369686604
1706696799289,1356.7965833190863,895.2145330607891
1706696799303,1351.8838010458037,896.4748650789261
1706696799311,1352.3736855577586,896.980294585228
1706696799322,1346.3803243752855,895.3990578651428
1706696799333,1346.4435318399055,896.5668231248856
1706696799344,1346.4067526026165,895.6875592470169
1706696799355,1348.8615013143713,893.1041412055492
1706696799366,1350.3124048071022,890.1253998279572
1706696799378,1348.7443212257858,892.2001607716084
1706696799389,1352.38067970956,896.7935755848885
1706696799423,1356.4100302626075,897.1755355596542
1706696799424,1355.4052769882803,890.3645530343056
1706696799441,1338.0966872371189,894.819025695324
1706696799445,1277.5550345976526,915.1860907673836
1706696799456,1252.8225341990737,928.4638077020645
1706696799467,1232.6370185857359,936.1395016312599
1706696799478,1238.3387233075807,937.9185274243355
1706696799489,1237.122289889201,939.0513271093369
1706696799500,1234.677677250497,939.7692963480949
1706696799511,1233.0886108205939,938.7121468782425
1706696799523,1228.9273766484553,934.315799176693
1706696799534,1231.9360901535647,933.4355726838112
1706696799568,1234.5217907399808,933.3265706896782
1706696799569,1234.7353845172233,934.284995496273
1706696799583,1235.394467062643,930.2519217133522
1706696799589,1239.581770259301,933.577586710453
1706696799600,1214.598595001848,917.5489991903305
1706696799611,1081.2990319884739,842.5647012889385
1706696799621,999.4417140842331,796.2456203997135
1706696799633,856.7241464998066,746.7362493276596
1706696799644,758.7927714469051,744.0966174006462
1706696799655,747.7613441948016,739.6851368248463
1706696799666,746.3666452459895,741.5819130837917
1706696799707,735.9504695826628,736.0535018146038
1706696799708,735.5408733302058,736.0727682709694
1706696799711,730.6443471382872,731.6760241985321
1706696799724,730.4120241609162,728.8082666695118
1706696799734,727.5255632616698,728.1146600842476
1706696799745,724.3447316509618,729.1659772396088
1706696799755,720.5606419950129,731.7795760929585
1706696799766,724.8750851821273,727.4938724935055
1706696799778,725.4766280399966,727.40044221282
1706696799789,737.8216306899201,726.9630894064903
1706696799800,759.5524983720162,723.8174051046371
1706696799811,787.4044190520772,718.6929523944855
1706696799832,793.8269132767522,716.1749072372913
1706696799852,794.2048244125422,718.7042772769928
1706696799855,788.5042511346899,712.5381335616112
1706696799866,784.7446431858883,710.4785196483135
1706696799878,791.2640858307823,714.5014435052872
1706696799889,786.0893974086291,712.215119600296
1706696799900,786.0772129801644,709.5688909292221
1706696799911,787.8132888786708,708.5762083530426
1706696799922,788.0256772936414,706.3794359564781
1706696799933,791.4500821229573,713.4202569723129
1706696799944,807.6478165709341,714.1839079558849
1706696799956,853.7524080236614,739.2478264868259
1706696799989,1019.4666489268262,789.5599476993084
1706696800006,nan,nan
1706696800009,nan,nan
1706696800021,nan,nan
1706696800031,nan,nan
1706696800042,nan,nan
1706696800053,nan,nan
1706696800064,nan,nan
1706696800074,nan,nan
1706696800086,nan,nan
1706696800096,nan,nan
1706696800107,nan,nan
1706696800139,nan,nan
1706696800141,nan,nan
1706696800158,nan,nan
1706696800163,nan,nan
1706696800175,nan,nan
1706696800186,nan,nan
1706696800197,nan,nan
1706696800207,nan,nan
1706696800218,nan,nan
1706696800236,nan,nan
1706696800256,nan,nan
1706696800287,nan,nan
1706696800288,nan,nan
1706696800289,nan,nan
1706696800302,nan,nan
1706696800311,nan,nan
1706696800322,nan,nan
1706696800334,nan,nan
1706696800345,nan,nan
1706696800356,nan,nan
1706696800367,nan,nan
1706696800379,nan,nan
1706696800419,nan,nan
1706696800423,nan,nan
1706696800434,nan,nan
1706696800446,nan,nan
1706696800457,nan,nan
1706696800467,nan,nan
1706696800479,nan,nan
1706696800490,nan,nan
1706696800500,nan,nan
1706696800511,nan,nan
1706696800522,nan,nan
1706696800555,nan,nan
1706696800557,nan,nan
1706696800572,nan,nan
1706696800578,nan,nan
1706696800589,nan,nan
1706696800601,nan,nan
1706696800610,nan,nan
1706696800623,nan,nan
1706696800634,nan,nan
1706696800644,nan,nan
1706696800656,nan,nan
1706696800687,nan,nan
1706696800688,nan,nan
1706696800689,nan,nan
1706696800704,nan,nan
1706696800710,nan,nan
1706696800723,nan,nan
1706696800734,nan,nan
1706696800744,nan,nan
1706696800756,nan,nan
1706696800767,nan,nan
1706696800777,nan,nan
1706696800789,nan,nan
1706696800801,nan,nan
1706696800837,nan,nan
1706696800844,nan,nan
1706696800856,nan,nan
1706696800868,nan,nan
1706696800877,nan,nan
1706696800889,nan,nan
1706696800901,nan,nan
1706696800911,nan,nan
1706696800923,nan,nan
1706696800934,nan,nan
1706696800970,nan,nan
1706696800971,nan,nan
1706696800977,nan,nan
1706696800989,nan,nan
1706696801000,nan,nan
1706696801010,nan,nan
1706696801022,nan,nan
1706696801040,nan,nan
1706696801056,nan,nan
1706696801067,nan,nan
1706696801088,nan,nan
1706696801107,nan,nan
1706696801108,nan,nan
1706696801112,nan,nan
1706696801124,nan,nan
1706696801138,1143.1765075833864,813.1047606468201
1706696801147,1143.1765075833864,813.1047606468201
1706696801158,1143.1765075833864,813.1047606468201
1706696801169,1073.7429323468918,823.8530226051807
1706696801180,1073.7429323468918,823.8530226051807
1706696801191,1073.7429323468918,823.8530226051807
1706696801203,1092.966103683891,799.5842948555946
1706696801214,1068.467867246803,784.7635626792908
1706696801225,1062.9473918347987,787.3627506196499
1706696801254,1060.0947216246755,787.2419141232967
1706696801255,1059.6646766214146,793.0431559681892
1706696801259,1054.968908653611,794.9896767735481
1706696801273,1057.553090807527,793.1455045938492
1706696801281,1056.856889433976,791.3696214556694
1706696801293,1064.950875953236,799.5499521493912
1706696801304,1111.5306664596415,836.0959425568581
1706696801315,1180.4835217604,887.1809586882591
1706696801326,1209.3237612695902,904.280087351799
1706696801336,1208.0202145908702,902.2799149155617
1706696801347,1216.5377945799,907.3943167924881
1706696801358,1218.4584801333083,910.3603318333626
1706696801370,1220.8291834757572,913.2914945483208
1706696801405,1218.0408960563045,913.8973191380501
1706696801420,1227.1585779400216,919.5748791098595
1706696801425,1223.267339560235,918.9215466380119
1706696801437,1225.7073590246723,913.0553990602493
1706696801448,1228.6546395803875,911.7467522621155
1706696801459,1230.8876793341492,911.6511985659599
1706696801470,1227.9796883127538,921.5583473443985
1706696801481,1225.7214843467927,924.7415170073509
1706696801492,1226.562354410014,925.2207860350609
1706696801503,1226.944501855388,922.8493839502335
1706696801514,1225.3912778247727,922.0784991979599
1706696801526,1222.1646040704572,924.4719564914703
1706696801556,1220.1260960079583,916.8629378080368
1706696801558,1223.043485539823,918.6394155025482
1706696801559,1225.9683680774704,917.1653971076012
1706696801576,1227.2500640121436,928.043569624424
1706696801581,1228.341371582636,927.7157709002495
1706696801592,1231.8254161081459,930.6972727179527
1706696801603,1230.526017076057,936.2992390990257
1706696801614,1298.5700908247463,948.1621950864792
1706696801625,1378.292290531491,954.377318918705
1706696801635,1461.9773279079136,946.2043210864067
1706696801646,1894.94881709206,945.3242927789688
1706696801657,nan,nan
1706696801668,nan,nan
1706696801689,nan,nan
1706696801710,nan,nan
1706696801711,nan,nan
1706696801729,nan,nan
1706696801734,nan,nan
1706696801744,nan,nan
1706696801762,nan,nan
1706696801781,nan,nan
1706696801793,nan,nan
1706696801804,nan,nan
1706696801814,nan,nan
1706696801826,nan,nan
1706696801858,nan,nan
1706696801859,nan,nan
1706696801860,nan,nan
1706696801878,nan,nan
1706696801880,nan,nan
1706696801892,nan,nan
1706696801904,nan,nan
1706696801914,nan,nan
1706696801926,nan,nan
1706696801938,nan,nan
1706696801960,nan,nan
1706696801971,nan,nan
1706696802006,nan,nan
1706696802007,nan,nan
1706696802022,nan,nan
1706696802026,nan,nan
1706696802038,nan,nan
1706696802048,nan,nan
1706696802059,nan,nan
1706696802071,nan,nan
1706696802081,nan,nan
1706696802093,nan,nan
1706696802104,nan,nan
1706696802137,nan,nan
1706696802138,nan,nan
1706696802152,nan,nan
1706696802160,nan,nan
1706696802170,nan,nan
1706696802180,nan,nan
1706696802192,nan,nan
1706696802203,nan,nan
1706696802214,nan,nan
1706696802226,nan,nan
1706696802237,nan,nan
1706696802274,nan,nan
1706696802280,nan,nan
1706696802293,nan,nan
1706696802305,nan,nan
1706696802313,nan,nan
1706696802327,nan,nan
1706696802337,nan,nan
1706696802346,nan,nan
1706696802359,nan,nan
1706696802371,nan,nan
1706696802380,nan,nan
1706696802420,nan,nan
1706696802422,nan,nan
1706696802427,nan,nan
1706696802438,nan,nan
1706696802447,nan,nan
1706696802460,nan,nan
1706696802471,nan,nan
1706696802481,nan,nan
1706696802493,nan,nan
1706696802504,nan,nan
1706696802514,nan,nan
1706696802559,nan,nan
1706696802560,nan,nan
1706696802574,nan,nan
1706696802581,nan,nan
1706696802593,nan,nan
1706696802604,nan,nan
1706696802614,nan,nan
1706696802625,nan,nan
1706696802637,nan,nan
1706696802647,nan,nan
1706696802659,nan,nan
1706696802670,nan,nan
1706696802707,nan,nan
1706696802708,nan,nan
1706696802714,nan,nan
1706696802726,nan,nan
1706696802737,nan,nan
1706696802748,nan,nan
1706696802759,nan,nan
1706696802770,nan,nan
1706696802781,nan,nan
1706696802793,nan,nan
1706696802804,nan,nan
1706696802841,nan,nan
1706696802842,nan,nan
1706696802848,nan,nan
1706696802859,nan,nan
1706696802871,nan,nan
1706696802881,nan,nan
1706696802893,nan,nan
1706696802904,nan,nan
1706696802914,nan,nan
1706696802926,nan,nan
1706696802938,nan,nan
1706696802947,nan,nan
1706696802971,nan,nan
1706696802991,nan,nan
1706696802992,nan,nan
1706696803008,nan,nan
1706696803014,nan,nan
1706696803026,nan,nan
1706696803037,nan,nan
1706696803047,nan,nan
1706696803059,nan,nan
1706696803071,nan,nan
1706696803080,nan,nan
1706696803123,nan,nan
1706696803124,nan,nan
1706696803126,nan,nan
1706696803139,nan,nan
1706696803147,nan,nan
1706696803159,nan,nan
1706696803171,nan,nan
1706696803180,nan,nan
1706696803192,nan,nan
1706696803203,nan,nan
1706696803213,nan,nan
1706696803225,nan,nan
1706696803237,nan,nan
1706696803274,nan,nan
1706696803275,nan,nan
1706696803280,nan,nan
1706696803292,nan,nan
1706696803304,nan,nan
1706696803313,nan,nan
1706696803326,nan,nan
1706696803336,nan,nan
1706696803347,nan,nan
1706696803359,nan,nan
1706696803370,nan,nan
1706696803380,nan,nan
1706696803424,nan,nan
1706696803425,nan,nan
1706696803427,nan,nan
1706696803445,nan,nan
1706696803460,nan,nan
1706696803469,nan,nan
1706696803480,nan,nan
1706696803492,nan,nan
1706696803503,nan,nan
1706696803514,nan,nan
1706696803525,nan,nan
1706696803536,nan,nan
1706696803575,nan,nan
1706696803590,nan,nan
1706696803603,nan,nan
1706696803618,nan,nan
1706696803629,nan,nan
1706696803641,965.7396676030113,754.2449437081814
1706696803652,977.729359629763,751.1959455907345
1706696803663,976.837165201874,752.9117077589035
1706696803674,917.9780449155093,751.492827385664
1706696803714,798.6393010004956,756.1283282935619
1706696803716,782.8554163965194,755.0788231194019
1706696803719,771.1672426554546,752.1134875714779
1706696803732,770.5185133124343,749.5827585458755
1706696803741,769.8606514329321,750.3511518239975
1706696803752,773.1435219046964,752.8238549828529
1706696803763,767.5513039940229,750.7791474461555
1706696803774,764.1895481457315,748.4222836792469
1706696803785,763.2540771875223,748.6445061862469
1706696803796,761.3555448615058,749.5746470987797
1706696803808,761.3247766019792,746.154235303402
1706696803819,759.3364490892383,743.097734451294
1706696803857,761.2167154270712,741.5051303803921
1706696803858,756.8348737072599,744.2487813532352
1706696803863,750.9544862442478,743.830680847168
1706696803876,750.7628867633224,742.0619323849678
1706696803886,750.0025693498411,741.8592028319836
1706696803897,747.4999823160177,742.3572428524494
1706696803908,746.7246826077386,741.5866836905479
1706696803919,747.4581878875381,739.8578979074955
1706696803930,775.8710964602913,753.017170727253
1706696803941,897.0293042264257,800.4838868975639
1706696803952,1107.757582722361,877.1411247551441
1706696803963,1187.1833845677847,911.7176190018654
1706696803974,1216.7917737975376,926.1312499642372
1706696804015,1218.87018252699,934.301869571209
1706696804019,1221.10791346047,926.9420832395554
1706696804032,1224.7314015644617,927.0922228693962
1706696804042,1226.2894093455234,930.2577540278435
1706696804052,1228.4252946353197,933.2055076956749
1706696804063,1230.0075493430372,931.5177321434021
1706696804074,1230.3919144152146,930.3658217191696
1706696804086,1225.347197529971,928.7577450275421
1706696804097,1224.047132887007,934.8297223448753
1706696804108,1223.0097481777418,939.5528212189674
1706696804119,1228.6725655825371,938.0115896463394
1706696804161,1224.5137273443354,936.0841512680054
1706696804163,1232.2759046710062,934.5727324485779
1706696804179,1228.1295300474003,934.7415015101433
1706696804185,1231.7119158309906,952.0901456475258
1706696804197,1903.5176857362255,1240.4619425535202
1706696804206,1903.5176857362255,1240.4619425535202
1706696804216,1903.5176857362255,1240.4619425535202
1706696804227,nan,nan
1706696804238,nan,nan
1706696804249,nan,nan
1706696804261,nan,nan
1706696804272,nan,nan
1706696804309,nan,nan
1706696804315,nan,nan
1706696804328,nan,nan
1706696804338,nan,nan
1706696804349,nan,nan
1706696804360,nan,nan
1706696804371,nan,nan
1706696804382,nan,nan
1706696804393,nan,nan
1706696804404,nan,nan
1706696804445,nan,nan
1706696804446,nan,nan
1706696804449,nan,nan
1706696804462,nan,nan
1706696804471,nan,nan
1706696804482,nan,nan
1706696804494,nan,nan
1706696804505,nan,nan
1706696804516,nan,nan
1706696804527,nan,nan
1706696804538,nan,nan
1706696804548,nan,nan
1706696804560,nan,nan
1706696804595,nan,nan
1706696804596,nan,nan
1706696804604,nan,nan
1706696804615,nan,nan
1706696804629,nan,nan
1706696804637,nan,nan
1706696804648,nan,nan
1706696804659,nan,nan
1706696804671,nan,nan
1706696804682,nan,nan
1706696804693,nan,nan
1706696804705,nan,nan
1706696804745,nan,nan
1706696804746,nan,nan
1706696804749,nan,nan
1706696804763,nan,nan
1706696804771,nan,nan
1706696804782,nan,nan
1706696804793,nan,nan
1706696804804,nan,nan
1706696804815,nan,nan
1706696804826,nan,nan
1706696804837,nan,nan
1706696804849,nan,nan
1706696804860,nan,nan
1706696804895,nan,nan
1706696804912,nan,nan
1706696804914,nan,nan
1706696804927,nan,nan
1706696804937,nan,nan
1706696804947,nan,nan
1706696804965,nan,nan
1706696804985,nan,nan
1706696805025,nan,nan
1706696805026,nan,nan
1706696805031,nan,nan
1706696805044,nan,nan
1706696805053,nan,nan
1706696805064,nan,nan
1706696805075,nan,nan
1706696805087,nan,nan
1706696805097,nan,nan
1706696805108,nan,nan
1706696805120,nan,nan
1706696805131,nan,nan
1706696805142,nan,nan
1706696805178,nan,nan
1706696805179,nan,nan
1706696805185,nan,nan
1706696805197,nan,nan
1706696805208,nan,nan
1706696805219,nan,nan
1706696805231,nan,nan
1706696805243,nan,nan
1706696805252,nan,nan
1706696805264,nan,nan
1706696805276,nan,nan
1706696805286,nan,nan
1706696805327,nan,nan
1706696805330,nan,nan
1706696805344,nan,nan
1706696805352,nan,nan
1706696805364,nan,nan
1706696805375,nan,nan
1706696805385,nan,nan
1706696805397,nan,nan
1706696805409,nan,nan
1706696805419,nan,nan
1706696805430,nan,nan
1706696805442,nan,nan
1706696805482,nan,nan
1706696805483,nan,nan
1706696805484,nan,nan
1706696805500,nan,nan
1706696805508,nan,nan
1706696805518,nan,nan
1706696805530,nan,nan
1706696805541,nan,nan
1706696805551,nan,nan
1706696805563,nan,nan
1706696805575,nan,nan
1706696805585,nan,nan
1706696805628,nan,nan
1706696805630,nan,nan
1706696805644,nan,nan
1706696805651,nan,nan
1706696805664,nan,nan
1706696805675,nan,nan
1706696805685,nan,nan
1706696805697,nan,nan
1706696805707,nan,nan
1706696805717,nan,nan
1706696805730,nan,nan
1706696805741,nan,nan
1706696805780,nan,nan
1706696805784,nan,nan
1706696805797,nan,nan
1706696805808,nan,nan
1706696805818,nan,nan
1706696805830,nan,nan
1706696805842,nan,nan
1706696805852,nan,nan
1706696805864,nan,nan
1706696805875,nan,nan
1706696805885,nan,nan
1706696805928,nan,nan
1706696805929,nan,nan
1706696805930,nan,nan
1706696805945,nan,nan
1706696805951,nan,nan
1706696805963,nan,nan
1706696805974,nan,nan
1706696805984,nan,nan
1706696805996,nan,nan
1706696806007,nan,nan
1706696806018,nan,nan
1706696806030,nan,nan
1706696806041,nan,nan
1706696806081,nan,nan
1706696806085,nan,nan
1706696806096,nan,nan
1706696806108,nan,nan
1706696806119,nan,nan
1706696806130,nan,nan
1706696806148,nan,nan
1706696806162,nan,nan
1706696806173,nan,nan
1706696806185,nan,nan
1706696806228,nan,nan
1706696806229,1458.6067534979397,841.2765100598335
1706696806231,1458.6067534979397,841.2765100598335
1706696806249,1410.4720024366222,817.3975422978401
1706696806253,1415.8784498678738,809.4724178314209
1706696806265,1411.9627305071024,809.2481568455696
1706696806276,1417.4146333947265,813.3284695446491
1706696806287,1411.8491122604876,804.263523966074
1706696806297,1413.455332102528,806.4375191926956
1706696806309,1396.7526685821524,811.2443655729294
1706696806320,1308.3022821206623,864.5474448800087
1706696806331,1291.7630913328808,878.6031104624271
1706696806342,1264.6688683958807,899.5892360806465
1706696806353,1261.2291731745677,909.2390269041061
1706696806364,1255.100441715264,910.7245966792107
1706696806406,1250.9343227402892,907.5675591826439
1706696806409,1263.4033009339378,897.9228079319
1706696806422,1258.9872572706067,899.121405184269
1706696806431,1256.8306875783185,899.7902952134609
1706696806442,1249.972879528139,906.8080842494965
1706696806453,1248.882410299625,906.4501613378525
1706696806465,1253.4089706936852,906.1974748969078
1706696806476,1254.0783168949908,905.7024076581001
1706696806487,1253.646058854304,911.8984490633011
1706696806498,1254.72182287568,910.9393164515495
1706696806509,1256.1295797652401,908.7584555149078
1706696806547,1255.5496851167773,903.746685385704
1706696806548,1254.9034204485267,906.688691675663
1706696806554,1247.5429954092715,907.0747002959251
1706696806566,1247.7134522776164,902.8319180011749
1706696806576,1251.0664194734113,900.7534056901932
1706696806587,1254.5430721643584,902.2687882184982
1706696806598,1250.6793161108849,904.5040652155876
1706696806609,1250.5944561284255,905.0892502069473
1706696806621,1218.0474284757815,892.0699670910835
1706696806632,1139.057904830611,859.545074403286
1706696806643,980.1900528652283,811.1867360770702
1706696806654,739.6380662304513,754.3675497174263
1706696806695,667.6213810824144,740.3948813676834
1706696806697,608.3652773261603,725.3338493406773
1706696806711,601.9031786403036,726.2872628867626
1706696806720,608.7639580254972,726.8644638359547
1706696806731,609.1805348325117,725.7168002426624
1706696806742,612.9512935060468,725.8852154016495
1706696806753,604.6388653134154,722.385685145855
1706696806764,599.9858106649561,721.5629324316978
1706696806776,597.4586662216828,717.2315612435341
1706696806787,596.8289619218721,713.491915166378
1706696806798,593.4829198883654,709.2894069850445
1706696806809,590.9448645878203,705.7297274470329
1706696806845,584.2135726588178,701.1217601597309
1706696806846,582.0737888505892,701.1988259851933
1706696806860,581.0504224319988,694.1781207919121
1706696806864,587.0531929168824,694.2087262868881
1706696806876,618.4897689285334,702.7085177600384
1706696806887,872.1930104576355,753.7757962942123
1706696806897,1061.661779638548,805.8568499982357
1706696806908,1129.0413102620705,820.60766518116
1706696806919,1479.623082670073,1004.5321941375732
1706696806929,nan,nan
1706696806940,nan,nan
1706696806979,nan,nan
1706696806980,nan,nan
1706696806985,nan,nan
1706696806996,nan,nan
1706696807009,nan,nan
1706696807017,nan,nan
1706696807028,nan,nan
1706696807039,nan,nan
1706696807051,nan,nan
1706696807062,nan,nan
1706696807073,nan,nan
1706696807084,nan,nan
1706696807095,nan,nan
1706696807129,nan,nan
1706696807130,nan,nan
1706696807139,nan,nan
1706696807150,nan,nan
1706696807163,nan,nan
1706696807173,nan,nan
1706696807183,nan,nan
1706696807195,nan,nan
1706696807206,nan,nan
1706696807217,nan,nan
1706696807228,nan,nan
1706696807262,nan,nan
1706696807263,nan,nan
1706696807273,nan,nan
1706696807284,nan,nan
1706696807295,nan,nan
1706696807306,nan,nan
1706696807317,nan,nan
1706696807328,nan,nan
1706696807339,nan,nan
1706696807350,nan,nan
1706696807362,nan,nan
1706696807373,nan,nan
1706696807415,nan,nan
1706696807417,nan,nan
1706696807432,nan,nan
1706696807439,nan,nan
1706696807451,nan,nan
1706696807462,nan,nan
1706696807473,nan,nan
1706696807483,nan,nan
1706696807494,nan,nan
1706696807505,nan,nan
1706696807516,nan,nan
1706696807528,nan,nan
1706696807562,nan,nan
1706696807563,nan,nan
1706696807578,nan,nan
1706696807583,nan,nan
1706696807596,nan,nan
1706696807606,nan,nan
1706696807616,nan,nan
1706696807628,nan,nan
1706696807639,nan,nan
1706696807650,nan,nan
1706696807661,nan,nan
1706696807672,nan,nan
1706696807691,nan,nan
1706696807711,nan,nan
1706696807712,nan,nan
1706696807716,nan,nan
1706696807728,nan,nan
1706696807747,nan,nan
1706696807765,nan,nan
1706696807775,nan,nan
1706696807785,nan,nan
1706696807797,nan,nan
1706696807809,nan,nan
1706696807850,nan,nan
1706696807851,nan,nan
1706696807852,nan,nan
1706696807866,nan,nan
1706696807875,nan,nan
1706696807886,nan,nan
1706696807897,nan,nan
1706696807909,nan,nan
1706696807919,nan,nan
1706696807931,nan,nan
1706696807942,nan,nan
1706696807953,nan,nan
1706696807975,nan,nan
1706696807996,nan,nan
1706696807997,nan,nan
1706696807998,nan,nan
1706696808012,nan,nan
1706696808019,nan,nan
1706696808031,nan,nan
1706696808041,nan,nan
1706696808051,nan,nan
1706696808063,nan,nan
1706696808074,nan,nan
1706696808084,nan,nan
1706696808096,nan,nan
1706696808131,nan,nan
1706696808132,nan,nan
1706696808141,nan,nan
1706696808151,nan,nan
1706696808163,nan,nan
1706696808174,nan,nan
1706696808185,nan,nan
1706696808196,nan,nan
1706696808208,nan,nan
1706696808218,nan,nan
1706696808230,nan,nan
1706696808241,nan,nan
1706696808258,nan,nan
1706696808283,nan,nan
1706696808284,nan,nan
1706696808285,nan,nan
1706696808301,nan,nan
1706696808308,nan,nan
1706696808319,nan,nan
1706696808331,nan,nan
1706696808341,nan,nan
1706696808351,nan,nan
1706696808364,nan,nan
1706696808375,nan,nan
1706696808385,nan,nan
1706696808397,nan,nan
1706696808432,nan,nan
1706696808441,nan,nan
1706696808450,nan,nan
1706696808463,nan,nan
1706696808474,nan,nan
1706696808484,nan,nan
1706696808496,nan,nan
1706696808507,nan,nan
1706696808518,nan,nan
1706696808530,nan,nan
1706696808541,nan,nan
1706696808557,nan,nan
1706696808583,nan,nan
1706696808585,nan,nan
1706696808600,nan,nan
1706696808608,nan,nan
1706696808619,nan,nan
1706696808630,nan,nan
1706696808641,nan,nan
1706696808652,nan,nan
1706696808663,nan,nan
1706696808674,nan,nan
1706696808686,nan,nan
1706696808729,nan,nan
1706696808730,nan,nan
1706696808746,nan,nan
1706696808753,nan,nan
1706696808765,nan,nan
1706696808774,nan,nan
1706696808786,nan,nan
1706696808797,nan,nan
1706696808808,nan,nan
1706696808819,nan,nan
1706696808830,nan,nan
1706696808841,nan,nan
1706696808860,nan,nan
1706696808883,nan,nan
1706696808885,nan,nan
1706696808900,nan,nan
1706696808908,nan,nan
1706696808917,nan,nan
1706696808929,nan,nan
1706696808942,nan,nan
1706696808950,nan,nan
1706696808963,nan,nan
1706696808974,nan,nan
1706696809012,nan,nan
1706696809013,nan,nan
1706696809017,nan,nan
1706696809030,nan,nan
1706696809041,nan,nan
1706696809052,nan,nan
1706696809063,nan,nan
1706696809074,nan,nan
1706696809086,nan,nan
1706696809097,nan,nan
1706696809107,nan,nan
1706696809124,nan,nan
1706696809158,nan,nan
1706696809161,nan,nan
1706696809180,nan,nan
1706696809191,nan,nan
1706696809200,nan,nan
1706696809212,1198.2807322845579,973.7641870975494
1706696809223,1198.2807322845579,973.7641870975494
1706696809234,1198.2807322845579,973.7641870975494
1706696809245,nan,nan
1706696809256,1225.6054624259464,977.2876977920532
1706696809267,1226.9959845780315,962.0087325572968
1706696809279,1212.111166973812,968.6390548944473
1706696809315,1209.364182920991,957.1398824453354
1706696809316,1209.115233300472,955.8405220508575
1706696809323,1207.3144371807298,949.252724647522
1706696809334,1206.3976853245888,953.2188400626183
1706696809346,1209.7638134665908,952.5162160396576
1706696809357,1209.4570254240334,950.4991129040718
1706696809368,1209.4782613178004,947.7847650647163
1706696809379,1204.395079990078,952.9897943139076
1706696809390,1241.4977291431023,948.8628938794136
1706696809401,1309.461784932572,953.9609596133232
1706696809413,1388.6491305448526,947.1456453204155
1706696809424,1506.2756846399855,965.3832077980042
1706696809445,1509.5738254116804,969.3320527672768
1706696809466,1508.8643366283213,971.6963768005371
1706696809467,1509.3062059190356,972.662927210331
1706696809468,1511.8794858822805,974.4098752737045
1706696809484,1513.7711064786056,972.7600947022438
1706696809491,1513.5999623531347,971.4823365211487
1706696809503,1511.5347561792148,967.8884133696556
1706696809512,1511.7315944971122,968.4933319687843
1706696809523,1513.2260928145713,966.839899122715
1706696809534,1513.9868866152256,963.7597292661667
1706696809545,1520.9181749609559,965.0740101933479
1706696809556,1522.9821524044805,966.280110180378
1706696809567,1518.7712195702493,968.1914106011391
1706696809579,1438.4769354957812,983.2260698080063
1706696809614,1224.1304740516534,997.174134850502
1706696809623,818.5191350396966,1025.3482058644295
1706696809634,791.0339450455116,1027.7959942817688
1706696809647,786.4311346760984,1023.7805023789406
1706696809656,778.9155026589176,1025.621673464775
1706696809668,779.3388023288084,1026.7911657691002
1706696809679,777.4913259263064,1027.3642614483833
1706696809690,774.0609114504541,1028.0078262090683
1706696809701,774.3430037316441,1025.6837904453278
1706696809713,772.9503166574134,1026.5110448002815
1706696809724,769.3619800215457,1023.8423645496368
1706696809735,767.7200443491697,1026.2188911437988
1706696809766,770.8525050363033,1025.6472393870354
1706696809767,772.2369926182475,1026.5084117650986
1706696809784,773.5898542187651,1028.8119494915009
1706696809790,772.5718327498915,1025.7655277848244
1706696809801,775.9939179270459,1026.5564858913422
1706696809811,783.504102023803,1019.0216735005379
1706696809822,1127.5254220031584,1087.125326693058
1706696809832,1288.2577932761133,1122.2554236650467
1706696809843,1288.2577932761133,1122.2554236650467
1706696809854,nan,nan
1706696809865,nan,nan
1706696809876,nan,nan
1706696809914,nan,nan
1706696809920,nan,nan
1706696809933,nan,nan
1706696809942,nan,nan
1706696809953,nan,nan
1706696809963,nan,nan
1706696809984,nan,nan
1706696810002,nan,nan
1706696810014,nan,nan
1706696810023,nan,nan
1706696810045,nan,nan
1706696810065,nan,nan
1706696810069,nan,nan
1706696810081,nan,nan
1706696810091,nan,nan
1706696810102,nan,nan
1706696810114,nan,nan
1706696810123,nan,nan
1706696810135,nan,nan
1706696810146,nan,nan
1706696810157,nan,nan
1706696810195,nan,nan
1706696810196,nan,nan
1706696810202,nan,nan
1706696810213,nan,nan
1706696810225,nan,nan
1706696810235,nan,nan
1706696810247,nan,nan
1706696810256,nan,nan
1706696810268,nan,nan
1706696810280,nan,nan
1706696810290,nan,nan
1706696810302,nan,nan
1706696810313,nan,nan
1706696810351,nan,nan
1706696810357,nan,nan
1706696810369,nan,nan
1706696810380,nan,nan
1706696810390,nan,nan
1706696810402,nan,nan
1706696810413,nan,nan
1706696810424,nan,nan
1706696810436,nan,nan
1706696810447,nan,nan
1706696810457,nan,nan
1706696810477,nan,nan
1706696810499,nan,nan
1706696810500,nan,nan
1706696810502,nan,nan
1706696810520,nan,nan
1706696810522,nan,nan
1706696810537,nan,nan
1706696810547,nan,nan
1706696810556,nan,nan
1706696810568,nan,nan
1706696810579,nan,nan
1706696810589,nan,nan
1706696810602,nan,nan
1706696810613,nan,nan
1706696810648,nan,nan
1706696810649,nan,nan
1706696810664,nan,nan
1706696810669,nan,nan
1706696810680,nan,nan
1706696810689,nan,nan
1706696810702,nan,nan
1706696810713,nan,nan
1706696810723,nan,nan
1706696810735,nan,nan
1706696810747,nan,nan
1706696810757,nan,nan
1706696810775,nan,nan
1706696810800,nan,nan
1706696810801,nan,nan
1706696810802,nan,nan
1706696810817,nan,nan
1706696810824,nan,nan
1706696810835,nan,nan
1706696810847,nan,nan
1706696810857,nan,nan
1706696810868,nan,nan
1706696810879,nan,nan
1706696810890,nan,nan
1706696810901,nan,nan
1706696810913,nan,nan
1706696810949,nan,nan
1706696810950,nan,nan
1706696810956,nan,nan
1706696810968,nan,nan
1706696810980,nan,nan
1706696810990,nan,nan
1706696811001,nan,nan
1706696811012,nan,nan
1706696811023,nan,nan
1706696811035,nan,nan
1706696811046,nan,nan
1706696811057,nan,nan
1706696811099,nan,nan
1706696811100,nan,nan
1706696811101,nan,nan
1706696811117,nan,nan
1706696811124,nan,nan
1706696811135,nan,nan
1706696811146,nan,nan
1706696811156,nan,nan
1706696811168,nan,nan
1706696811180,nan,nan
1706696811189,nan,nan
1706696811203,nan,nan
1706696811213,nan,nan
1706696811248,nan,nan
1706696811249,nan,nan
1706696811255,nan,nan
1706696811268,nan,nan
1706696811280,nan,nan
1706696811289,nan,nan
1706696811301,nan,nan
1706696811312,nan,nan
1706696811322,nan,nan
1706696811334,nan,nan
1706696811346,nan,nan
1706696811356,nan,nan
1706696811400,nan,nan
1706696811401,nan,nan
1706696811418,nan,nan
1706696811422,nan,nan
1706696811435,nan,nan
1706696811446,nan,nan
1706696811456,nan,nan
1706696811467,nan,nan
1706696811479,nan,nan
1706696811489,nan,nan
1706696811501,nan,nan
1706696811513,nan,nan
1706696811548,nan,nan
1706696811564,nan,nan
1706696811567,nan,nan
1706696811580,nan,nan
1706696811589,nan,nan
1706696811601,nan,nan
1706696811612,nan,nan
1706696811623,nan,nan
1706696811633,nan,nan
1706696811644,nan,nan
1706696811682,nan,nan
1706696811688,nan,nan
1706696811700,nan,nan
1706696811712,nan,nan
1706696811722,nan,nan
1706696811733,nan,nan
1706696811745,nan,nan
1706696811755,nan,nan
1706696811767,nan,nan
1706696811778,nan,nan
1706696811788,nan,nan
1706696811810,nan,nan
1706696811832,nan,nan
1706696811833,nan,nan
1706696811848,nan,nan
1706696811854,nan,nan
1706696811867,nan,nan
1706696811879,nan,nan
1706696811888,nan,nan
1706696811900,nan,nan
1706696811912,nan,nan
1706696811922,nan,nan
1706696811934,nan,nan
1706696811966,nan,nan
1706696811967,nan,nan
1706696811984,nan,nan
1706696811988,nan,nan
1706696812000,nan,nan
1706696812012,nan,nan
1706696812021,nan,nan
1706696812033,nan,nan
1706696812045,nan,nan
1706696812055,nan,nan
1706696812066,nan,nan
1706696812078,nan,nan
1706696812096,nan,nan
1706696812117,nan,nan
1706696812118,nan,nan
1706696812122,nan,nan
1706696812135,nan,nan
1706696812146,nan,nan
1706696812155,nan,nan
1706696812167,nan,nan
1706696812178,nan,nan
1706696812188,nan,nan
1706696812200,nan,nan
1706696812211,nan,nan
1706696812251,nan,nan
1706696812252,nan,nan
1706696812255,nan,nan
1706696812268,nan,nan
1706696812278,nan,nan
1706696812288,nan,nan
1706696812300,nan,nan
1706696812311,nan,nan
1706696812322,nan,nan
1706696812334,nan,nan
1706696812345,nan,nan
1706696812354,nan,nan
1706696812366,nan,nan
1706696812399,nan,nan
1706696812400,nan,nan
1706696812415,nan,nan
1706696812421,nan,nan
1706696812433,nan,nan
1706696812444,nan,nan
1706696812454,nan,nan
1706696812467,nan,nan
1706696812479,nan,nan
1706696812488,nan,nan
1706696812532,nan,nan
1706696812534,nan,nan
1706696812547,nan,nan
1706696812555,nan,nan
1706696812567,nan,nan
1706696812579,nan,nan
1706696812588,nan,nan
1706696812600,nan,nan
1706696812612,nan,nan
1706696812622,nan,nan
1706696812634,nan,nan
1706696812645,nan,nan
1706696812685,nan,nan
1706696812686,nan,nan
1706696812689,nan,nan
1706696812701,nan,nan
1706696812714,nan,nan
1706696812722,nan,nan
1706696812733,nan,nan
1706696812752,nan,nan
1706696812766,nan,nan
1706696812777,nan,nan
1706696812799,nan,nan
1706696812820,nan,nan
1706696812821,nan,nan
1706696812839,nan,nan
1706696812844,nan,nan
1706696812855,nan,nan
1706696812866,nan,nan
1706696812877,nan,nan
1706696812888,nan,nan
1706696812898,nan,nan
1706696812918,nan,nan
1706696812937,nan,nan
1706696812990,nan,nan
1706696812992,1298.3854604457501,978.3616364002228
1706696813010,1300.0062058815975,982.0218667387962
1706696813016,1321.3933789149346,975.1365080475807
1706696813026,1320.907635894616,958.1076502799988
1706696813038,1323.6892550727168,960.7988953590393
1706696813049,1324.1773702773548,955.5887416005135
1706696813060,1327.1342638602114,952.5879874825478
1706696813071,1324.8302350382635,952.3253634572029
1706696813082,1322.5593343625671,954.5188799500465
1706696813093,1344.2211567626825,947.0182120800018
1706696813113,1391.3078891580453,935.7244729995728
1706696813132,1447.811732474965,925.0711277127266
1706696813133,1539.001384119536,918.6618387699127
1706696813138,1541.5516313249589,922.7038308978081
1706696813151,1543.6709883286037,920.9398955106735
1706696813159,1541.5762967674818,923.5586330294609
1706696813170,1538.5952047590317,925.8048668503761
1706696813182,1538.4939214478134,928.9204269647598
1706696813193,1539.35166427232,931.3980847597122
1706696813204,1538.0003546524554,929.4959291815758
1706696813215,1534.9905466853193,928.890585899353
1706696813226,1537.2301482385642,924.7906103730202
1706696813264,1538.6442230812156,926.8280699849129
1706696813265,1542.2074661461409,928.9792597293854
1706696813271,1539.9660416587922,931.8258255720139
1706696813282,1536.2409594749479,930.4821848869324
1706696813294,1536.6300991604503,929.9123167991638
1706696813304,1539.8361049097123,927.8308317065239
1706696813315,1540.6600002901953,928.9425671100616
1706696813326,1536.0873455472436,929.4157207012177
1706696813337,1537.5765051564524,932.2124570608139
1706696813349,1537.1207029092025,933.6606547236443
1706696813360,1538.6959170742227,936.4665076136589
1706696813399,1535.5566757541656,934.8520040512085
1706696813400,1536.809777084254,931.4503490924835
1706696813404,1415.479952216148,929.7719731926918
1706696813416,1185.9824324659455,943.2370886206627
1706696813428,861.6511137847776,958.2137361168861
1706696813437,812.6665601361879,962.622880935669
1706696813449,736.0235060714251,974.7141182422638
1706696813460,692.8594354719677,986.1864790320396
1706696813471,691.3709303104822,990.0450929999352
1706696813482,690.4232951286435,994.0323293209076
1706696813493,690.1909616448755,996.9331696629524
1706696813504,689.5744142671094,995.6704452633858
1706696813516,687.3638777180622,991.57944470644
1706696813549,689.5597428088997,990.6202554702759
1706696813550,688.9008992986862,990.5817225575447
1706696813566,685.6196472239111,988.5107979178429
1706696813570,687.9279504593036,989.0461534261703
1706696813583,692.9946244679597,992.4963638186455
1706696813592,698.6348198058511,994.3299755454063
1706696813603,702.6565423485139,996.3857814669609
1706696813615,708.3551012775306,1001.9771307706833
1706696813626,765.1293708268688,1005.9762299060822
1706696813637,864.2600175357205,1028.7180095911026
1706696813648,936.2976720852671,1029.9845844507217
1706696813682,1240.3495024930962,1111.7739900946617
1706696813683,nan,nan
1706696813698,nan,nan
1706696813702,nan,nan
1706696813714,nan,nan
1706696813724,nan,nan
1706696813735,nan,nan
1706696813745,nan,nan
1706696813755,nan,nan
1706696813774,nan,nan
1706696813794,nan,nan
1706696813833,nan,nan
1706696813834,nan,nan
1706696813838,nan,nan
1706696813851,nan,nan
1706696813860,nan,nan
1706696813872,nan,nan
1706696813883,nan,nan
1706696813892,nan,nan
1706696813904,nan,nan
1706696813915,nan,nan
1706696813926,nan,nan
1706696813938,nan,nan
1706696813949,nan,nan
1706696813981,nan,nan
1706696813982,nan,nan
1706696813996,nan,nan
1706696814005,nan,nan
1706696814015,nan,nan
1706696814026,nan,nan
1706696814038,nan,nan
1706696814049,nan,nan
1706696814059,nan,nan
1706696814071,nan,nan
1706696814082,nan,nan
1706696814092,nan,nan
1706696814134,nan,nan
1706696814138,nan,nan
1706696814149,nan,nan
1706696814160,nan,nan
1706696814171,nan,nan
1706696814182,nan,nan
1706696814192,nan,nan
1706696814205,nan,nan
1706696814216,nan,nan
1706696814225,nan,nan
1706696814238,nan,nan
1706696814250,nan,nan
1706696814284,nan,nan
1706696814285,nan,nan
1706696814299,nan,nan
1706696814304,nan,nan
1706696814317,nan,nan
1706696814325,nan,nan
1706696814337,nan,nan
1706696814349,nan,nan
1706696814359,nan,nan
1706696814370,nan,nan
1706696814382,nan,nan
1706696814416,nan,nan
1706696814417,nan,nan
1706696814426,nan,nan
1706696814437,nan,nan
1706696814449,nan,nan
1706696814459,nan,nan
1706696814471,nan,nan
1706696814483,nan,nan
1706696814493,nan,nan
1706696814504,nan,nan
1706696814515,nan,nan
1706696814525,nan,nan
1706696814547,nan,nan
1706696814566,nan,nan
1706696814567,nan,nan
1706696814571,nan,nan
1706696814586,nan,nan
1706696814592,nan,nan
1706696814604,nan,nan
1706696814615,nan,nan
1706696814626,nan,nan
1706696814638,nan,nan
1706696814648,nan,nan
1706696814659,nan,nan
1706696814671,nan,nan
1706696814701,nan,nan
1706696814704,nan,nan
1706696814720,nan,nan
1706696814726,nan,nan
1706696814738,nan,nan
1706696814749,nan,nan
1706696814759,nan,nan
1706696814772,nan,nan
1706696814783,nan,nan
1706696814792,nan,nan
1706696814805,nan,nan
1706696814816,nan,nan
1706696814851,nan,nan
1706696814853,nan,nan
1706696814859,nan,nan
1706696814872,nan,nan
1706696814884,nan,nan
1706696814892,nan,nan
1706696814904,nan,nan
1706696814916,nan,nan
1706696814926,nan,nan
1706696814937,nan,nan
1706696814956,nan,nan
1706696814970,nan,nan
1706696815001,nan,nan
1706696815002,nan,nan
1706696815003,nan,nan
1706696815017,nan,nan
1706696815026,nan,nan
1706696815037,nan,nan
1706696815048,nan,nan
1706696815059,nan,nan
1706696815070,nan,nan
1706696815081,nan,nan
1706696815092,nan,nan
1706696815104,nan,nan
1706696815115,nan,nan
1706696815150,nan,nan
1706696815164,1613.8186197325713,1309.540045261383
1706696815172,1613.8186197325713,1309.540045261383
1706696815182,nan,nan
1706696815193,nan,nan
1706696815205,nan,nan
1706696815217,1014.8344500973485,1005.0813093781471
1706696815228,1030.538092758854,999.7854545712471
1706696815240,1037.0243139852837,998.9134669303894
1706696815251,1029.775667771643,1003.8119032979012
1706696815285,1024.515395534355,1001.3362556695938
1706696815286,1015.7154217897926,1001.0827764868736
1706696815299,1006.8908708273449,985.5093359947205
1706696815305,1006.8908708273449,985.5093359947205
1706696815316,1031.5920509146122,979.7497272491455
1706696815328,1022.8526244190117,966.7868986725807
1706696815339,1027.248997780049,967.9910734295845
1706696815351,1022.2902154481312,962.3085021972656
1706696815361,1017.3325403697734,958.9161336421967
1706696815373,1012.1503171865015,954.0233314037323
1706696815384,1013.7076527635245,953.2293155789375
1706696815395,1009.8423368429072,947.2719743847847
1706696815434,1003.9877624018089,944.8355674743652
1706696815435,1005.553220577014,946.1499616503716
1706696815439,1008.9147473120423,943.5537040233612
1706696815450,1004.2937947742023,938.9523476362228
1706696815463,999.1348238115521,937.6055359840393
1706696815473,995.887795943882,938.3691728115082
1706696815484,998.9489124465658,935.7745572924614
1706696815495,1001.7848167595876,935.9007731080055
1706696815506,1003.4714659741734,932.7789559960365
1706696815518,1079.0539145613213,923.3251705765724
1706696815528,1264.0722353321112,908.9079439640045
1706696815567,1387.3372739977076,901.2386485934258
1706696815568,1481.6563649794805,894.1360220313072
1706696815573,1523.9508834070093,899.4444191455841
1706696815584,1523.008514794745,900.7564917206764
1706696815597,1520.7007722499957,902.9649004340172
1706696815607,1522.3356739303201,904.4896826148033
1706696815618,1519.9150812477067,906.4661011099815
1706696815628,1520.5207698080355,908.5251912474632
1706696815640,1522.3221978913953,910.5699270963669
1706696815650,1522.60304751084,912.0501175522804
1706696815661,1526.3387779742018,907.9765006899834
1706696815701,1523.5177168040498,908.6193859577179
1706696815702,1520.0664270875766,910.2130800485611
1706696815706,1517.0299433505359,917.4187913537025
1706696815717,1513.887475729038,920.7521572709084
1706696815729,1510.215095904407,922.2130954265594
1706696815739,1504.8832738684312,921.3081240653992
1706696815750,1505.891963285324,921.9351261854172
1706696815761,1508.3215821998908,923.4782829880714
1706696815772,1514.0715443816573,924.4959369301796
1706696815783,1464.2018840862506,929.9417898058891
1706696815794,1309.940046283863,938.6715188622475
1706696815805,1208.173259539848,945.4139858484268
1706696815817,954.4800101242731,972.3457738757133
1706696815854,674.351309577827,1005.482380092144
1706696815855,636.3555507642071,1009.1858431696892
1706696815872,544.0667322511914,1017.0015126466751
1706696815873,544.017097124645,1017.8804084658623
1706696815884,538.5129454587252,1018.2246282696724
1706696815895,540.7912762578941,1019.0331965684891
1706696815906,543.9265953571704,1018.5249924659729
1706696815917,545.8332582000846,1017.8639307618141
1706696815928,550.7573631008956,1017.8674414753914
1706696815939,550.6046052423796,1017.6106497645378
1706696815951,555.5515553381488,1018.2979851961136
1706696815986,553.5369557957288,1018.2910203933716
1706696815987,558.2696199772006,1020.7415550947189
1706696816003,589.6758062815195,1025.8879214525223
1706696816005,665.6861930925143,1030.6570276618004
1706696816017,838.4462226583314,1077.903701364994
1706696816026,1435.1328538165017,1229.7117978334427
1706696816037,nan,nan
1706696816048,nan,nan
1706696816058,nan,nan
1706696816070,nan,nan
1706696816081,nan,nan
1706696816092,nan,nan
1706696816103,nan,nan
1706696816136,nan,nan
1706696816137,nan,nan
1706696816146,nan,nan
1706696816164,nan,nan
1706696816184,nan,nan
1706696816195,nan,nan
1706696816206,nan,nan
1706696816218,nan,nan
1706696816228,nan,nan
1706696816239,nan,nan
1706696816251,nan,nan
1706696816286,nan,nan
1706696816287,nan,nan
1706696816295,nan,nan
1706696816306,nan,nan
1706696816318,nan,nan
1706696816328,nan,nan
1706696816339,nan,nan
1706696816351,nan,nan
1706696816361,nan,nan
1706696816373,nan,nan
1706696816384,nan,nan
1706696816394,nan,nan
1706696816406,nan,nan
1706696816436,nan,nan
1706696816439,nan,nan
1706696816452,nan,nan
1706696816460,nan,nan
1706696816473,nan,nan
1706696816484,nan,nan
1706696816494,nan,nan
1706696816506,nan,nan
1706696816517,nan,nan
1706696816527,nan,nan
1706696816570,nan,nan
1706696816571,nan,nan
1706696816572,nan,nan
1706696816585,nan,nan
1706696816593,nan,nan
1706696816605,nan,nan
1706696816617,nan,nan
1706696816626,nan,nan
1706696816639,nan,nan
1706696816650,nan,nan
1706696816660,nan,nan
1706696816672,nan,nan
1706696816684,nan,nan
1706696816717,nan,nan
1706696816718,nan,nan
1706696816732,nan,nan
1706696816739,nan,nan
1706696816751,nan,nan
1706696816761,nan,nan
1706696816772,nan,nan
1706696816784,nan,nan
1706696816794,nan,nan
1706696816806,nan,nan
1706696816818,nan,nan
1706696816849,nan,nan
1706696816851,nan,nan
1706696816866,nan,nan
1706696816874,nan,nan
1706696816892,nan,nan
1706696816907,nan,nan
1706696816918,nan,nan
1706696816928,nan,nan
1706696816939,nan,nan
1706696816950,nan,nan
1706696816962,nan,nan
1706696817001,nan,nan
1706696817002,nan,nan
1706696817007,nan,nan
1706696817019,1168.89791241588,1057.324719429016
1706696817031,1168.89791241588,1057.324719429016
1706696817041,1168.89791241588,1057.324719429016
1706696817052,1154.4230844126764,1053.0203580856323
1706696817063,1154.4230844126764,1053.0203580856323
1706696817074,1154.4230844126764,1053.0203580856323
1706696817086,1145.1677132111763,1050.3798201680183
1706696817098,1186.5841019867605,1035.3545606136322
1706696817135,1195.1451323027973,1035.6702417135239
1706696817136,1195.0383274207643,1036.8267953395844
1706696817149,1199.1341297991262,1032.6394483447075
1706696817153,1201.4706477502682,1023.8850310444832
1706696817164,1202.7676330981863,1027.0797237753868
1706696817176,1180.514555983798,1022.1862137317657
1706696817187,1170.6328179625027,1022.6497977972031
1706696817197,1172.2440964508323,1018.7967047095299
1706696817209,1193.9107859371284,1015.502692759037
1706696817220,1200.6217117828205,1019.8852524161339
1706696817231,1152.2601635915926,1012.3487696051598
1706696817241,1126.4732762887747,1010.2835074067116
1706696817284,955.0157305172676,1006.2210455536842
1706696817287,653.4924347734416,992.3394292593002
1706696817299,648.1611335975489,989.1343176364899
1706696817309,640.0529295755434,989.2708674073219
1706696817321,636.8022174711397,986.3771617412567
1706696817331,635.4310461321016,984.600655734539
1706696817342,628.9790308993345,982.1302741765976
1706696817354,632.0673836574646,982.338397204876
1706696817365,626.8684398298869,978.0523255467415
1706696817376,623.5045513709804,978.274293243885
1706696817386,619.7532162171119,976.6358092427254
1706696817398,610.9838643906147,975.9230211377144
1706696817416,607.5492929936133,973.8084673881531
1706696817438,606.4123419786409,974.0413919091225
1706696817442,599.5585001647016,970.1772853732109
1706696817453,599.8304959824709,968.756777048111
1706696817465,602.4992838794108,968.0745378136635
1706696817475,597.7165627617808,965.5111789703369
1706696817486,597.2278408079505,964.0893399715424
1706696817497,592.905604527336,962.656232714653
1706696817509,593.8584698387306,965.4350474476814
1706696817520,593.9834108594071,966.0303115844727
