timestamp,x,y
1706696783603,0.3566918224096298,0.39649298787117004
1706696783644,0.3555627316236496,0.3910153955221176
1706696783645,0.3562551885843277,0.39165838062763214
1706696783647,0.3586096912622452,0.3955918401479721
1706696783661,0.35900840163230896,0.3961830139160156
1706696783669,0.35149261355400085,0.386909157037735
1706696783681,0.3207017034292221,0.33615151047706604
1706696783692,0.25039544701576233,0.2435043752193451
1706696783703,0.21258726716041565,0.18757028132677078
1706696783714,0.18225840479135513,0.16035348922014236
1706696783725,0.1605277881026268,0.14730053767561913
1706696783736,0.1608312502503395,0.14722460135817528
1706696783747,0.15988582372665405,0.1447889655828476
1706696783758,0.16038695722818375,0.14459314942359924
1706696783799,0.16107311844825745,0.14435070753097534
1706696783800,0.16071423143148422,0.14455745369195938
1706696783802,0.15691529214382172,0.13914166390895844
1706696783818,0.15558339655399323,0.1398920826613903
1706696783825,0.1536431461572647,0.13564156740903854
1706696783836,0.15285758301615715,0.1366591826081276
1706696783847,0.15505417436361313,0.13405660167336464
1706696783858,0.1582283079624176,0.14042019844055176
1706696783869,0.15960366278886795,0.1413567028939724
1706696783880,0.158293679356575,0.14259565249085426
1706696783891,0.1551339030265808,0.14104408770799637
1706696783902,0.15636924654245377,0.14190705865621567
1706696783914,0.15679825097322464,0.14161866903305054
1706696783925,0.1612963080406189,0.14548413455486298
1706696783960,0.15983891487121582,0.1460614651441574
1706696783961,0.15849176794290543,0.1508212760090828
1706696783969,0.19415077567100525,0.13994331285357475
1706696783980,0.23444506525993347,0.12123297527432442
1706696783992,0.3066119849681854,0.11462557315826416
1706696784003,0.32265605032444,0.11320698633790016
1706696784014,0.33359386026859283,0.11360727250576019
1706696784025,0.3366597294807434,0.1121414452791214
1706696784036,0.3365636616945267,0.11523807048797607
1706696784047,0.3367249518632889,0.1132769025862217
1706696784059,0.3341562896966934,0.11354836076498032
1706696784069,0.33397600054740906,0.10940957441926003
1706696784109,0.33387839794158936,0.1104336567223072
1706696784110,0.33279846608638763,0.08512827567756176
1706696784113,0.3301176130771637,0.088896743953228
1706696784124,0.32389648258686066,0.07365159690380096
1706696784135,0.3240899592638016,0.074671421200037
1706696784146,0.37466053664684296,0.06293144449591637
1706696784157,0.4417755901813507,0.10533709079027176
1706696784169,0.4977290779352188,0.1036115363240242
1706696784180,0.5370162427425385,0.10459018126130104
1706696784190,0.5519843101501465,0.08576283231377602
1706696784202,0.5560779571533203,0.08424211852252483
1706696784213,0.5576236248016357,0.08553061820566654
1706696784224,0.5588401854038239,0.11120662093162537
1706696784235,0.5578650236129761,0.10937849059700966
1706696784274,0.5586002767086029,0.11237875372171402
1706696784275,0.5658577680587769,0.071424076333642
1706696784280,0.5620137453079224,0.0704650767147541
1706696784290,0.5549159646034241,0.10346834361553192
1706696784301,0.5498009324073792,0.10984161123633385
1706696784313,0.5481317937374115,0.11061112955212593
1706696784324,0.5542531609535217,0.1259230338037014
1706696784335,0.5566908121109009,0.11241848766803741
1706696784347,0.556287556886673,0.11715283989906311
1706696784358,0.5569986402988434,0.12102977186441422
1706696784369,0.5587109923362732,0.12694592773914337
1706696784380,0.5573357045650482,0.12893448397517204
1706696784391,0.5577062368392944,0.13031071051955223
1706696784427,0.5571714043617249,0.12705545872449875
1706696784428,0.5585797131061554,0.1263042576611042
1706696784435,0.5542804300785065,0.15777937322854996
1706696784447,0.5733973979949951,0.25060947984457016
1706696784456,0.6188303977251053,0.4014941155910492
1706696784467,0.6303614675998688,0.43422840535640717
1706696784478,nan,nan
1706696784488,nan,nan
1706696784500,nan,nan
1706696784511,nan,nan
1706696784523,0.6221784949302673,0.9276242852210999
1706696784559,0.6001991927623749,0.7180374562740326
1706696784560,0.5898313522338867,0.6855616569519043
1706696784576,0.5359346568584442,0.6657294034957886
1706696784579,0.5263753533363342,0.6457585692405701
1706696784591,0.5252408683300018,0.6084353625774384
1706696784602,0.528532087802887,0.6099938452243805
1706696784613,0.5315224528312683,0.6148918271064758
1706696784624,0.5314074754714966,0.6116890609264374
1706696784635,0.5303194522857666,0.6122999489307404
1706696784646,0.5299638211727142,0.6094355285167694
1706696784657,0.5276716351509094,0.6068767011165619
1706696784669,0.527437835931778,0.6061075031757355
1706696784680,0.5272159576416016,0.6063307225704193
1706696784716,0.5282408893108368,0.6064472198486328
1706696784718,0.5280427634716034,0.6051466166973114
1706696784724,0.5266021192073822,0.6130622029304504
1706696784738,0.5283713936805725,0.6163965165615082
1706696784746,0.5279303193092346,0.6246466636657715
1706696784761,0.5255627334117889,0.6248072385787964
1706696784769,0.5237411260604858,0.6218026578426361
1706696784780,0.5259824395179749,0.6104593276977539
1706696784791,0.5277306139469147,0.5810720920562744
1706696784802,0.5309660136699677,0.5737664103507996
1706696784814,0.5316360592842102,0.5618718564510345
1706696784824,0.5329203903675079,0.5633625090122223
1706696784866,0.5307436585426331,0.5602415204048157
1706696784867,0.5274618268013,0.5678029358386993
1706696784868,0.5259760916233063,0.5654175281524658
1706696784883,0.526918888092041,0.5622333288192749
1706696784890,0.5253114104270935,0.5608952641487122
1706696784902,0.5270357728004456,0.5629770755767822
1706696784912,0.5266340672969818,0.563312292098999
1706696784923,0.5293625295162201,0.5601584911346436
1706696784935,0.5249966084957123,0.5201413929462433
1706696784946,0.5289327204227448,0.4188774526119232
1706696784957,0.5221206843852997,0.23605728149414062
1706696784968,0.5234130918979645,0.17318525165319443
1706696785011,0.5191392302513123,0.1388477236032486
1706696785012,0.5131684839725494,0.1286853440105915
1706696785030,0.5130523145198822,0.13225837424397469
1706696785036,0.5136278569698334,0.13383978232741356
1706696785046,0.5162308812141418,0.1331416703760624
1706696785057,0.5140479207038879,0.13398452475667
1706696785068,0.5147097408771515,0.13477648422122002
1706696785079,0.5115320682525635,0.13475481048226357
1706696785090,0.5108287334442139,0.13204386830329895
1706696785101,0.5102115869522095,0.128214281052351
1706696785113,0.5130340456962585,0.12586139142513275
1706696785124,0.5163972079753876,0.13268449902534485
1706696785161,0.517690509557724,0.13439862430095673
1706696785162,0.5350878536701202,0.1292749010026455
1706696785169,0.5530388653278351,0.12108610942959785
1706696785183,0.5760472416877747,0.11884889006614685
1706696785190,0.5940658450126648,0.12287202477455139
1706696785204,0.5960105061531067,0.12388015165925026
1706696785213,0.5985715985298157,0.12639722600579262
1706696785224,0.5976333618164062,0.13532646745443344
1706696785235,0.596643328666687,0.1310875490307808
1706696785247,0.595048576593399,0.13187268376350403
1706696785258,0.596055269241333,0.12935208901762962
1706696785269,0.5960667729377747,0.13684463500976562
1706696785280,0.5971464216709137,0.13594701513648033
1706696785319,0.594476044178009,0.15054906904697418
1706696785320,0.5948163568973541,0.14856867492198944
1706696785324,0.5952717661857605,0.12909693270921707
1706696785345,0.587457537651062,0.13531530648469925
1706696785346,0.5372485220432281,0.13903605192899704
1706696785357,0.3888870030641556,0.15165475383400917
1706696785367,0.371182918548584,0.15569179505109787
1706696785379,0.26468901336193085,0.19478143751621246
1706696785390,0.13441872596740723,0.23179764300584793
1706696785401,0.1314178928732872,0.22208252549171448
1706696785412,0.12279296293854713,0.2260764092206955
1706696785423,0.12493940070271492,0.22451922297477722
1706696785435,0.12461717054247856,0.2299363985657692
1706696785446,0.12555480375885963,0.22950023412704468
1706696785457,0.12446025013923645,0.22907176613807678
1706696785496,0.1235455721616745,0.225415401160717
1706696785497,0.1230311170220375,0.22617773711681366
1706696785501,0.12339156493544579,0.22745731472969055
1706696785513,0.12526926398277283,0.2260322943329811
1706696785524,0.12692856043577194,0.22338345646858215
1706696785536,0.12678031995892525,0.2253132313489914
1706696785546,0.12686249241232872,0.2253573089838028
1706696785557,0.12949859350919724,0.22874178737401962
1706696785568,0.12798071652650833,0.22700978070497513
1706696785580,0.12630854547023773,0.22780556976795197
1706696785590,0.1252480037510395,0.22468581050634384
1706696785602,0.12596341967582703,0.22517838329076767
1706696785625,0.147440355271101,0.22027293592691422
1706696785645,0.21513888239860535,0.2121221348643303
1706696785646,0.24729054421186447,0.2036706879734993
1706696785663,0.27881260216236115,0.2056344747543335
1706696785668,0.28200986981391907,0.2048390954732895
1706696785679,0.28419986367225647,0.1999954655766487
1706696785690,0.2843078076839447,0.1928192600607872
1706696785701,0.2831798493862152,0.19268108904361725
1706696785712,0.2831820398569107,0.19595997035503387
1706696785723,0.28220632672309875,0.19263677299022675
1706696785734,0.2822936624288559,0.1912054494023323
1706696785746,0.28103335201740265,0.1905241683125496
1706696785757,0.2799891531467438,0.19202516973018646
1706696785816,0.27751415967941284,0.18929913640022278
1706696785817,0.278798446059227,0.18651114404201508
1706696785824,0.2797315865755081,0.17864444851875305
1706696785835,0.28513048589229584,0.18130923807621002
1706696785849,0.31906700134277344,0.1779703050851822
1706696785857,0.4060783237218857,0.1608537808060646
1706696785870,0.4488372504711151,0.15617505460977554
1706696785880,0.4785894602537155,0.14830248802900314
1706696785890,0.49621862173080444,0.1472736895084381
1706696785901,0.49589815735816956,0.15512002259492874
1706696785913,0.4972756803035736,0.15852929651737213
1706696785924,0.4964587241411209,0.16508211940526962
1706696785935,0.4962824583053589,0.16171663999557495
1706696785946,0.49655668437480927,0.1567600965499878
1706696785956,0.4975307732820511,0.156925268471241
1706696785990,0.49789267778396606,0.1545019894838333
1706696785991,0.4998083859682083,0.1528543382883072
1706696786004,0.5015161782503128,0.14793582260608673
1706696786012,0.49802060425281525,0.1508154198527336
1706696786023,0.4957621246576309,0.14620967954397202
1706696786034,0.4953490048646927,0.14820507168769836
1706696786045,0.4969075322151184,0.14600691944360733
1706696786056,0.49851930141448975,0.15439792722463608
1706696786067,0.5006801187992096,0.1536799743771553
1706696786079,0.5122757405042648,0.16304141283035278
1706696786090,0.5614744424819946,0.18356194347143173
1706696786128,0.5861138105392456,0.20251373201608658
1706696786134,0.5993485450744629,0.23678965121507645
1706696786146,0.6013199687004089,0.2513614594936371
1706696786154,0.647682785987854,0.1605139523744583
1706696786166,nan,nan
1706696786177,nan,nan
1706696786188,nan,nan
1706696786199,nan,nan
1706696786210,nan,nan
1706696786221,nan,nan
1706696786232,nan,nan
1706696786242,nan,nan
1706696786277,nan,nan
1706696786278,nan,nan
1706696786285,nan,nan
1706696786304,nan,nan
1706696786322,nan,nan
1706696786334,nan,nan
1706696786346,nan,nan
1706696786356,nan,nan
1706696786367,nan,nan
1706696786379,nan,nan
1706696786389,nan,nan
1706696786401,nan,nan
1706696786434,nan,nan
1706696786435,nan,nan
1706696786457,nan,nan
1706696786468,nan,nan
1706696786479,nan,nan
1706696786489,nan,nan
1706696786501,nan,nan
1706696786513,nan,nan
1706696786523,nan,nan
1706696786534,nan,nan
1706696786546,nan,nan
1706696786555,nan,nan
1706696786594,nan,nan
1706696786595,nan,nan
1706696786600,nan,nan
1706696786614,nan,nan
1706696786622,nan,nan
1706696786634,nan,nan
1706696786645,nan,nan
1706696786655,nan,nan
1706696786667,nan,nan
1706696786679,nan,nan
1706696786688,nan,nan
1706696786701,nan,nan
1706696786712,nan,nan
1706696786754,nan,nan
1706696786755,nan,nan
1706696786771,nan,nan
1706696786779,nan,nan
1706696786790,nan,nan
1706696786801,nan,nan
1706696786813,nan,nan
1706696786822,nan,nan
1706696786834,nan,nan
1706696786846,nan,nan
1706696786855,nan,nan
1706696786868,nan,nan
1706696786880,nan,nan
1706696786889,nan,nan
1706696786901,nan,nan
1706696786950,nan,nan
1706696786951,nan,nan
1706696786955,nan,nan
1706696786967,nan,nan
1706696786979,nan,nan
1706696786988,nan,nan
1706696787000,nan,nan
1706696787012,nan,nan
1706696787022,nan,nan
1706696787033,nan,nan
1706696787046,nan,nan
1706696787055,nan,nan
1706696787076,nan,nan
1706696787097,nan,nan
1706696787098,nan,nan
1706696787102,nan,nan
1706696787115,nan,nan
1706696787122,nan,nan
1706696787135,nan,nan
1706696787155,nan,nan
1706696787168,nan,nan
1706696787180,nan,nan
1706696787190,nan,nan
1706696787230,nan,nan
1706696787231,nan,nan
1706696787235,nan,nan
1706696787246,nan,nan
1706696787257,nan,nan
1706696787274,nan,nan
1706696787294,nan,nan
1706696787315,nan,nan
1706696787329,nan,nan
1706696787340,nan,nan
1706696787361,0.46225666999816895,0.31338661909103394
1706696787385,0.46225666999816895,0.31338661909103394
1706696787386,0.46438485383987427,0.32257185876369476
1706696787401,0.45724570751190186,0.31475600600242615
1706696787408,0.456089586019516,0.31290288269519806
1706696787420,0.45947176218032837,0.30840936303138733
1706696787430,0.4578952044248581,0.3121842294931412
1706696787442,0.4566500633955002,0.3099200874567032
1706696787453,0.4567117691040039,0.3096539378166199
1706696787463,0.4571603238582611,0.3037646412849426
1706696787475,0.45728467404842377,0.2996376305818558
1706696787486,0.4548313319683075,0.29582613706588745
1706696787535,0.4508276581764221,0.29927271604537964
1706696787536,0.4465950131416321,0.2988763451576233
1706696787541,0.47952187061309814,0.3074495792388916
1706696787552,nan,nan
1706696787564,nan,nan
1706696787574,nan,nan
1706696787585,nan,nan
1706696787597,0.2720450162887573,0.39341145753860474
1706696787608,0.2435123175382614,0.38795389235019684
1706696787620,0.24232357740402222,0.3853064030408859
1706696787631,0.24890684336423874,0.39647260308265686
1706696787642,0.25053373724222183,0.3966357111930847
1706696787686,0.2554529756307602,0.3982214778661728
1706696787687,0.3895682692527771,0.5209175646305084
1706696787703,0.4334262013435364,0.535717636346817
1706696787709,0.4379153251647949,0.5386763215065002
1706696787722,0.44014380872249603,0.5351648032665253
1706696787730,0.44207563996315,0.5395883321762085
1706696787741,0.4442121982574463,0.5434017181396484
1706696787752,0.442623496055603,0.5504215061664581
1706696787763,0.4425988495349884,0.5437699556350708
1706696787775,0.4404095411300659,0.5431061089038849
1706696787786,0.4379737675189972,0.5520321726799011
1706696787797,0.43843527138233185,0.5589768290519714
1706696787808,0.43849706649780273,0.5529220104217529
1706696787848,0.4573701322078705,0.5400652289390564
1706696787849,0.49673037230968475,0.5343306958675385
1706696787853,0.516882985830307,0.5356653928756714
1706696787865,0.5157821625471115,0.5368519425392151
1706696787875,0.517313539981842,0.5411103665828705
1706696787888,0.5172009617090225,0.5509070158004761
1706696787897,0.5190629959106445,0.5514406561851501
1706696787909,0.5181750953197479,0.5530405938625336
1706696787919,0.5202882587909698,0.5420696139335632
1706696787930,0.5207473635673523,0.5449604392051697
1706696787941,0.5211133360862732,0.5405162274837494
1706696787952,0.5185411721467972,0.5475547909736633
1706696787963,0.5182952433824539,0.5478624701499939
1706696787975,0.5181877017021179,0.5493431687355042
1706696787986,0.5197268128395081,0.5481806993484497
1706696788017,0.5184771120548248,0.5477180778980255
1706696788019,0.5176068246364594,0.550265908241272
1706696788033,0.5177594721317291,0.5488598346710205
1706696788041,0.5178781151771545,0.5492117404937744
1706696788052,0.5160022974014282,0.5493290722370148
1706696788064,0.5215680599212646,0.5476589798927307
1706696788075,0.5516184568405151,0.510890781879425
1706696788086,0.6088137030601501,0.45574426651000977
1706696788097,0.7109046876430511,0.3883885145187378
1706696788108,0.7329558432102203,0.37577979266643524
1706696788119,0.7460746765136719,0.36925941705703735
1706696788131,0.7466751635074615,0.36287155747413635
1706696788164,0.7463909685611725,0.36748266220092773
1706696788165,0.7426830232143402,0.3653481602668762
1706696788175,0.7465700805187225,0.3580746203660965
1706696788186,0.7483077049255371,0.36357681453227997
1706696788198,0.7449824810028076,0.36166663467884064
1706696788208,0.743000328540802,0.3637373000383377
1706696788219,0.7452619075775146,0.35966213047504425
1706696788230,0.7437789738178253,0.3583771139383316
1706696788241,0.7436185479164124,0.35859881341457367
1706696788252,0.7405444383621216,0.36110956966876984
1706696788264,0.7333440184593201,0.3733287453651428
1706696788275,0.7404147684574127,0.379540354013443
1706696788315,0.7391685843467712,0.37937361001968384
1706696788316,0.7358719110488892,0.3841644823551178
1706696788318,0.7227670550346375,0.4807478189468384
1706696788329,0.7129917740821838,0.3956920802593231
1706696788343,0.6954089403152466,0.3375476002693176
1706696788351,0.6954089403152466,0.3375476002693176
1706696788361,nan,nan
1706696788372,nan,nan
1706696788383,nan,nan
1706696788394,nan,nan
1706696788404,nan,nan
1706696788415,nan,nan
1706696788427,nan,nan
1706696788438,nan,nan
1706696788448,nan,nan
1706696788486,nan,nan
1706696788487,nan,nan
1706696788501,nan,nan
1706696788508,nan,nan
1706696788519,nan,nan
1706696788529,nan,nan
1706696788541,nan,nan
1706696788552,nan,nan
1706696788562,nan,nan
1706696788573,nan,nan
1706696788585,nan,nan
1706696788596,nan,nan
1706696788633,nan,nan
1706696788640,nan,nan
1706696788652,nan,nan
1706696788663,nan,nan
1706696788674,nan,nan
1706696788685,nan,nan
1706696788695,nan,nan
1706696788707,nan,nan
1706696788718,nan,nan
1706696788729,nan,nan
1706696788741,nan,nan
1706696788784,nan,nan
1706696788785,nan,nan
1706696788802,nan,nan
1706696788808,nan,nan
1706696788819,nan,nan
1706696788829,nan,nan
1706696788841,nan,nan
1706696788852,nan,nan
1706696788861,nan,nan
1706696788873,nan,nan
1706696788884,nan,nan
1706696788895,nan,nan
1706696788932,nan,nan
1706696788933,nan,nan
1706696788940,nan,nan
1706696788952,nan,nan
1706696788963,nan,nan
1706696788974,nan,nan
1706696788985,nan,nan
1706696788995,nan,nan
1706696789007,nan,nan
1706696789018,nan,nan
1706696789029,nan,nan
1706696789041,nan,nan
1706696789081,nan,nan
1706696789082,nan,nan
1706696789085,nan,nan
1706696789099,nan,nan
1706696789106,nan,nan
1706696789118,nan,nan
1706696789128,nan,nan
1706696789140,nan,nan
1706696789152,nan,nan
1706696789161,nan,nan
1706696789173,nan,nan
1706696789184,nan,nan
1706696789195,nan,nan
1706696789230,nan,nan
1706696789231,nan,nan
1706696789247,nan,nan
1706696789252,nan,nan
1706696789263,nan,nan
1706696789273,nan,nan
1706696789285,nan,nan
1706696789295,nan,nan
1706696789307,nan,nan
1706696789318,nan,nan
1706696789329,nan,nan
1706696789340,nan,nan
1706696789381,nan,nan
1706696789384,nan,nan
1706696789397,nan,nan
1706696789407,nan,nan
1706696789418,nan,nan
1706696789428,nan,nan
1706696789440,nan,nan
1706696789451,nan,nan
1706696789462,nan,nan
1706696789474,nan,nan
1706696789485,nan,nan
1706696789495,nan,nan
1706696789529,nan,nan
1706696789530,nan,nan
1706696789546,nan,nan
1706696789553,nan,nan
1706696789562,nan,nan
1706696789574,nan,nan
1706696789585,nan,nan
1706696789595,nan,nan
1706696789608,nan,nan
1706696789626,nan,nan
1706696789665,nan,nan
1706696789666,nan,nan
1706696789680,nan,nan
1706696789684,nan,nan
1706696789695,nan,nan
1706696789706,nan,nan
1706696789716,nan,nan
1706696789733,nan,nan
1706696789754,nan,nan
1706696789771,nan,nan
1706696789812,nan,nan
1706696789813,nan,nan
1706696789828,0.565834105014801,0.4667869508266449
1706696789832,0.565834105014801,0.4667869508266449
1706696789844,0.565834105014801,0.4667869508266449
1706696789855,0.5334042310714722,0.514874741435051
1706696789865,0.5334042310714722,0.514874741435051
1706696789877,0.5246106386184692,0.5146403908729553
1706696789889,0.5130868405103683,0.5318181663751602
1706696789899,0.5143926739692688,0.5206421911716461
1706696789911,0.5117730051279068,0.5240923464298248
1706696789945,0.513818621635437,0.5206444412469864
1706696789946,0.511920154094696,0.5225768238306046
1706696789962,0.5133349895477295,0.5274433195590973
1706696789968,0.5154235363006592,0.5254754722118378
1706696789979,0.514925092458725,0.527798593044281
1706696789989,0.5451196134090424,0.5481961965560913
1706696790000,0.6594191491603851,0.6542471349239349
1706696790009,0.7310510873794556,0.6997973024845123
1706696790020,0.8620381951332092,0.8073729872703552
1706696790031,nan,nan
1706696790042,nan,nan
1706696790053,nan,nan
1706696790064,nan,nan
1706696790094,nan,nan
1706696790096,nan,nan
1706696790110,nan,nan
1706696790119,nan,nan
1706696790129,nan,nan
1706696790149,nan,nan
1706696790166,nan,nan
1706696790179,nan,nan
1706696790191,nan,nan
1706696790227,nan,nan
1706696790229,nan,nan
1706696790234,nan,nan
1706696790245,nan,nan
1706696790259,nan,nan
1706696790267,nan,nan
1706696790278,nan,nan
1706696790290,nan,nan
1706696790300,nan,nan
1706696790312,nan,nan
1706696790324,nan,nan
1706696790334,nan,nan
1706696790345,nan,nan
1706696790379,nan,nan
1706696790380,nan,nan
1706696790394,nan,nan
1706696790400,nan,nan
1706696790413,nan,nan
1706696790423,nan,nan
1706696790433,nan,nan
1706696790445,nan,nan
1706696790456,nan,nan
1706696790467,nan,nan
1706696790479,nan,nan
1706696790516,nan,nan
1706696790517,nan,nan
1706696790523,nan,nan
1706696790536,nan,nan
1706696790546,nan,nan
1706696790556,nan,nan
1706696790566,nan,nan
1706696790579,nan,nan
1706696790590,nan,nan
1706696790599,nan,nan
1706696790612,nan,nan
1706696790623,nan,nan
1706696790633,nan,nan
1706696790666,nan,nan
1706696790667,nan,nan
1706696790684,nan,nan
1706696790690,nan,nan
1706696790700,nan,nan
1706696790712,nan,nan
1706696790723,nan,nan
1706696790733,nan,nan
1706696790746,nan,nan
1706696790757,nan,nan
1706696790766,nan,nan
1706696790779,nan,nan
1706696790813,nan,nan
1706696790814,nan,nan
1706696790823,nan,nan
1706696790832,nan,nan
1706696790846,nan,nan
1706696790856,nan,nan
1706696790866,nan,nan
1706696790878,nan,nan
1706696790889,nan,nan
1706696790900,nan,nan
1706696790912,nan,nan
1706696790923,nan,nan
1706696790934,nan,nan
1706696790964,nan,nan
1706696790967,nan,nan
1706696790982,nan,nan
1706696790990,nan,nan
1706696791001,nan,nan
1706696791013,nan,nan
1706696791023,nan,nan
1706696791034,nan,nan
1706696791046,nan,nan
1706696791063,nan,nan
1706696791099,nan,nan
1706696791100,nan,nan
1706696791114,nan,nan
1706696791123,nan,nan
1706696791134,nan,nan
1706696791145,nan,nan
1706696791155,nan,nan
1706696791172,nan,nan
1706696791194,nan,nan
1706696791209,nan,nan
1706696791248,nan,nan
1706696791249,nan,nan
1706696791266,0.6023868918418884,0.5798717737197876
1706696791271,0.6023868918418884,0.5798717737197876
1706696791284,0.6023868918418884,0.5798717737197876
1706696791293,nan,nan
1706696791304,nan,nan
1706696791315,nan,nan
1706696791326,nan,nan
1706696791337,nan,nan
1706696791348,nan,nan
1706696791359,nan,nan
1706696791369,nan,nan
1706696791403,0.536268413066864,0.5760222673416138
1706696791404,0.5487658381462097,0.5786982774734497
1706696791420,0.5481761395931244,0.5774821937084198
1706696791426,0.5456614196300507,0.5699127614498138
1706696791438,0.5411303043365479,0.557097464799881
1706696791449,0.5359826683998108,0.5596614480018616
1706696791460,0.5359382033348083,0.5567026138305664
1706696791471,0.5346890687942505,0.5568930208683014
1706696791482,0.5359998643398285,0.5560757517814636
1706696791493,0.5357284843921661,0.5617496967315674
1706696791530,0.5358830094337463,0.5651018023490906
1706696791531,0.5344361960887909,0.5657103657722473
1706696791538,0.5325602293014526,0.5716179311275482
1706696791549,0.5336405634880066,0.5718924105167389
1706696791561,0.5365543067455292,0.5701949298381805
1706696791571,0.534749299287796,0.5678749680519104
1706696791583,0.5340803265571594,0.5692530870437622
1706696791594,0.5334566831588745,0.574475109577179
1706696791605,0.5401614904403687,0.5970776975154877
1706696791616,0.5428255200386047,0.6056015491485596
1706696791627,0.5463115572929382,0.6132476627826691
1706696791664,0.5471363067626953,0.6105145812034607
1706696791665,0.5480883419513702,0.6091282665729523
1706696791679,0.5476047694683075,0.6077691316604614
1706696791682,0.5503666400909424,0.6193447709083557
1706696791694,0.5501775741577148,0.616832971572876
1706696791704,0.5505306422710419,0.6177417039871216
1706696791716,0.5467467308044434,0.6090697944164276
1706696791727,0.547562450170517,0.61446413397789
1706696791738,0.5741553008556366,0.5847620964050293
1706696791749,0.623489111661911,0.5220872312784195
1706696791760,0.6993464827537537,0.4413527548313141
1706696791771,0.7919054627418518,0.3544442802667618
1706696791790,0.8152613043785095,0.34669966995716095
1706696791813,0.8195512592792511,0.3384225368499756
1706696791814,0.8164500296115875,0.33955217897892
1706696791816,0.8148267567157745,0.33960315585136414
1706696791830,0.8159475028514862,0.3424536734819412
1706696791838,0.8166151940822601,0.3467186838388443
1706696791851,0.8181707262992859,0.343610942363739
1706696791860,0.8183993399143219,0.3403554856777191
1706696791871,0.8204490840435028,0.33466917276382446
1706696791882,0.8202150166034698,0.33630381524562836
1706696791893,0.8198008239269257,0.33937737345695496
1706696791904,0.8199910521507263,0.34066951274871826
1706696791916,0.8197070062160492,0.3416191190481186
1706696791927,0.8190199434757233,0.3386768698692322
1706696791945,0.8037862479686737,0.34414689242839813
1706696791970,0.7947092950344086,0.34742678701877594
1706696791971,0.784489095211029,0.35263825953006744
1706696791985,0.7814994156360626,0.351712629199028
1706696791993,0.7806966602802277,0.35186582803726196
1706696792005,0.7795238494873047,0.3534327745437622
1706696792016,0.7769097685813904,0.3537241816520691
1706696792027,0.7762599587440491,0.35463397204875946
1706696792037,0.7765040099620819,0.35501424968242645
1706696792048,0.7779821157455444,0.35632140934467316
1706696792060,0.7797814011573792,0.3522176444530487
1706696792096,0.7807502150535583,0.3514144718647003
1706696792097,0.7639956474304199,0.36762067675590515
1706696792104,0.6198512017726898,0.5167824327945709
1706696792115,0.5803841948509216,0.5639371275901794
1706696792126,0.5593791604042053,0.594857394695282
1706696792137,0.5526091456413269,0.6076948046684265
1706696792148,0.5503252446651459,0.6102499663829803
1706696792160,0.5499655604362488,0.6082974076271057
1706696792170,0.5506338477134705,0.610604465007782
1706696792182,0.5509604215621948,0.6098375618457794
1706696792193,0.5455673933029175,0.6164673566818237
1706696792230,0.5451670289039612,0.6163002550601959
1706696792231,0.5453433096408844,0.6163550913333893
1706696792237,0.5451548993587494,0.6113145351409912
1706696792248,0.5472894310951233,0.6194320023059845
1706696792259,0.5514645576477051,0.6135274469852448
1706696792270,0.5497106611728668,0.6146603226661682
1706696792281,0.5461541712284088,0.5960352122783661
1706696792292,0.5477184951305389,0.5894952416419983
1706696792303,nan,nan
1706696792314,nan,nan
1706696792324,nan,nan
1706696792335,nan,nan
1706696792347,nan,nan
1706696792387,nan,nan
1706696792388,nan,nan
1706696792390,nan,nan
1706696792403,nan,nan
1706696792411,nan,nan
1706696792421,nan,nan
1706696792439,nan,nan
1706696792460,nan,nan
1706696792469,nan,nan
1706696792481,nan,nan
1706696792492,nan,nan
1706696792530,nan,nan
1706696792531,nan,nan
1706696792536,nan,nan
1706696792548,nan,nan
1706696792559,nan,nan
1706696792569,nan,nan
1706696792581,nan,nan
1706696792593,nan,nan
1706696792603,nan,nan
1706696792614,nan,nan
1706696792627,nan,nan
1706696792636,nan,nan
1706696792648,nan,nan
1706696792682,nan,nan
1706696792683,nan,nan
1706696792698,nan,nan
1706696792703,nan,nan
1706696792717,nan,nan
1706696792726,nan,nan
1706696792736,nan,nan
1706696792748,nan,nan
1706696792760,nan,nan
1706696792770,nan,nan
1706696792782,nan,nan
1706696792792,nan,nan
1706696792831,nan,nan
1706696792832,nan,nan
1706696792835,nan,nan
1706696792848,nan,nan
1706696792860,nan,nan
1706696792869,nan,nan
1706696792881,nan,nan
1706696792892,nan,nan
1706696792902,nan,nan
1706696792914,nan,nan
1706696792926,nan,nan
1706696792936,nan,nan
1706696792972,nan,nan
1706696792973,nan,nan
1706696792987,nan,nan
1706696792993,nan,nan
1706696793004,nan,nan
1706696793014,nan,nan
1706696793026,nan,nan
1706696793036,nan,nan
1706696793048,nan,nan
1706696793059,nan,nan
1706696793069,nan,nan
1706696793081,nan,nan
1706696793115,nan,nan
1706696793116,nan,nan
1706696793134,nan,nan
1706696793136,nan,nan
1706696793148,nan,nan
1706696793160,nan,nan
1706696793168,nan,nan
1706696793180,nan,nan
1706696793192,nan,nan
1706696793202,nan,nan
1706696793214,nan,nan
1706696793248,nan,nan
1706696793249,nan,nan
1706696793264,nan,nan
1706696793270,nan,nan
1706696793281,nan,nan
1706696793293,nan,nan
1706696793302,nan,nan
1706696793314,nan,nan
1706696793326,nan,nan
1706696793336,nan,nan
1706696793348,nan,nan
1706696793359,nan,nan
1706696793379,nan,nan
1706696793399,nan,nan
1706696793402,nan,nan
1706696793415,nan,nan
1706696793426,nan,nan
1706696793436,nan,nan
1706696793447,nan,nan
1706696793459,nan,nan
1706696793470,nan,nan
1706696793481,nan,nan
1706696793493,nan,nan
1706696793536,nan,nan
1706696793537,nan,nan
1706696793553,nan,nan
1706696793558,nan,nan
1706696793568,nan,nan
1706696793580,nan,nan
1706696793592,nan,nan
1706696793601,nan,nan
1706696793614,nan,nan
1706696793625,nan,nan
1706696793635,nan,nan
1706696793648,nan,nan
1706696793682,nan,nan
1706696793683,nan,nan
1706696793699,nan,nan
1706696793702,nan,nan
1706696793715,nan,nan
1706696793725,nan,nan
1706696793735,nan,nan
1706696793747,nan,nan
1706696793759,nan,nan
1706696793769,nan,nan
1706696793781,nan,nan
1706696793815,nan,nan
1706696793816,nan,nan
1706696793831,nan,nan
1706696793835,nan,nan
1706696793847,nan,nan
1706696793858,nan,nan
1706696793868,nan,nan
1706696793880,nan,nan
1706696793892,nan,nan
1706696793902,nan,nan
1706696793913,nan,nan
1706696793925,nan,nan
1706696793965,nan,nan
1706696793968,nan,nan
1706696793980,nan,nan
1706696793993,nan,nan
1706696794002,nan,nan
1706696794014,nan,nan
1706696794025,nan,nan
1706696794035,nan,nan
1706696794048,nan,nan
1706696794058,nan,nan
1706696794069,nan,nan
1706696794101,nan,nan
1706696794102,nan,nan
1706696794117,nan,nan
1706696794125,nan,nan
1706696794136,nan,nan
1706696794147,nan,nan
1706696794158,nan,nan
1706696794168,nan,nan
1706696794180,nan,nan
1706696794191,nan,nan
1706696794201,nan,nan
1706696794213,nan,nan
1706696794249,nan,nan
1706696794258,nan,nan
1706696794268,nan,nan
1706696794280,nan,nan
1706696794291,nan,nan
1706696794302,nan,nan
1706696794314,nan,nan
1706696794325,nan,nan
1706696794336,nan,nan
1706696794348,nan,nan
1706696794380,nan,nan
1706696794381,nan,nan
1706696794395,nan,nan
1706696794401,nan,nan
1706696794414,nan,nan
1706696794424,nan,nan
1706696794435,nan,nan
1706696794447,nan,nan
1706696794458,nan,nan
1706696794468,nan,nan
1706696794480,nan,nan
1706696794491,nan,nan
1706696794502,nan,nan
1706696794532,nan,nan
1706696794533,nan,nan
1706696794535,nan,nan
1706696794548,nan,nan
1706696794558,nan,nan
1706696794569,nan,nan
1706696794581,nan,nan
1706696794592,nan,nan
1706696794603,nan,nan
1706696794615,nan,nan
1706696794626,nan,nan
1706696794636,nan,nan
1706696794670,nan,nan
1706696794686,nan,nan
1706696794691,nan,nan
1706696794702,nan,nan
1706696794714,nan,nan
1706696794725,nan,nan
1706696794735,nan,nan
1706696794746,nan,nan
1706696794756,nan,nan
1706696794774,nan,nan
1706696794819,nan,nan
1706696794834,nan,nan
1706696794839,nan,nan
1706696794851,nan,nan
1706696794861,0.4505777060985565,0.60248002409935
1706696794873,0.4972611516714096,0.5968019962310791
1706696794884,0.5040248185396194,0.6039868593215942
1706696794896,0.5132027268409729,0.6093539595603943
1706696794906,0.5178083181381226,0.6113016605377197
1706696794917,0.5157703310251236,0.6137706637382507
1706696794956,0.5176914185285568,0.6154958307743073
1706696794958,0.5165505707263947,0.6144428253173828
1706696794962,0.5146826058626175,0.6094833612442017
1706696794974,0.5172307193279266,0.6055990755558014
1706696794985,0.5212133526802063,0.6115663051605225
1706696794996,0.5231072008609772,0.6140961050987244
1706696795007,0.5220545828342438,0.6166678965091705
1706696795018,0.5194481313228607,0.6133549511432648
1706696795029,0.5199485123157501,0.6107117831707001
1706696795040,0.5193274170160294,0.6055975258350372
1706696795051,0.5208045691251755,0.6057226657867432
1706696795062,0.521216869354248,0.6070220768451691
1706696795103,0.5205820500850677,0.6125369668006897
1706696795106,0.5166265219449997,0.6023797392845154
1706696795128,0.5173211842775345,0.6045826077461243
1706696795139,0.5230708420276642,0.6094193160533905
1706696795150,0.5236100554466248,0.6088876128196716
1706696795161,0.5224903523921967,0.6066775619983673
1706696795173,0.5225687325000763,0.6005732119083405
1706696795184,0.5232471823692322,0.6008565425872803
1706696795195,0.5218044817447662,0.6032064855098724
1706696795206,0.5204212367534637,0.6044428944587708
1706696795217,0.5182774215936661,0.6051382124423981
1706696795228,0.5255755186080933,0.60892653465271
1706696795246,0.5356795489788055,0.6174947321414948
1706696795271,0.5401407182216644,0.6227661967277527
1706696795273,0.5386441349983215,0.6244549453258514
1706696795288,0.5414245426654816,0.6207577586174011
1706696795295,0.5380189716815948,0.6249395608901978
1706696795306,0.5398383736610413,0.6249721348285675
1706696795318,0.5378006100654602,0.6255377233028412
1706696795328,0.540490448474884,0.6185907125473022
1706696795340,0.5394764542579651,0.621987372636795
1706696795351,0.5399545729160309,0.6284618675708771
1706696795363,0.5406291484832764,0.6258144080638885
1706696795373,0.5415660738945007,0.62228924036026
1706696795407,0.5424484610557556,0.6209788620471954
1706696795427,0.53560471534729,0.554431140422821
1706696795429,0.537134438753128,0.5102826356887817
1706696795441,0.5383792519569397,0.4764220416545868
1706696795451,0.5395822823047638,0.4818534553050995
1706696795462,0.5389324128627777,0.4837978184223175
1706696795473,0.5378237068653107,0.48283207416534424
1706696795484,0.5392437279224396,0.4837985187768936
1706696795495,0.5402767956256866,0.482478067278862
1706696795506,0.5428480803966522,0.47994089126586914
1706696795518,0.5408985316753387,0.4769338071346283
1706696795551,0.5417405366897583,0.4771244674921036
1706696795552,0.5407905578613281,0.48177164793014526
1706696795569,0.540170818567276,0.484971284866333
1706696795572,0.5394084453582764,0.47731485962867737
1706696795585,0.5395547151565552,0.47799214720726013
1706696795595,0.5399957001209259,0.4765862077474594
1706696795606,0.5405530035495758,0.48327234387397766
1706696795617,0.5399765968322754,0.48287923634052277
1706696795628,0.5351867079734802,0.495568111538887
1706696795639,0.5319706797599792,0.5102281421422958
1706696795651,0.5308133661746979,0.517815113067627
1706696795661,0.5332144200801849,0.5174589455127716
1706696795673,0.5346484780311584,0.519568532705307
1706696795704,0.5338114798069,0.5173269212245941
1706696795705,0.5328185856342316,0.5163419991731644
1706696795706,0.5305453836917877,0.5152172595262527
1706696795720,0.5311432182788849,0.5218350887298584
1706696795729,0.5308793783187866,0.524698793888092
1706696795740,0.5308430790901184,0.5252903997898102
1706696795751,0.5296330153942108,0.5252462327480316
1706696795762,0.5275680422782898,0.5241816341876984
1706696795773,0.5270346403121948,0.5240006744861603
1706696795784,0.5272112488746643,0.5201869606971741
1706696795795,0.5274021029472351,0.5231982469558716
1706696795805,0.5277311503887177,0.5266400873661041
1706696795817,0.5292660295963287,0.5298336744308472
1706696795854,0.5294597744941711,0.5300653874874115
1706696795855,0.5306603908538818,0.527313619852066
1706696795861,0.5986713767051697,0.4807411730289459
1706696795874,0.6991910338401794,0.4299100488424301
1706696795883,0.8106494247913361,0.400422140955925
1706696795894,0.8216756880283356,0.3841792196035385
1706696795905,0.8242646753787994,0.3885101228952408
1706696795917,0.8247492015361786,0.38697077333927155
1706696795928,0.824565201997757,0.386859729886055
1706696795939,0.8180573284626007,0.3942609429359436
1706696795951,0.8200049996376038,0.4004267305135727
1706696795961,0.8196721971035004,0.3992689400911331
1706696796002,0.8201805353164673,0.3938397467136383
1706696796003,0.8188290894031525,0.39089085161685944
1706696796005,0.8128913342952728,0.40643271803855896
1706696796022,0.8211515843868256,0.4166107773780823
1706696796028,0.8097240030765533,0.4331415742635727
1706696796038,0.8456678986549377,0.39464181661605835
1706696796049,nan,nan
1706696796060,nan,nan
1706696796071,nan,nan
1706696796082,nan,nan
1706696796093,nan,nan
1706696796103,nan,nan
1706696796114,nan,nan
1706696796151,nan,nan
1706696796158,nan,nan
1706696796169,nan,nan
1706696796180,nan,nan
1706696796190,nan,nan
1706696796207,nan,nan
1706696796227,nan,nan
1706696796237,nan,nan
1706696796249,nan,nan
1706696796285,nan,nan
1706696796286,nan,nan
1706696796300,nan,nan
1706696796304,nan,nan
1706696796317,nan,nan
1706696796328,nan,nan
1706696796338,nan,nan
1706696796349,nan,nan
1706696796361,nan,nan
1706696796371,nan,nan
1706696796383,nan,nan
1706696796394,nan,nan
1706696796404,nan,nan
1706696796435,nan,nan
1706696796436,nan,nan
1706696796438,nan,nan
1706696796451,nan,nan
1706696796462,nan,nan
1706696796471,nan,nan
1706696796483,nan,nan
1706696796495,nan,nan
1706696796504,nan,nan
1706696796516,nan,nan
1706696796528,nan,nan
1706696796538,nan,nan
1706696796570,nan,nan
1706696796571,nan,nan
1706696796587,nan,nan
1706696796594,nan,nan
1706696796604,nan,nan
1706696796616,nan,nan
1706696796627,nan,nan
1706696796637,nan,nan
1706696796649,nan,nan
1706696796661,nan,nan
1706696796671,nan,nan
1706696796683,nan,nan
1706696796724,nan,nan
1706696796725,nan,nan
1706696796728,nan,nan
1706696796742,nan,nan
1706696796749,nan,nan
1706696796761,nan,nan
1706696796770,nan,nan
1706696796782,nan,nan
1706696796794,nan,nan
1706696796804,nan,nan
1706696796816,nan,nan
1706696796828,nan,nan
1706696796837,nan,nan
1706696796871,nan,nan
1706696796872,nan,nan
1706696796887,nan,nan
1706696796894,nan,nan
1706696796904,nan,nan
1706696796916,nan,nan
1706696796927,nan,nan
1706696796937,nan,nan
1706696796948,nan,nan
1706696796960,nan,nan
1706696796970,nan,nan
1706696796982,nan,nan
1706696797018,nan,nan
1706696797019,nan,nan
1706696797037,nan,nan
1706696797050,nan,nan
1706696797060,nan,nan
1706696797071,nan,nan
1706696797083,nan,nan
1706696797094,nan,nan
1706696797104,nan,nan
1706696797116,nan,nan
1706696797128,nan,nan
1706696797167,nan,nan
1706696797168,nan,nan
1706696797170,nan,nan
1706696797183,nan,nan
1706696797193,nan,nan
1706696797203,nan,nan
1706696797215,nan,nan
1706696797227,nan,nan
1706696797237,nan,nan
1706696797249,nan,nan
1706696797261,nan,nan
1706696797270,nan,nan
1706696797283,nan,nan
1706696797318,nan,nan
1706696797319,nan,nan
1706696797333,nan,nan
1706696797336,nan,nan
1706696797349,nan,nan
1706696797361,nan,nan
1706696797370,nan,nan
1706696797382,nan,nan
1706696797394,nan,nan
1706696797404,nan,nan
1706696797415,nan,nan
1706696797454,nan,nan
1706696797455,nan,nan
1706696797456,nan,nan
1706696797460,nan,nan
1706696797471,nan,nan
1706696797483,nan,nan
1706696797494,nan,nan
1706696797503,nan,nan
1706696797515,nan,nan
1706696797527,nan,nan
1706696797537,nan,nan
1706696797549,nan,nan
1706696797560,nan,nan
1706696797570,nan,nan
1706696797602,nan,nan
1706696797603,nan,nan
1706696797604,nan,nan
1706696797619,nan,nan
1706696797627,nan,nan
1706696797637,nan,nan
1706696797650,nan,nan
1706696797660,nan,nan
1706696797670,nan,nan
1706696797682,nan,nan
1706696797694,nan,nan
1706696797703,nan,nan
1706696797733,nan,nan
1706696797734,nan,nan
1706696797737,nan,nan
1706696797749,nan,nan
1706696797760,nan,nan
1706696797769,nan,nan
1706696797782,nan,nan
1706696797793,nan,nan
1706696797803,nan,nan
1706696797815,nan,nan
1706696797827,nan,nan
1706696797836,nan,nan
1706696797849,nan,nan
1706696797885,nan,nan
1706696797886,nan,nan
1706696797901,nan,nan
1706696797903,nan,nan
1706696797916,nan,nan
1706696797927,nan,nan
1706696797936,nan,nan
1706696797949,nan,nan
1706696797960,nan,nan
1706696797970,nan,nan
1706696797982,nan,nan
1706696798019,nan,nan
1706696798020,nan,nan
1706696798035,nan,nan
1706696798037,nan,nan
1706696798055,nan,nan
1706696798069,nan,nan
1706696798080,nan,nan
1706696798091,nan,nan
1706696798103,nan,nan
1706696798114,nan,nan
1706696798133,nan,nan
1706696798152,nan,nan
1706696798158,nan,nan
1706696798169,nan,nan
1706696798181,nan,nan
1706696798192,nan,nan
1706696798202,nan,nan
1706696798221,nan,nan
1706696798241,nan,nan
1706696798260,nan,nan
1706696798283,nan,nan
1706696798284,nan,nan
1706696798286,nan,nan
1706696798300,nan,nan
1706696798307,nan,nan
1706696798319,nan,nan
1706696798331,nan,nan
1706696798340,nan,nan
1706696798352,nan,nan
1706696798364,nan,nan
1706696798374,nan,nan
1706696798387,nan,nan
1706696798421,nan,nan
1706696798436,nan,nan
1706696798441,nan,nan
1706696798452,nan,nan
1706696798463,nan,nan
1706696798473,nan,nan
1706696798485,nan,nan
1706696798497,nan,nan
1706696798507,nan,nan
1706696798518,nan,nan
1706696798553,nan,nan
1706696798554,nan,nan
1706696798569,nan,nan
1706696798574,nan,nan
1706696798586,nan,nan
1706696798597,nan,nan
1706696798607,nan,nan
1706696798619,nan,nan
1706696798630,nan,nan
1706696798640,nan,nan
1706696798653,nan,nan
1706696798664,nan,nan
1706696798674,nan,nan
1706696798704,nan,nan
1706696798705,nan,nan
1706696798707,nan,nan
1706696798721,nan,nan
1706696798730,nan,nan
1706696798741,nan,nan
1706696798754,nan,nan
1706696798764,nan,nan
1706696798774,nan,nan
1706696798787,nan,nan
1706696798798,nan,nan
1706696798808,nan,nan
1706696798820,nan,nan
1706696798853,nan,nan
1706696798854,nan,nan
1706696798869,nan,nan
1706696798873,nan,nan
1706696798887,nan,nan
1706696798903,nan,nan
1706696798918,nan,nan
1706696798929,nan,nan
1706696798940,nan,nan
1706696798951,nan,nan
1706696798962,nan,nan
1706696798985,nan,nan
1706696799005,nan,nan
1706696799013,nan,nan
1706696799033,nan,nan
1706696799051,nan,nan
1706696799065,nan,nan
1706696799077,nan,nan
1706696799088,nan,nan
1706696799099,nan,nan
1706696799134,0.678530752658844,0.5257853418588638
1706696799135,0.678530752658844,0.5257853418588638
1706696799149,0.6747310757637024,0.5174337923526764
1706696799156,0.6756729781627655,0.5227898359298706
1706696799167,0.6778460741043091,0.5242806524038315
1706696799178,0.6772881150245667,0.522502988576889
1706696799189,0.6784858703613281,0.5200610160827637
1706696799199,0.6706008613109589,0.5179963856935501
1706696799211,0.6110812723636627,0.5099807977676392
1706696799222,0.5794905424118042,0.5102281868457794
1706696799233,0.551140308380127,0.5135700553655624
1706696799244,0.5369380414485931,0.5236679166555405
1706696799256,0.5357685089111328,0.5238101780414581
1706696799288,0.5361513495445251,0.5208756178617477
1706696799289,0.5362734496593475,0.5212784558534622
1706696799303,0.5338958203792572,0.5226051211357117
1706696799311,0.5341418087482452,0.5231371521949768
1706696799322,0.5311976373195648,0.521472692489624
1706696799333,0.531243622303009,0.5227019190788269
1706696799344,0.5312142670154572,0.5217763781547546
1706696799355,0.5323766767978668,0.5190569907426834
1706696799366,0.5330430865287781,0.5159214735031128
1706696799378,0.5323075354099274,0.5181054323911667
1706696799389,0.5341426134109497,0.52294060587883
1706696799423,0.5361136496067047,0.5233426690101624
1706696799424,0.5355252325534821,0.5161732137203217
1706696799441,0.5271521508693695,0.5208621323108673
1706696799445,0.4976768344640732,0.5423011481761932
1706696799456,0.48550789058208466,0.5562776923179626
1706696799467,0.4755130559206009,0.5643573701381683
1706696799478,0.4783228486776352,0.5662300288677216
1706696799489,0.4777156412601471,0.5674224495887756
1706696799500,0.47650229930877686,0.5681782066822052
1706696799511,0.4757218360900879,0.567065417766571
1706696799523,0.4736909568309784,0.5624376833438873
1706696799534,0.47518226504325867,0.5615111291408539
1706696799568,0.47645972669124603,0.5613963901996613
1706696799569,0.4765601009130478,0.5624052584171295
1706696799583,0.4769066572189331,0.5581599175930023
1706696799589,0.47895723581314087,0.5616606175899506
1706696799600,0.46675775945186615,0.5447884202003479
1706696799611,0.4035203158855438,0.4658575803041458
1706696799621,0.3662160336971283,0.41710065305233
1706696799633,0.30190497636795044,0.36498552560806274
1706696799644,0.2566116228699684,0.36220696568489075
1706696799655,0.25182849168777466,0.3575633019208908
1706696799666,0.25103694945573807,0.35955990850925446
1706696799707,0.24663729965686798,0.35374052822589874
1706696799708,0.2464461773633957,0.35376080870628357
1706696799711,0.24452441185712814,0.3491326570510864
1706696799724,0.24464166909456253,0.3461139649152756
1706696799734,0.24336301535367966,0.3453838527202606
1706696799745,0.24181094020605087,0.3464905023574829
1706696799755,0.2398543730378151,0.3492416590452194
1706696799766,0.24218811839818954,0.3447303920984268
1706696799778,0.24247322231531143,0.3446320444345474
1706696799789,0.24820642173290253,0.3441716730594635
1706696799800,0.2584701329469681,0.34086042642593384
1706696799811,0.2716711014509201,0.33546626567840576
1706696799832,0.2748006582260132,0.3328156918287277
1706696799852,0.2748013436794281,0.33547818660736084
1706696799855,0.27260346710681915,0.3289875090122223
1706696799866,0.2710191309452057,0.3268194943666458
1706696799878,0.27373676002025604,0.331054151058197
1706696799889,0.27151620388031006,0.3286474943161011
1706696799900,0.2716941386461258,0.32586199045181274
1706696799911,0.27255968749523163,0.32481706142425537
1706696799922,0.27280858159065247,0.3225046694278717
1706696799933,0.27389657497406006,0.3299160599708557
1706696799944,0.2812912315130234,0.3307199031114578
1706696799956,0.3009799122810364,0.35710297524929047
1706696799989,0.3759180009365082,0.41006310284137726
1706696800006,nan,nan
1706696800009,nan,nan
1706696800021,nan,nan
1706696800031,nan,nan
1706696800042,nan,nan
1706696800053,nan,nan
1706696800064,nan,nan
1706696800074,nan,nan
1706696800086,nan,nan
1706696800096,nan,nan
1706696800107,nan,nan
1706696800139,nan,nan
1706696800141,nan,nan
1706696800158,nan,nan
1706696800163,nan,nan
1706696800175,nan,nan
1706696800186,nan,nan
1706696800197,nan,nan
1706696800207,nan,nan
1706696800218,nan,nan
1706696800236,nan,nan
1706696800256,nan,nan
1706696800287,nan,nan
1706696800288,nan,nan
1706696800289,nan,nan
1706696800302,nan,nan
1706696800311,nan,nan
1706696800322,nan,nan
1706696800334,nan,nan
1706696800345,nan,nan
1706696800356,nan,nan
1706696800367,nan,nan
1706696800379,nan,nan
1706696800419,nan,nan
1706696800423,nan,nan
1706696800434,nan,nan
1706696800446,nan,nan
1706696800457,nan,nan
1706696800467,nan,nan
1706696800479,nan,nan
1706696800490,nan,nan
1706696800500,nan,nan
1706696800511,nan,nan
1706696800522,nan,nan
1706696800555,nan,nan
1706696800557,nan,nan
1706696800572,nan,nan
1706696800578,nan,nan
1706696800589,nan,nan
1706696800601,nan,nan
1706696800610,nan,nan
1706696800623,nan,nan
1706696800634,nan,nan
1706696800644,nan,nan
1706696800656,nan,nan
1706696800687,nan,nan
1706696800688,nan,nan
1706696800689,nan,nan
1706696800704,nan,nan
1706696800710,nan,nan
1706696800723,nan,nan
1706696800734,nan,nan
1706696800744,nan,nan
1706696800756,nan,nan
1706696800767,nan,nan
1706696800777,nan,nan
1706696800789,nan,nan
1706696800801,nan,nan
1706696800837,nan,nan
1706696800844,nan,nan
1706696800856,nan,nan
1706696800868,nan,nan
1706696800877,nan,nan
1706696800889,nan,nan
1706696800901,nan,nan
1706696800911,nan,nan
1706696800923,nan,nan
1706696800934,nan,nan
1706696800970,nan,nan
1706696800971,nan,nan
1706696800977,nan,nan
1706696800989,nan,nan
1706696801000,nan,nan
1706696801010,nan,nan
1706696801022,nan,nan
1706696801040,nan,nan
1706696801056,nan,nan
1706696801067,nan,nan
1706696801088,nan,nan
1706696801107,nan,nan
1706696801108,nan,nan
1706696801112,nan,nan
1706696801124,nan,nan
1706696801138,0.433732271194458,0.4348471164703369
1706696801147,0.433732271194458,0.4348471164703369
1706696801158,0.433732271194458,0.4348471164703369
1706696801169,0.4004634618759155,0.44616107642650604
1706696801180,0.4004634618759155,0.44616107642650604
1706696801191,0.4004634618759155,0.44616107642650604
1706696801203,0.41026608645915985,0.4206150472164154
1706696801214,0.39913812279701233,0.4050142765045166
1706696801225,0.39646223187446594,0.4077502638101578
1706696801254,0.39512355625629425,0.4076230674982071
1706696801255,0.39473894238471985,0.41372963786125183
1706696801259,0.3924623876810074,0.41577860713005066
1706696801273,0.3937401622533798,0.41383737325668335
1706696801281,0.39346854388713837,0.41196802258491516
1706696801293,0.39703118801116943,0.42057889699935913
1706696801304,0.41816189885139465,0.4590483605861664
1706696801315,0.4504283219575882,0.5128220617771149
1706696801326,0.4642917662858963,0.5308211445808411
1706696801336,0.4636734873056412,0.5287156999111176
1706696801347,0.46779392659664154,0.534099280834198
1706696801358,0.46871069073677063,0.5372214019298553
1706696801370,0.4698502719402313,0.5403068363666534
1706696801405,0.4684778153896332,0.5409445464611053
1706696801420,0.47291384637355804,0.5469209253787994
1706696801425,0.4710059016942978,0.546233206987381
1706696801437,0.472244530916214,0.5400583148002625
1706696801448,0.4736981838941574,0.5386807918548584
1706696801459,0.4747934490442276,0.5385802090167999
1706696801470,0.47330476343631744,0.5490087866783142
1706696801481,0.47217249870300293,0.5523594915866852
1706696801492,0.4725833386182785,0.5528639853000641
1706696801503,0.47278712689876556,0.5503677725791931
1706696801514,0.47202810645103455,0.549556314945221
1706696801526,0.47042316198349,0.5520757436752319
1706696801556,0.4694780558347702,0.5440662503242493
1706696801558,0.47089792788028717,0.5459362268447876
1706696801559,0.4723450094461441,0.544384628534317
1706696801576,0.4729035496711731,0.5558353364467621
1706696801581,0.47344356775283813,0.5554902851581573
1706696801592,0.4751434922218323,0.5586287081241608
1706696801603,0.4744686782360077,0.5645255148410797
1706696801614,0.508166566491127,0.577012836933136
1706696801625,0.5478492975234985,0.5835550725460052
1706696801635,0.5891999006271362,0.5749519169330597
1706696801646,0.8038445115089417,0.574025571346283
1706696801657,nan,nan
1706696801668,nan,nan
1706696801689,nan,nan
1706696801710,nan,nan
1706696801711,nan,nan
1706696801729,nan,nan
1706696801734,nan,nan
1706696801744,nan,nan
1706696801762,nan,nan
1706696801781,nan,nan
1706696801793,nan,nan
1706696801804,nan,nan
1706696801814,nan,nan
1706696801826,nan,nan
1706696801858,nan,nan
1706696801859,nan,nan
1706696801860,nan,nan
1706696801878,nan,nan
1706696801880,nan,nan
1706696801892,nan,nan
1706696801904,nan,nan
1706696801914,nan,nan
1706696801926,nan,nan
1706696801938,nan,nan
1706696801960,nan,nan
1706696801971,nan,nan
1706696802006,nan,nan
1706696802007,nan,nan
1706696802022,nan,nan
1706696802026,nan,nan
1706696802038,nan,nan
1706696802048,nan,nan
1706696802059,nan,nan
1706696802071,nan,nan
1706696802081,nan,nan
1706696802093,nan,nan
1706696802104,nan,nan
1706696802137,nan,nan
1706696802138,nan,nan
1706696802152,nan,nan
1706696802160,nan,nan
1706696802170,nan,nan
1706696802180,nan,nan
1706696802192,nan,nan
1706696802203,nan,nan
1706696802214,nan,nan
1706696802226,nan,nan
1706696802237,nan,nan
1706696802274,nan,nan
1706696802280,nan,nan
1706696802293,nan,nan
1706696802305,nan,nan
1706696802313,nan,nan
1706696802327,nan,nan
1706696802337,nan,nan
1706696802346,nan,nan
1706696802359,nan,nan
1706696802371,nan,nan
1706696802380,nan,nan
1706696802420,nan,nan
1706696802422,nan,nan
1706696802427,nan,nan
1706696802438,nan,nan
1706696802447,nan,nan
1706696802460,nan,nan
1706696802471,nan,nan
1706696802481,nan,nan
1706696802493,nan,nan
1706696802504,nan,nan
1706696802514,nan,nan
1706696802559,nan,nan
1706696802560,nan,nan
1706696802574,nan,nan
1706696802581,nan,nan
1706696802593,nan,nan
1706696802604,nan,nan
1706696802614,nan,nan
1706696802625,nan,nan
1706696802637,nan,nan
1706696802647,nan,nan
1706696802659,nan,nan
1706696802670,nan,nan
1706696802707,nan,nan
1706696802708,nan,nan
1706696802714,nan,nan
1706696802726,nan,nan
1706696802737,nan,nan
1706696802748,nan,nan
1706696802759,nan,nan
1706696802770,nan,nan
1706696802781,nan,nan
1706696802793,nan,nan
1706696802804,nan,nan
1706696802841,nan,nan
1706696802842,nan,nan
1706696802848,nan,nan
1706696802859,nan,nan
1706696802871,nan,nan
1706696802881,nan,nan
1706696802893,nan,nan
1706696802904,nan,nan
1706696802914,nan,nan
1706696802926,nan,nan
1706696802938,nan,nan
1706696802947,nan,nan
1706696802971,nan,nan
1706696802991,nan,nan
1706696802992,nan,nan
1706696803008,nan,nan
1706696803014,nan,nan
1706696803026,nan,nan
1706696803037,nan,nan
1706696803047,nan,nan
1706696803059,nan,nan
1706696803071,nan,nan
1706696803080,nan,nan
1706696803123,nan,nan
1706696803124,nan,nan
1706696803126,nan,nan
1706696803139,nan,nan
1706696803147,nan,nan
1706696803159,nan,nan
1706696803171,nan,nan
1706696803180,nan,nan
1706696803192,nan,nan
1706696803203,nan,nan
1706696803213,nan,nan
1706696803225,nan,nan
1706696803237,nan,nan
1706696803274,nan,nan
1706696803275,nan,nan
1706696803280,nan,nan
1706696803292,nan,nan
1706696803304,nan,nan
1706696803313,nan,nan
1706696803326,nan,nan
1706696803336,nan,nan
1706696803347,nan,nan
1706696803359,nan,nan
1706696803370,nan,nan
1706696803380,nan,nan
1706696803424,nan,nan
1706696803425,nan,nan
1706696803427,nan,nan
1706696803445,nan,nan
1706696803460,nan,nan
1706696803469,nan,nan
1706696803480,nan,nan
1706696803492,nan,nan
1706696803503,nan,nan
1706696803514,nan,nan
1706696803525,nan,nan
1706696803536,nan,nan
1706696803575,nan,nan
1706696803590,nan,nan
1706696803603,nan,nan
1706696803618,nan,nan
1706696803629,nan,nan
1706696803641,0.35221053659915924,0.3728894144296646
1706696803652,0.35792385041713715,0.36967994272708893
1706696803663,0.3574351668357849,0.37148600816726685
1706696803674,0.3301134407520294,0.3699924498796463
1706696803714,0.27427254617214203,0.3748719245195389
1706696803716,0.26699404418468475,0.3737671822309494
1706696803719,0.26176807284355164,0.37064577639102936
1706696803732,0.26165205240249634,0.36798185110092163
1706696803741,0.26128971576690674,0.3687906861305237
1706696803752,0.2626357227563858,0.3713935315608978
1706696803763,0.2601841315627098,0.36924120783805847
1706696803774,0.2587956637144089,0.3667602986097336
1706696803785,0.2583443522453308,0.3669942170381546
1706696803796,0.25739242136478424,0.36797331273555756
1706696803808,0.2576334625482559,0.3643728792667389
1706696803819,0.2569386214017868,0.36115550994873047
1706696803857,0.2579295337200165,0.359479084610939
1706696803858,0.2556914687156677,0.3623671382665634
1706696803863,0.2529938444495201,0.3619270324707031
1706696803876,0.25303930789232254,0.36006519198417664
1706696803886,0.2527020648121834,0.35985179245471954
1706696803897,0.2515033036470413,0.3603760451078415
1706696803908,0.25120262801647186,0.3595649302005768
1706696803919,0.2516748011112213,0.3577451556921005
1706696803930,0.2638911306858063,0.371597021818161
1706696803941,0.31764382123947144,0.42156198620796204
1706696803952,0.4153243601322174,0.5022538155317307
1706696803963,0.45336809754371643,0.5386501252651215
1706696803974,0.4677642285823822,0.5538223683834076
1706696804015,0.4687231183052063,0.5624230206012726
1706696804019,0.4698842614889145,0.5546758770942688
1706696804032,0.47166866064071655,0.5548339188098907
1706696804042,0.47241516411304474,0.5581660568714142
1706696804052,0.47345001995563507,0.5612689554691315
1706696804063,0.47424161434173584,0.5594923496246338
1706696804074,0.47443825006484985,0.558279812335968
1706696804086,0.4719606786966324,0.5565871000289917
1706696804097,0.4712766110897064,0.5629786550998688
1706696804108,0.47072963416576385,0.5679503381252289
1706696804119,0.47354164719581604,0.5663279891014099
1706696804161,0.4714983105659485,0.5642991065979004
1706696804163,0.4753435552120209,0.5627081394195557
1706696804179,0.47329410910606384,0.5628857910633087
1706696804185,0.4749622344970703,0.5811475217342377
1706696804197,0.843228280544281,0.8846967816352844
1706696804206,0.843228280544281,0.8846967816352844
1706696804216,0.843228280544281,0.8846967816352844
1706696804227,nan,nan
1706696804238,nan,nan
1706696804249,nan,nan
1706696804261,nan,nan
1706696804272,nan,nan
1706696804309,nan,nan
1706696804315,nan,nan
1706696804328,nan,nan
1706696804338,nan,nan
1706696804349,nan,nan
1706696804360,nan,nan
1706696804371,nan,nan
1706696804382,nan,nan
1706696804393,nan,nan
1706696804404,nan,nan
1706696804445,nan,nan
1706696804446,nan,nan
1706696804449,nan,nan
1706696804462,nan,nan
1706696804471,nan,nan
1706696804482,nan,nan
1706696804494,nan,nan
1706696804505,nan,nan
1706696804516,nan,nan
1706696804527,nan,nan
1706696804538,nan,nan
1706696804548,nan,nan
1706696804560,nan,nan
1706696804595,nan,nan
1706696804596,nan,nan
1706696804604,nan,nan
1706696804615,nan,nan
1706696804629,nan,nan
1706696804637,nan,nan
1706696804648,nan,nan
1706696804659,nan,nan
1706696804671,nan,nan
1706696804682,nan,nan
1706696804693,nan,nan
1706696804705,nan,nan
1706696804745,nan,nan
1706696804746,nan,nan
1706696804749,nan,nan
1706696804763,nan,nan
1706696804771,nan,nan
1706696804782,nan,nan
1706696804793,nan,nan
1706696804804,nan,nan
1706696804815,nan,nan
1706696804826,nan,nan
1706696804837,nan,nan
1706696804849,nan,nan
1706696804860,nan,nan
1706696804895,nan,nan
1706696804912,nan,nan
1706696804914,nan,nan
1706696804927,nan,nan
1706696804937,nan,nan
1706696804947,nan,nan
1706696804965,nan,nan
1706696804985,nan,nan
1706696805025,nan,nan
1706696805026,nan,nan
1706696805031,nan,nan
1706696805044,nan,nan
1706696805053,nan,nan
1706696805064,nan,nan
1706696805075,nan,nan
1706696805087,nan,nan
1706696805097,nan,nan
1706696805108,nan,nan
1706696805120,nan,nan
1706696805131,nan,nan
1706696805142,nan,nan
1706696805178,nan,nan
1706696805179,nan,nan
1706696805185,nan,nan
1706696805197,nan,nan
1706696805208,nan,nan
1706696805219,nan,nan
1706696805231,nan,nan
1706696805243,nan,nan
1706696805252,nan,nan
1706696805264,nan,nan
1706696805276,nan,nan
1706696805286,nan,nan
1706696805327,nan,nan
1706696805330,nan,nan
1706696805344,nan,nan
1706696805352,nan,nan
1706696805364,nan,nan
1706696805375,nan,nan
1706696805385,nan,nan
1706696805397,nan,nan
1706696805409,nan,nan
1706696805419,nan,nan
1706696805430,nan,nan
1706696805442,nan,nan
1706696805482,nan,nan
1706696805483,nan,nan
1706696805484,nan,nan
1706696805500,nan,nan
1706696805508,nan,nan
1706696805518,nan,nan
1706696805530,nan,nan
1706696805541,nan,nan
1706696805551,nan,nan
1706696805563,nan,nan
1706696805575,nan,nan
1706696805585,nan,nan
1706696805628,nan,nan
1706696805630,nan,nan
1706696805644,nan,nan
1706696805651,nan,nan
1706696805664,nan,nan
1706696805675,nan,nan
1706696805685,nan,nan
1706696805697,nan,nan
1706696805707,nan,nan
1706696805717,nan,nan
1706696805730,nan,nan
1706696805741,nan,nan
1706696805780,nan,nan
1706696805784,nan,nan
1706696805797,nan,nan
1706696805808,nan,nan
1706696805818,nan,nan
1706696805830,nan,nan
1706696805842,nan,nan
1706696805852,nan,nan
1706696805864,nan,nan
1706696805875,nan,nan
1706696805885,nan,nan
1706696805928,nan,nan
1706696805929,nan,nan
1706696805930,nan,nan
1706696805945,nan,nan
1706696805951,nan,nan
1706696805963,nan,nan
1706696805974,nan,nan
1706696805984,nan,nan
1706696805996,nan,nan
1706696806007,nan,nan
1706696806018,nan,nan
1706696806030,nan,nan
1706696806041,nan,nan
1706696806081,nan,nan
1706696806085,nan,nan
1706696806096,nan,nan
1706696806108,nan,nan
1706696806119,nan,nan
1706696806130,nan,nan
1706696806148,nan,nan
1706696806162,nan,nan
1706696806173,nan,nan
1706696806185,nan,nan
1706696806228,nan,nan
1706696806229,0.5842543244361877,0.46450158953666687
1706696806231,0.5842543244361877,0.46450158953666687
1706696806249,0.5606672167778015,0.43936583399772644
1706696806253,0.5630540251731873,0.43102359771728516
1706696806265,0.5611930787563324,0.4307875335216522
1706696806276,0.5638716220855713,0.4350825995206833
1706696806287,0.5610281527042389,0.4255405515432358
1706696806297,0.5618371069431305,0.42782896757125854
1706696806309,0.5540244281291962,0.43288880586624146
1706696806320,0.5124253779649734,0.48899731040000916
1706696806331,0.5045003145933151,0.5037927478551865
1706696806342,0.49135732650756836,0.5258834064006805
1706696806353,0.48966942727565765,0.5360410809516907
1706696806364,0.48666465282440186,0.5376048386096954
1706696806406,0.48463112115859985,0.5342816412448883
1706696806409,0.4907402992248535,0.5241292715072632
1706696806422,0.48858392238616943,0.5253909528255463
1706696806431,0.48753009736537933,0.5260950475931168
1706696806442,0.4841625243425369,0.5334821939468384
1706696806453,0.48362986743450165,0.5331054329872131
1706696806465,0.48584553599357605,0.532839447259903
1706696806476,0.486174076795578,0.5323183238506317
1706696806487,0.48594941198825836,0.5388404726982117
1706696806498,0.48647868633270264,0.5378308594226837
1706696806509,0.4871723800897598,0.5355352163314819
1706696806547,0.48689746856689453,0.5302596688270569
1706696806548,0.4865758568048477,0.5333565175533295
1706696806554,0.4829724580049515,0.5337628424167633
1706696806566,0.4830690175294876,0.5292967557907104
1706696806576,0.4847131222486496,0.5271088480949402
1706696806587,0.4864082336425781,0.5287039875984192
1706696806598,0.4845142811536789,0.5310569107532501
1706696806609,0.48447124660015106,0.5316728949546814
1706696806621,0.4686543196439743,0.5179683864116669
1706696806632,0.4308512210845947,0.4837316572666168
1706696806643,0.35647493600845337,0.4328281432390213
1706696806654,0.24692096561193466,0.3730184733867645
1706696806695,0.2146226093173027,0.35831040143966675
1706696806697,0.18860318511724472,0.3424566835165024
1706696806711,0.18552935868501663,0.343460276722908
1706696806720,0.18864040076732635,0.34406785666942596
1706696806731,0.18894265592098236,0.34285978972911835
1706696806742,0.1906665861606598,0.34303706884384155
1706696806753,0.18716787546873093,0.3393533527851105
1706696806764,0.18510275334119797,0.33848729729652405
1706696806776,0.18435873091220856,0.3339279592037201
1706696806787,0.18443147093057632,0.32999148964881897
1706696806798,0.18330183625221252,0.3255677968263626
1706696806809,0.18248312920331955,0.32182076573371887
1706696806845,0.17984826117753983,0.3169702738523483
1706696806846,0.17886092513799667,0.31705139577388763
1706696806860,0.1790812909603119,0.3096611797809601
1706696806864,0.18182091414928436,0.3096933960914612
1706696806876,0.1953951120376587,0.3186405450105667
1706696806887,0.3086797297000885,0.3723955750465393
1706696806897,0.3952794373035431,0.4272177368402481
1706696806908,0.42686527967453003,0.4427449107170105
1706696806919,0.6000847816467285,0.6363496780395508
1706696806929,nan,nan
1706696806940,nan,nan
1706696806979,nan,nan
1706696806980,nan,nan
1706696806985,nan,nan
1706696806996,nan,nan
1706696807009,nan,nan
1706696807017,nan,nan
1706696807028,nan,nan
1706696807039,nan,nan
1706696807051,nan,nan
1706696807062,nan,nan
1706696807073,nan,nan
1706696807084,nan,nan
1706696807095,nan,nan
1706696807129,nan,nan
1706696807130,nan,nan
1706696807139,nan,nan
1706696807150,nan,nan
1706696807163,nan,nan
1706696807173,nan,nan
1706696807183,nan,nan
1706696807195,nan,nan
1706696807206,nan,nan
1706696807217,nan,nan
1706696807228,nan,nan
1706696807262,nan,nan
1706696807263,nan,nan
1706696807273,nan,nan
1706696807284,nan,nan
1706696807295,nan,nan
1706696807306,nan,nan
1706696807317,nan,nan
1706696807328,nan,nan
1706696807339,nan,nan
1706696807350,nan,nan
1706696807362,nan,nan
1706696807373,nan,nan
1706696807415,nan,nan
1706696807417,nan,nan
1706696807432,nan,nan
1706696807439,nan,nan
1706696807451,nan,nan
1706696807462,nan,nan
1706696807473,nan,nan
1706696807483,nan,nan
1706696807494,nan,nan
1706696807505,nan,nan
1706696807516,nan,nan
1706696807528,nan,nan
1706696807562,nan,nan
1706696807563,nan,nan
1706696807578,nan,nan
1706696807583,nan,nan
1706696807596,nan,nan
1706696807606,nan,nan
1706696807616,nan,nan
1706696807628,nan,nan
1706696807639,nan,nan
1706696807650,nan,nan
1706696807661,nan,nan
1706696807672,nan,nan
1706696807691,nan,nan
1706696807711,nan,nan
1706696807712,nan,nan
1706696807716,nan,nan
1706696807728,nan,nan
1706696807747,nan,nan
1706696807765,nan,nan
1706696807775,nan,nan
1706696807785,nan,nan
1706696807797,nan,nan
1706696807809,nan,nan
1706696807850,nan,nan
1706696807851,nan,nan
1706696807852,nan,nan
1706696807866,nan,nan
1706696807875,nan,nan
1706696807886,nan,nan
1706696807897,nan,nan
1706696807909,nan,nan
1706696807919,nan,nan
1706696807931,nan,nan
1706696807942,nan,nan
1706696807953,nan,nan
1706696807975,nan,nan
1706696807996,nan,nan
1706696807997,nan,nan
1706696807998,nan,nan
1706696808012,nan,nan
1706696808019,nan,nan
1706696808031,nan,nan
1706696808041,nan,nan
1706696808051,nan,nan
1706696808063,nan,nan
1706696808074,nan,nan
1706696808084,nan,nan
1706696808096,nan,nan
1706696808131,nan,nan
1706696808132,nan,nan
1706696808141,nan,nan
1706696808151,nan,nan
1706696808163,nan,nan
1706696808174,nan,nan
1706696808185,nan,nan
1706696808196,nan,nan
1706696808208,nan,nan
1706696808218,nan,nan
1706696808230,nan,nan
1706696808241,nan,nan
1706696808258,nan,nan
1706696808283,nan,nan
1706696808284,nan,nan
1706696808285,nan,nan
1706696808301,nan,nan
1706696808308,nan,nan
1706696808319,nan,nan
1706696808331,nan,nan
1706696808341,nan,nan
1706696808351,nan,nan
1706696808364,nan,nan
1706696808375,nan,nan
1706696808385,nan,nan
1706696808397,nan,nan
1706696808432,nan,nan
1706696808441,nan,nan
1706696808450,nan,nan
1706696808463,nan,nan
1706696808474,nan,nan
1706696808484,nan,nan
1706696808496,nan,nan
1706696808507,nan,nan
1706696808518,nan,nan
1706696808530,nan,nan
1706696808541,nan,nan
1706696808557,nan,nan
1706696808583,nan,nan
1706696808585,nan,nan
1706696808600,nan,nan
1706696808608,nan,nan
1706696808619,nan,nan
1706696808630,nan,nan
1706696808641,nan,nan
1706696808652,nan,nan
1706696808663,nan,nan
1706696808674,nan,nan
1706696808686,nan,nan
1706696808729,nan,nan
1706696808730,nan,nan
1706696808746,nan,nan
1706696808753,nan,nan
1706696808765,nan,nan
1706696808774,nan,nan
1706696808786,nan,nan
1706696808797,nan,nan
1706696808808,nan,nan
1706696808819,nan,nan
1706696808830,nan,nan
1706696808841,nan,nan
1706696808860,nan,nan
1706696808883,nan,nan
1706696808885,nan,nan
1706696808900,nan,nan
1706696808908,nan,nan
1706696808917,nan,nan
1706696808929,nan,nan
1706696808942,nan,nan
1706696808950,nan,nan
1706696808963,nan,nan
1706696808974,nan,nan
1706696809012,nan,nan
1706696809013,nan,nan
1706696809017,nan,nan
1706696809030,nan,nan
1706696809041,nan,nan
1706696809052,nan,nan
1706696809063,nan,nan
1706696809074,nan,nan
1706696809086,nan,nan
1706696809097,nan,nan
1706696809107,nan,nan
1706696809124,nan,nan
1706696809158,nan,nan
1706696809161,nan,nan
1706696809180,nan,nan
1706696809191,nan,nan
1706696809200,nan,nan
1706696809212,0.45809631049633026,0.6039623022079468
1706696809223,0.45809631049633026,0.6039623022079468
1706696809234,0.45809631049633026,0.6039623022079468
1706696809245,nan,nan
1706696809256,0.47175148129463196,0.6076712608337402
1706696809267,0.47255200147628784,0.5915881395339966
1706696809279,0.4650682657957077,0.5985674262046814
1706696809315,0.46380747854709625,0.5864630341529846
1706696809316,0.4636962115764618,0.5850952863693237
1706696809323,0.4628661870956421,0.5781607627868652
1706696809334,0.46237070858478546,0.5823356211185455
1706696809346,0.46405091881752014,0.5815960168838501
1706696809357,0.46391791105270386,0.5794727504253387
1706696809368,0.4639546126127243,0.5766155421733856
1706696809379,0.4613775312900543,0.5820945203304291
1706696809390,0.479839026927948,0.5777504146099091
1706696809401,0.5136139839887619,0.5831167995929718
1706696809413,0.5528512001037598,0.5759427845478058
1706696809424,0.6119488775730133,0.5951402187347412
1706696809445,0.6137591600418091,0.599296897649765
1706696809466,0.6135025024414062,0.6017856597900391
1706696809467,0.6137637495994568,0.6028030812740326
1706696809468,0.6151250302791595,0.6046419739723206
1706696809484,0.6160023510456085,0.6029053628444672
1706696809491,0.615862637758255,0.6015603542327881
1706696809503,0.6146789789199829,0.5977772772312164
1706696809512,0.6148026585578918,0.5984140336513519
1706696809523,0.6154798865318298,0.5966735780239105
1706696809534,0.615729957818985,0.593431293964386
1706696809545,0.619245171546936,0.5948147475719452
1706696809556,0.6203281581401825,0.596084326505661
1706696809567,0.6183076500892639,0.5980962216854095
1706696809579,0.5786290466785431,0.6139221787452698
1706696809614,0.4708659052848816,0.6286043524742126
1706696809623,0.2639353573322296,0.6582612693309784
1706696809634,0.24972046166658401,0.6608378887176514
1706696809647,0.24771541357040405,0.6566110551357269
1706696809656,0.2437276542186737,0.6585491299629211
1706696809668,0.24384207278490067,0.6597801744937897
1706696809679,0.2428501546382904,0.6603834331035614
1706696809690,0.24104418605566025,0.6610608696937561
1706696809701,0.241391621530056,0.6586145162582397
1706696809713,0.24060913920402527,0.6594853103160858
1706696809724,0.23901540786027908,0.656676173210144
1706696809735,0.23796837031841278,0.6591777801513672
1706696809766,0.23961570113897324,0.6585760414600372
1706696809767,0.24024567753076553,0.6594825387001038
1706696809784,0.2407332807779312,0.6619073152542114
1706696809790,0.2404816597700119,0.658700555562973
1706696809801,0.2421569749712944,0.6595331430435181
1706696809811,0.2466319277882576,0.6516017615795135
1706696809822,0.41985978186130524,0.72328981757164
1706696809832,0.5037235170602798,0.7602688670158386
1706696809843,0.5037235170602798,0.7602688670158386
1706696809854,nan,nan
1706696809865,nan,nan
1706696809876,nan,nan
1706696809914,nan,nan
1706696809920,nan,nan
1706696809933,nan,nan
1706696809942,nan,nan
1706696809953,nan,nan
1706696809963,nan,nan
1706696809984,nan,nan
1706696810002,nan,nan
1706696810014,nan,nan
1706696810023,nan,nan
1706696810045,nan,nan
1706696810065,nan,nan
1706696810069,nan,nan
1706696810081,nan,nan
1706696810091,nan,nan
1706696810102,nan,nan
1706696810114,nan,nan
1706696810123,nan,nan
1706696810135,nan,nan
1706696810146,nan,nan
1706696810157,nan,nan
1706696810195,nan,nan
1706696810196,nan,nan
1706696810202,nan,nan
1706696810213,nan,nan
1706696810225,nan,nan
1706696810235,nan,nan
1706696810247,nan,nan
1706696810256,nan,nan
1706696810268,nan,nan
1706696810280,nan,nan
1706696810290,nan,nan
1706696810302,nan,nan
1706696810313,nan,nan
1706696810351,nan,nan
1706696810357,nan,nan
1706696810369,nan,nan
1706696810380,nan,nan
1706696810390,nan,nan
1706696810402,nan,nan
1706696810413,nan,nan
1706696810424,nan,nan
1706696810436,nan,nan
1706696810447,nan,nan
1706696810457,nan,nan
1706696810477,nan,nan
1706696810499,nan,nan
1706696810500,nan,nan
1706696810502,nan,nan
1706696810520,nan,nan
1706696810522,nan,nan
1706696810537,nan,nan
1706696810547,nan,nan
1706696810556,nan,nan
1706696810568,nan,nan
1706696810579,nan,nan
1706696810589,nan,nan
1706696810602,nan,nan
1706696810613,nan,nan
1706696810648,nan,nan
1706696810649,nan,nan
1706696810664,nan,nan
1706696810669,nan,nan
1706696810680,nan,nan
1706696810689,nan,nan
1706696810702,nan,nan
1706696810713,nan,nan
1706696810723,nan,nan
1706696810735,nan,nan
1706696810747,nan,nan
1706696810757,nan,nan
1706696810775,nan,nan
1706696810800,nan,nan
1706696810801,nan,nan
1706696810802,nan,nan
1706696810817,nan,nan
1706696810824,nan,nan
1706696810835,nan,nan
1706696810847,nan,nan
1706696810857,nan,nan
1706696810868,nan,nan
1706696810879,nan,nan
1706696810890,nan,nan
1706696810901,nan,nan
1706696810913,nan,nan
1706696810949,nan,nan
1706696810950,nan,nan
1706696810956,nan,nan
1706696810968,nan,nan
1706696810980,nan,nan
1706696810990,nan,nan
1706696811001,nan,nan
1706696811012,nan,nan
1706696811023,nan,nan
1706696811035,nan,nan
1706696811046,nan,nan
1706696811057,nan,nan
1706696811099,nan,nan
1706696811100,nan,nan
1706696811101,nan,nan
1706696811117,nan,nan
1706696811124,nan,nan
1706696811135,nan,nan
1706696811146,nan,nan
1706696811156,nan,nan
1706696811168,nan,nan
1706696811180,nan,nan
1706696811189,nan,nan
1706696811203,nan,nan
1706696811213,nan,nan
1706696811248,nan,nan
1706696811249,nan,nan
1706696811255,nan,nan
1706696811268,nan,nan
1706696811280,nan,nan
1706696811289,nan,nan
1706696811301,nan,nan
1706696811312,nan,nan
1706696811322,nan,nan
1706696811334,nan,nan
1706696811346,nan,nan
1706696811356,nan,nan
1706696811400,nan,nan
1706696811401,nan,nan
1706696811418,nan,nan
1706696811422,nan,nan
1706696811435,nan,nan
1706696811446,nan,nan
1706696811456,nan,nan
1706696811467,nan,nan
1706696811479,nan,nan
1706696811489,nan,nan
1706696811501,nan,nan
1706696811513,nan,nan
1706696811548,nan,nan
1706696811564,nan,nan
1706696811567,nan,nan
1706696811580,nan,nan
1706696811589,nan,nan
1706696811601,nan,nan
1706696811612,nan,nan
1706696811623,nan,nan
1706696811633,nan,nan
1706696811644,nan,nan
1706696811682,nan,nan
1706696811688,nan,nan
1706696811700,nan,nan
1706696811712,nan,nan
1706696811722,nan,nan
1706696811733,nan,nan
1706696811745,nan,nan
1706696811755,nan,nan
1706696811767,nan,nan
1706696811778,nan,nan
1706696811788,nan,nan
1706696811810,nan,nan
1706696811832,nan,nan
1706696811833,nan,nan
1706696811848,nan,nan
1706696811854,nan,nan
1706696811867,nan,nan
1706696811879,nan,nan
1706696811888,nan,nan
1706696811900,nan,nan
1706696811912,nan,nan
1706696811922,nan,nan
1706696811934,nan,nan
1706696811966,nan,nan
1706696811967,nan,nan
1706696811984,nan,nan
1706696811988,nan,nan
1706696812000,nan,nan
1706696812012,nan,nan
1706696812021,nan,nan
1706696812033,nan,nan
1706696812045,nan,nan
1706696812055,nan,nan
1706696812066,nan,nan
1706696812078,nan,nan
1706696812096,nan,nan
1706696812117,nan,nan
1706696812118,nan,nan
1706696812122,nan,nan
1706696812135,nan,nan
1706696812146,nan,nan
1706696812155,nan,nan
1706696812167,nan,nan
1706696812178,nan,nan
1706696812188,nan,nan
1706696812200,nan,nan
1706696812211,nan,nan
1706696812251,nan,nan
1706696812252,nan,nan
1706696812255,nan,nan
1706696812268,nan,nan
1706696812278,nan,nan
1706696812288,nan,nan
1706696812300,nan,nan
1706696812311,nan,nan
1706696812322,nan,nan
1706696812334,nan,nan
1706696812345,nan,nan
1706696812354,nan,nan
1706696812366,nan,nan
1706696812399,nan,nan
1706696812400,nan,nan
1706696812415,nan,nan
1706696812421,nan,nan
1706696812433,nan,nan
1706696812444,nan,nan
1706696812454,nan,nan
1706696812467,nan,nan
1706696812479,nan,nan
1706696812488,nan,nan
1706696812532,nan,nan
1706696812534,nan,nan
1706696812547,nan,nan
1706696812555,nan,nan
1706696812567,nan,nan
1706696812579,nan,nan
1706696812588,nan,nan
1706696812600,nan,nan
1706696812612,nan,nan
1706696812622,nan,nan
1706696812634,nan,nan
1706696812645,nan,nan
1706696812685,nan,nan
1706696812686,nan,nan
1706696812689,nan,nan
1706696812701,nan,nan
1706696812714,nan,nan
1706696812722,nan,nan
1706696812733,nan,nan
1706696812752,nan,nan
1706696812766,nan,nan
1706696812777,nan,nan
1706696812799,nan,nan
1706696812820,nan,nan
1706696812821,nan,nan
1706696812839,nan,nan
1706696812844,nan,nan
1706696812855,nan,nan
1706696812866,nan,nan
1706696812877,nan,nan
1706696812888,nan,nan
1706696812898,nan,nan
1706696812918,nan,nan
1706696812937,nan,nan
1706696812990,nan,nan
1706696812992,0.5082383006811142,0.6088017225265503
1706696813010,0.5090720504522324,0.6126545965671539
1706696813016,0.5197449028491974,0.6054068505764008
1706696813026,0.5193438231945038,0.5874817371368408
1706696813038,0.5207550823688507,0.5903146266937256
1706696813049,0.5209474861621857,0.58483025431633
1706696813060,0.5223879516124725,0.5816715657711029
1706696813071,0.5212401747703552,0.5813951194286346
1706696813082,0.520132303237915,0.5837040841579437
1706696813093,0.5308078825473785,0.5758086442947388
1706696813113,0.5539313554763794,0.5639204978942871
1706696813132,0.5815344154834747,0.5527064502239227
1706696813133,0.6261500120162964,0.5459598302841187
1706696813138,0.6275869607925415,0.550214558839798
1706696813151,0.6285488605499268,0.5483577847480774
1706696813159,0.627638041973114,0.5511143505573273
1706696813170,0.6262721419334412,0.5534788072109222
1706696813182,0.6263630092144012,0.5567583441734314
1706696813193,0.6268984377384186,0.5593664050102234
1706696813204,0.6261456310749054,0.5573641359806061
1706696813215,0.6246342658996582,0.5567269325256348
1706696813226,0.625554233789444,0.5524111688137054
1706696813264,0.6263425052165985,0.5545558631420135
1706696813265,0.6281967461109161,0.556820273399353
1706696813271,0.6272211074829102,0.5598166584968567
1706696813282,0.6253222227096558,0.5584022998809814
1706696813294,0.6254885792732239,0.5578024387359619
1706696813304,0.6269752979278564,0.5556114017963409
1706696813315,0.6274320483207703,0.5567816495895386
1706696813326,0.6251986026763916,0.5572797060012817
1706696813337,0.6260592043399811,0.5602236390113831
1706696813349,0.6258995532989502,0.5617480576038361
1706696813360,0.6268050074577332,0.5647015869617462
1706696813399,0.6251806318759918,0.5630021095275879
1706696813400,0.6256464123725891,0.5594214200973511
1706696813404,0.5657295286655426,0.5576547086238861
1706696813416,0.4523569941520691,0.5718285143375397
1706696813428,0.2906387150287628,0.5875934064388275
1706696813437,0.26590466499328613,0.5922346115112305
1706696813449,0.22658321261405945,0.6049622297286987
1706696813460,0.20383229106664658,0.6170383989810944
1706696813471,0.2026994675397873,0.6211000978946686
1706696813482,0.2018234059214592,0.6252971887588501
1706696813493,0.20141520351171494,0.628350704908371
1706696813504,0.2012309730052948,0.6270215213298798
1706696813516,0.20052789151668549,0.6227152049541473
1706696813549,0.20173005014657974,0.6217055320739746
1706696813550,0.20140215009450912,0.621664971113205
1706696813566,0.19995848089456558,0.6194850504398346
1706696813570,0.2010663077235222,0.6200485825538635
1706696813583,0.20327286422252655,0.6236803829669952
1706696813592,0.2059338018298149,0.6256105005741119
1706696813603,0.20775973796844482,0.6277745068073273
1706696813615,0.21009021997451782,0.6336601376533508
1706696813626,0.23844017088413239,0.6378697156906128
1706696813637,0.2870059609413147,0.661808431148529
1706696813648,0.3236885964870453,0.663141667842865
1706696813682,0.47850531339645386,0.7492357790470123
1706696813683,nan,nan
1706696813698,nan,nan
1706696813702,nan,nan
1706696813714,nan,nan
1706696813724,nan,nan
1706696813735,nan,nan
1706696813745,nan,nan
1706696813755,nan,nan
1706696813774,nan,nan
1706696813794,nan,nan
1706696813833,nan,nan
1706696813834,nan,nan
1706696813838,nan,nan
1706696813851,nan,nan
1706696813860,nan,nan
1706696813872,nan,nan
1706696813883,nan,nan
1706696813892,nan,nan
1706696813904,nan,nan
1706696813915,nan,nan
1706696813926,nan,nan
1706696813938,nan,nan
1706696813949,nan,nan
1706696813981,nan,nan
1706696813982,nan,nan
1706696813996,nan,nan
1706696814005,nan,nan
1706696814015,nan,nan
1706696814026,nan,nan
1706696814038,nan,nan
1706696814049,nan,nan
1706696814059,nan,nan
1706696814071,nan,nan
1706696814082,nan,nan
1706696814092,nan,nan
1706696814134,nan,nan
1706696814138,nan,nan
1706696814149,nan,nan
1706696814160,nan,nan
1706696814171,nan,nan
1706696814182,nan,nan
1706696814192,nan,nan
1706696814205,nan,nan
1706696814216,nan,nan
1706696814225,nan,nan
1706696814238,nan,nan
1706696814250,nan,nan
1706696814284,nan,nan
1706696814285,nan,nan
1706696814299,nan,nan
1706696814304,nan,nan
1706696814317,nan,nan
1706696814325,nan,nan
1706696814337,nan,nan
1706696814349,nan,nan
1706696814359,nan,nan
1706696814370,nan,nan
1706696814382,nan,nan
1706696814416,nan,nan
1706696814417,nan,nan
1706696814426,nan,nan
1706696814437,nan,nan
1706696814449,nan,nan
1706696814459,nan,nan
1706696814471,nan,nan
1706696814483,nan,nan
1706696814493,nan,nan
1706696814504,nan,nan
1706696814515,nan,nan
1706696814525,nan,nan
1706696814547,nan,nan
1706696814566,nan,nan
1706696814567,nan,nan
1706696814571,nan,nan
1706696814586,nan,nan
1706696814592,nan,nan
1706696814604,nan,nan
1706696814615,nan,nan
1706696814626,nan,nan
1706696814638,nan,nan
1706696814648,nan,nan
1706696814659,nan,nan
1706696814671,nan,nan
1706696814701,nan,nan
1706696814704,nan,nan
1706696814720,nan,nan
1706696814726,nan,nan
1706696814738,nan,nan
1706696814749,nan,nan
1706696814759,nan,nan
1706696814772,nan,nan
1706696814783,nan,nan
1706696814792,nan,nan
1706696814805,nan,nan
1706696814816,nan,nan
1706696814851,nan,nan
1706696814853,nan,nan
1706696814859,nan,nan
1706696814872,nan,nan
1706696814884,nan,nan
1706696814892,nan,nan
1706696814904,nan,nan
1706696814916,nan,nan
1706696814926,nan,nan
1706696814937,nan,nan
1706696814956,nan,nan
1706696814970,nan,nan
1706696815001,nan,nan
1706696815002,nan,nan
1706696815003,nan,nan
1706696815017,nan,nan
1706696815026,nan,nan
1706696815037,nan,nan
1706696815048,nan,nan
1706696815059,nan,nan
1706696815070,nan,nan
1706696815081,nan,nan
1706696815092,nan,nan
1706696815104,nan,nan
1706696815115,nan,nan
1706696815150,nan,nan
1706696815164,0.6887248158454895,0.9574105739593506
1706696815172,0.6887248158454895,0.9574105739593506
1706696815182,nan,nan
1706696815193,nan,nan
1706696815205,nan,nan
1706696815217,0.364887997508049,0.6369276940822601
1706696815228,0.3730538785457611,0.631353110074997
1706696815240,0.3763653188943863,0.6304352283477783
1706696815251,0.37250201404094696,0.6355914771556854
1706696815285,0.3699459433555603,0.632985532283783
1706696815286,0.36550939083099365,0.6327187120914459
1706696815299,0.3617527335882187,0.6163256168365479
1706696815305,0.3617527335882187,0.6163256168365479
1706696815316,0.3744027614593506,0.6102628707885742
1706696815328,0.3705601394176483,0.5966177880764008
1706696815339,0.37270669639110565,0.5978853404521942
1706696815351,0.3704657107591629,0.5919036865234375
1706696815361,0.36813710629940033,0.5883327722549438
1706696815373,0.3657667934894562,0.5831824541091919
1706696815384,0.3665751963853836,0.582346647977829
1706696815395,0.3649117201566696,0.5760757625102997
1706696815434,0.36211469769477844,0.5735111236572266
1706696815435,0.36283302307128906,0.5748946964740753
1706696815439,0.3646126836538315,0.5721617937088013
1706696815450,0.3625253885984421,0.5673182606697083
1706696815463,0.360033318400383,0.5659005641937256
1706696815473,0.35839299857616425,0.5667043924331665
1706696815484,0.3600233346223831,0.5639732182025909
1706696815495,0.36141929030418396,0.5641060769557953
1706696815506,0.36239004135131836,0.5608199536800385
1706696815518,0.4000008851289749,0.5508686006069183
1706696815528,0.49106214940547943,0.535692572593689
1706696815567,0.5512813627719879,0.5276196300983429
1706696815568,0.5971082448959351,0.5201431810855865
1706696815573,0.6179429292678833,0.5257309675216675
1706696815584,0.6175377368927002,0.5271120965480804
1706696815597,0.6165022253990173,0.5294367372989655
1706696815607,0.6173651218414307,0.5310417711734772
1706696815618,0.6162633299827576,0.5331222116947174
1706696815628,0.6166454553604126,0.5352896749973297
1706696815640,0.6176134645938873,0.5374420285224915
1706696815650,0.617813378572464,0.5390001237392426
1706696815661,0.6194711625576019,0.5347121059894562
1706696815701,0.6181170344352722,0.5353888273239136
1706696815702,0.6164931952953339,0.5370664000511169
1706696815706,0.6153025031089783,0.5446513593196869
1706696815717,0.6138952374458313,0.5481601655483246
1706696815729,0.6121483743190765,0.549697995185852
1706696815739,0.6094896495342255,0.5487453937530518
1706696815750,0.61001056432724,0.5494053959846497
1706696815761,0.6112675070762634,0.551029771566391
1706696815772,0.614139199256897,0.5521009862422943
1706696815783,0.5897653698921204,0.5578334629535675
1706696815794,0.5137403160333633,0.5670226514339447
1706696815805,0.46333035826683044,0.5741199851036072
1706696815817,0.33611465990543365,0.6024692356586456
1706696815854,0.192536823451519,0.6373498737812042
1706696815855,0.17289584130048752,0.6412482559680939
1706696815872,0.125129334628582,0.6494752764701843
1706696815873,0.12499186396598816,0.6504004299640656
1706696815884,0.12214964255690575,0.6507627665996552
1706696815895,0.12320410460233688,0.6516138911247253
1706696815906,0.12486348301172256,0.6510789394378662
1706696815917,0.12591716647148132,0.6503830850124359
1706696815928,0.12841976061463356,0.650386780500412
1706696815939,0.1283746138215065,0.6501164734363556
1706696815951,0.13080263137817383,0.6508399844169617
1706696815986,0.12977928668260574,0.6508326530456543
1706696815987,0.13187813013792038,0.6534121632575989
1706696816003,0.14724037051200867,0.658829391002655
1706696816005,0.18547600507736206,0.6638495028018951
1706696816017,0.2700173929333687,0.713582843542099
1706696816026,0.5847827196121216,0.8733808398246765
1706696816037,0.7010606527328491,1.0587201118469238
1706696816048,nan,nan
1706696816058,nan,nan
1706696816070,nan,nan
1706696816081,nan,nan
1706696816092,nan,nan
1706696816103,nan,nan
1706696816136,nan,nan
1706696816137,nan,nan
1706696816146,nan,nan
1706696816164,nan,nan
1706696816184,nan,nan
1706696816195,nan,nan
1706696816206,nan,nan
1706696816218,nan,nan
1706696816228,nan,nan
1706696816239,nan,nan
1706696816251,nan,nan
1706696816286,nan,nan
1706696816287,nan,nan
1706696816295,nan,nan
1706696816306,nan,nan
1706696816318,nan,nan
1706696816328,nan,nan
1706696816339,nan,nan
1706696816351,nan,nan
1706696816361,nan,nan
1706696816373,nan,nan
1706696816384,nan,nan
1706696816394,nan,nan
1706696816406,nan,nan
1706696816436,nan,nan
1706696816439,nan,nan
1706696816452,nan,nan
1706696816460,nan,nan
1706696816473,nan,nan
1706696816484,nan,nan
1706696816494,nan,nan
1706696816506,nan,nan
1706696816517,nan,nan
1706696816527,nan,nan
1706696816570,nan,nan
1706696816571,nan,nan
1706696816572,nan,nan
1706696816585,nan,nan
1706696816593,nan,nan
1706696816605,nan,nan
1706696816617,nan,nan
1706696816626,nan,nan
1706696816639,nan,nan
1706696816650,nan,nan
1706696816660,nan,nan
1706696816672,nan,nan
1706696816684,nan,nan
1706696816717,nan,nan
1706696816718,nan,nan
1706696816732,nan,nan
1706696816739,nan,nan
1706696816751,nan,nan
1706696816761,nan,nan
1706696816772,nan,nan
1706696816784,nan,nan
1706696816794,nan,nan
1706696816806,nan,nan
1706696816818,nan,nan
1706696816849,nan,nan
1706696816851,nan,nan
1706696816866,nan,nan
1706696816874,nan,nan
1706696816892,nan,nan
1706696816907,nan,nan
1706696816918,nan,nan
1706696816928,nan,nan
1706696816939,nan,nan
1706696816950,nan,nan
1706696816962,nan,nan
1706696817001,nan,nan
1706696817002,nan,nan
1706696817007,nan,nan
1706696817019,0.4419443905353546,0.6919207572937012
1706696817031,0.4419443905353546,0.6919207572937012
1706696817041,0.4419443905353546,0.6919207572937012
1706696817052,0.4345717430114746,0.6873898506164551
1706696817063,0.4345717430114746,0.6873898506164551
1706696817074,0.4345717430114746,0.6873898506164551
1706696817086,0.42986683547496796,0.6846103370189667
1706696817098,0.45137691497802734,0.6687942743301392
1706696817135,0.45575128495693207,0.669126570224762
1706696817136,0.45568183064460754,0.6703439950942993
1706696817149,0.45782819390296936,0.6659362614154816
1706696817153,0.4591235965490341,0.6567210853099823
1706696817164,0.4597480148077011,0.6600839197635651
1706696817176,0.44847472012043,0.6549328565597534
1706696817187,0.4434361457824707,0.6554208397865295
1706696817197,0.4443209767341614,0.6513649523258209
1706696817209,0.45538055896759033,0.6478975713253021
1706696817220,0.45873795449733734,0.652510792016983
1706696817231,0.43428952991962433,0.6445776522159576
1706696817241,0.42125748097896576,0.6424036920070648
1706696817284,0.334553062915802,0.6381274163722992
1706696817287,0.18338529765605927,0.6235151886940002
1706696817299,0.18104304373264313,0.6201413869857788
1706696817309,0.17694739997386932,0.6202851235866547
1706696817321,0.17562683671712875,0.6172391176223755
1706696817331,0.17513123899698257,0.6153691112995148
1706696817342,0.17216096073389053,0.6127687096595764
1706696817354,0.17368879169225693,0.6129877865314484
1706696817365,0.17155061662197113,0.6084761321544647
1706696817376,0.16983947157859802,0.6087097823619843
1706696817386,0.1681407019495964,0.6069850623607635
1706696817398,0.1638263314962387,0.6062347590923309
1706696817416,0.16234473884105682,0.6040089130401611
1706696817438,0.16174914687871933,0.6042540967464447
1706696817442,0.15875902026891708,0.6001866161823273
1706696817453,0.15905698388814926,0.5986913442611694
1706696817465,0.160468228161335,0.5979731976985931
1706696817475,0.15837109088897705,0.5952749252319336
1706696817486,0.1582893282175064,0.5937782526016235
1706696817497,0.1562969759106636,0.5922697186470032
1706696817509,0.15645373612642288,0.5951947867870331
1706696817520,0.15644782036542892,0.5958213806152344
