timestamp,x,y
1702290725393,1350.0911712646484,795.0988054275513
1702290725404,1345.5651092529297,793.8581657409668
1702290725415,1344.1751861572266,794.5868253707886
1702290725426,1346.7151641845703,794.7925186157227
1702290725437,1354.9883270263672,792.5316953659058
1702290725449,1393.997802734375,778.3725070953369
1702290725460,1431.1552429199219,771.1928987503052
1702290725471,1483.8902282714844,762.524299621582
1702290725507,1543.216323852539,762.2565078735352
1702290725508,1545.9539794921875,757.4726486206055
1702290725515,1539.7618103027344,757.6914954185486
1702290725526,1539.8197937011719,762.2441053390503
1702290725539,1551.0037994384766,761.2694549560547
1702290725548,1555.4830932617188,759.1041398048401
1702290725560,1553.3038330078125,762.9261589050293
1702290725570,1543.9258575439453,767.1044611930847
1702290725581,1542.0000457763672,771.5802955627441
1702290725593,1542.9598236083984,764.9385452270508
1702290725604,1544.3894958496094,759.9565029144287
1702290725615,1546.2651062011719,751.0622978210449
1702290725652,1546.2042236328125,741.8787145614624
1702290725667,1353.0828094482422,630.0317788124084
1702290725670,1230.8809280395508,542.7118420600891
1702290725682,733.052978515625,248.2314920425415
1702290725693,661.1203956604004,230.4436719417572
1702290725703,574.161319732666,211.19863986968994
1702290725715,390.25318145751953,188.90217661857605
1702290725726,358.27295303344727,174.36965703964233
1702290725737,357.72605895996094,171.40572488307953
1702290725748,360.7945442199707,188.3767855167389
1702290725760,369.7722053527832,191.9950532913208
1702290725777,369.8576545715332,194.40686345100403
1702290725802,377.9575729370117,192.48896598815918
1702290725803,365.92084884643555,191.34913980960846
1702290725817,356.2929916381836,184.1395604610443
1702290725825,350.2668571472168,171.88071727752686
1702290725837,349.7562026977539,172.92420387268066
1702290725847,357.0211601257324,172.7503216266632
1702290725859,359.6444320678711,181.46920680999756
1702290725870,350.31957626342773,179.11343336105347
1702290725881,280.64233779907227,174.77150559425354
1702290725893,248.64224433898926,157.2906643152237
1702290725904,251.61805152893066,146.2182641029358
1702290725914,259.5851516723633,142.3746693134308
1702290725926,265.1646614074707,139.13173913955688
1702290725969,271.50814056396484,143.59826624393463
1702290725970,265.06422996520996,137.67087936401367
1702290725986,255.58008193969727,144.36656892299652
1702290725992,259.1411018371582,141.21672749519348
1702290726004,278.9290523529053,134.38391268253326
1702290726014,379.9613380432129,101.8593978881836
1702290726026,457.68280029296875,107.19890356063843
1702290726037,526.3653182983398,108.82452070713043
1702290726048,576.0409927368164,124.70466792583466
1702290726059,576.4024925231934,121.1151909828186
1702290726071,578.3068466186523,120.38247048854828
1702290726081,563.092098236084,104.51035380363464
1702290726119,561.3774108886719,105.01390635967255
1702290726120,556.0472869873047,101.09366476535797
1702290726126,558.5648536682129,95.49355030059814
1702290726137,564.9403381347656,97.6139223575592
1702290726149,572.0064353942871,108.40061366558075
1702290726159,578.9173698425293,114.48256552219391
1702290726171,577.1371841430664,115.2821534872055
1702290726182,656.479377746582,104.57675993442535
1702290726193,725.8981323242188,104.58498895168304
1702290726204,834.0719223022461,104.06938254833221
1702290726214,930.0151443481445,104.43704903125763
1702290726225,944.9908447265625,102.57045149803162
1702290726236,943.956298828125,99.98993039131165
1702290726268,944.0848922729492,85.85949271917343
1702290726270,1010.9817504882812,87.13557779788971
1702290726284,1203.4143447875977,87.95338600873947
1702290726292,1298.7109375,94.15156334638596
1702290726303,1343.530044555664,92.51501888036728
1702290726314,1355.7640838623047,87.65711724758148
1702290726325,1359.4847869873047,84.99173372983932
1702290726336,1364.5481872558594,83.7589743733406
1702290726347,1365.888900756836,82.52606213092804
1702290726359,1364.6903228759766,84.46999043226242
1702290726370,1368.2955169677734,84.96042162179947
1702290726406,1370.6781768798828,95.20546764135361
1702290726407,1373.5491180419922,99.97959583997726
1702290726414,1378.2425689697266,95.41171073913574
1702290726435,1373.1742095947266,86.46133750677109
1702290726436,1370.2557373046875,87.70144611597061
1702290726448,1384.5003509521484,91.86549514532089
1702290726459,1427.5225830078125,100.44506907463074
1702290726470,1506.7355346679688,99.24795091152191
1702290726481,1627.5959014892578,99.83691573143005
1702290726492,1652.6114654541016,102.1337154507637
1702290726503,1657.7685546875,97.19444364309311
1702290726514,1653.4708404541016,95.49263298511505
1702290726526,1647.959213256836,89.90058124065399
1702290726560,1643.9450073242188,87.43272632360458
1702290726561,1652.2607421875,89.30368512868881
1702290726577,1655.8892059326172,95.09689450263977
1702290726581,1653.2369995117188,99.81790959835052
1702290726592,1664.7801971435547,98.72930556535721
1702290726603,1730.2011108398438,95.59083670377731
1702290726614,1886.2574768066406,108.22778552770615
1702290726625,1951.7106628417969,106.47413313388824
1702290726636,1989.0540313720703,103.05592864751816
1702290726647,1982.0262908935547,97.10142731666565
1702290726659,1981.2715148925781,90.4859009385109
1702290726670,1977.1207427978516,88.61522912979126
1702290726704,1984.7509002685547,86.63372039794922
1702290726705,1983.584213256836,87.29404270648956
1702290726721,1992.1308898925781,84.31496813893318
1702290726726,1996.6947937011719,84.63286221027374
1702290726737,1998.4349822998047,79.7077202796936
1702290726747,1993.590087890625,84.23617824912071
1702290726758,1993.4160614013672,85.0113071501255
1702290726769,1993.1444549560547,86.52839809656143
1702290726780,1968.4748840332031,73.63678023219109
1702290726790,1955.9557342529297,65.57360999286175
1702290726803,1711.808853149414,115.66727042198181
1702290726836,1175.2515411376953,175.40403485298157
1702290726837,1001.8964004516602,194.9192726612091
1702290726852,512.102165222168,248.13538312911987
1702290726858,498.88431549072266,243.89453172683716
1702290726871,470.1880645751953,233.9990794658661
1702290726880,451.92480087280273,222.76854157447815
1702290726891,440.96500396728516,212.67504572868347
1702290726903,451.7832374572754,212.4128758907318
1702290726914,459.80472564697266,216.6050398349762
1702290726925,460.0247573852539,217.33474016189575
1702290726936,458.94840240478516,218.53005051612854
1702290726947,453.41136932373047,218.6284875869751
1702290726988,455.38135528564453,213.74347686767578
1702290726989,446.42372131347656,222.790846824646
1702290726992,332.01791763305664,233.78278613090515
1702290727005,289.8233127593994,224.96044278144836
1702290727014,265.40390968322754,223.56737852096558
1702290727025,265.20575523376465,226.5315306186676
1702290727036,266.3590908050537,228.6831772327423
1702290727047,273.4051036834717,241.56775832176208
1702290727059,276.56593322753906,238.638174533844
1702290727070,285.12219429016113,228.97662162780762
1702290727081,282.96104431152344,229.22216176986694
1702290727091,279.63125228881836,230.2489972114563
1702290727103,274.09955978393555,227.7686619758606
1702290727139,270.1051616668701,219.88038182258606
1702290727140,272.47676849365234,221.19534015655518
1702290727155,274.63011741638184,221.50543570518494
1702290727158,273.09364318847656,216.3702929019928
1702290727171,284.34194564819336,229.08445715904236
1702290727180,290.199499130249,232.5833022594452
1702290727191,289.00835037231445,233.93036127090454
1702290727203,273.7486934661865,225.1321256160736
1702290727214,269.9845504760742,217.52540230751038
1702290727225,271.4429473876953,217.19454646110535
1702290727236,279.18049812316895,218.552827835083
1702290727247,285.22318840026855,225.1477575302124
1702290727287,295.04210472106934,219.25771236419678
1702290727288,493.1802749633789,175.90453505516052
1702290727291,556.0634803771973,180.01796007156372
1702290727302,570.2266693115234,165.85872888565063
1702290727317,559.9349594116211,157.35002160072327
1702290727325,566.4571952819824,158.44807505607605
1702290727336,568.9519500732422,167.55214154720306
1702290727347,571.6532897949219,174.84226763248444
1702290727358,570.4320335388184,174.338259100914
1702290727369,570.4584503173828,177.19082593917847
1702290727380,572.9138946533203,182.90344297885895
1702290727391,572.9062461853027,182.86760866641998
1702290727402,567.0588302612305,181.27804577350616
1702290727445,572.0755386352539,179.59098994731903
1702290727447,583.4469413757324,179.99319791793823
1702290727467,589.4219017028809,175.99759697914124
1702290727469,589.814395904541,178.55152666568756
1702290727481,660.289192199707,182.0224553346634
1702290727492,759.9201202392578,189.26529943943024
1702290727503,898.8637924194336,193.64616751670837
1702290727513,1090.032844543457,177.56119072437286
1702290727524,1120.9773254394531,177.05277264118195
1702290727535,1115.1809310913086,176.2074637413025
1702290727546,1128.4040069580078,175.2172189950943
1702290727558,1131.999855041504,172.08104610443115
1702290727569,1135.2370071411133,158.2384443283081
1702290727611,1139.2975234985352,163.91654133796692
1702290727613,1143.047866821289,173.60328555107117
1702290727628,1145.4664993286133,170.07015109062195
1702290727635,1140.2712631225586,183.17517220973969
1702290727648,1132.0225143432617,187.94928967952728
1702290727658,1136.8820190429688,195.39910912513733
1702290727669,1124.3902587890625,171.6683131456375
1702290727680,1130.3028106689453,174.38376545906067
1702290727691,1127.1257781982422,171.35050356388092
1702290727702,1149.6496963500977,172.70771205425262
1702290727713,1180.8845520019531,178.04000794887543
1702290727753,1246.1561584472656,183.30524861812592
1702290727758,1442.381820678711,169.80804562568665
1702290727769,1439.718246459961,173.48063349723816
1702290727782,1451.9055938720703,185.62030613422394
1702290727791,1444.7563171386719,185.88354349136353
1702290727802,1435.4866790771484,160.92702627182007
1702290727813,1437.20703125,162.00957655906677
1702290727825,1438.2581329345703,164.19815182685852
1702290727836,1449.390869140625,185.13003051280975
1702290727847,1454.2537689208984,178.60430717468262
1702290727858,1459.943618774414,175.1765674352646
1702290727869,1460.9831237792969,172.82278418540955
1702290727904,1452.8704071044922,170.8356213569641
1702290727919,1647.1748352050781,188.53465497493744
1702290727924,1750.2759552001953,184.95139002799988
1702290727935,1789.0137481689453,181.3453906774521
1702290727946,1830.7479858398438,174.7262567281723
1702290727958,1831.6786193847656,173.70129883289337
1702290727968,1833.7620544433594,176.45908176898956
1702290727980,1837.1824645996094,188.73959720134735
1702290727991,1839.3476104736328,186.15615248680115
1702290728002,1837.055892944336,181.22186958789825
1702290728013,1844.364013671875,163.7637037038803
1702290728024,1817.9298400878906,120.49369096755981
1702290728062,1817.9144287109375,125.73043584823608
1702290728063,1813.3683013916016,191.00963652133942
1702290728069,1825.8555603027344,201.07049524784088
1702290728080,1831.8809509277344,196.8542182445526
1702290728092,1825.3974151611328,194.13911998271942
1702290728102,1828.4678649902344,192.10656881332397
1702290728112,1843.6698913574219,207.3843938112259
1702290728123,1846.8948364257812,215.71419775485992
1702290728134,1842.8980255126953,212.54209399223328
1702290728146,1829.7689056396484,218.8510626554489
1702290728157,1791.5441131591797,235.77377915382385
1702290728168,1752.7154541015625,301.2331438064575
1702290728204,1508.2840728759766,630.7806944847107
1702290728205,1431.7141723632812,760.6019926071167
1702290728219,1405.2592468261719,869.5121669769287
1702290728223,1408.6907958984375,868.2323455810547
1702290728235,1404.9173736572266,869.6614265441895
1702290728246,1463.2949829101562,871.3122940063477
1702290728257,1462.2126007080078,872.1700429916382
1702290728268,1464.9212646484375,872.806134223938
1702290728279,1486.0960388183594,883.268551826477
1702290728290,1484.7477722167969,882.3510217666626
1702290728301,1480.5047607421875,882.1578168869019
1702290728313,1487.9322052001953,891.6591453552246
1702290728324,1489.3912506103516,892.3438596725464
1702290728356,1491.3882446289062,893.1343173980713
1702290728357,1482.1733856201172,897.514214515686
1702290728371,1482.0624542236328,899.8364925384521
1702290728379,1391.9026184082031,820.365686416626
1702290728391,1387.7461242675781,820.8696842193604
1702290728401,1387.9356384277344,813.6594772338867
1702290728412,1384.5289611816406,820.8416175842285
1702290728424,1393.4300231933594,800.1621723175049
1702290728435,1415.3176879882812,767.713451385498
1702290728446,1473.8088989257812,699.4970655441284
1702290728457,1488.3094787597656,688.2232046127319
1702290728489,1499.7050476074219,685.4818153381348
1702290728490,1488.6622619628906,693.9693975448608
1702290728506,1486.2811279296875,694.745306968689
1702290728512,1487.5953674316406,691.8275356292725
1702290728522,1491.3551330566406,689.724555015564
1702290728533,1490.8784484863281,687.4925708770752
1702290728544,1489.2384338378906,688.6758756637573
1702290728555,1486.7193603515625,687.5515365600586
1702290728566,1484.0374755859375,685.726261138916
1702290728577,1488.4185791015625,682.8030395507812
1702290728588,1490.013427734375,689.6774768829346
1702290728599,1499.1099548339844,695.745792388916
1702290728639,nan,nan
1702290728643,nan,nan
1702290728656,nan,nan
1702290728665,nan,nan
1702290728676,nan,nan
1702290728688,nan,nan
1702290728699,nan,nan
1702290728709,nan,nan
1702290728728,nan,nan
1702290728771,nan,nan
1702290728772,nan,nan
1702290728787,nan,nan
1702290728790,nan,nan
1702290728803,nan,nan
1702290728812,nan,nan
1702290728824,nan,nan
1702290728835,nan,nan
1702290728846,nan,nan
1702290728857,nan,nan
1702290728869,nan,nan
1702290728879,nan,nan
1702290728901,nan,nan
1702290728921,nan,nan
1702290728922,nan,nan
1702290728923,nan,nan
1702290728939,nan,nan
1702290728945,nan,nan
1702290728958,nan,nan
1702290728969,nan,nan
1702290728978,nan,nan
1702290728990,nan,nan
1702290729002,nan,nan
1702290729012,nan,nan
1702290729024,nan,nan
1702290729035,nan,nan
1702290729073,nan,nan
1702290729074,nan,nan
1702290729078,nan,nan
1702290729091,nan,nan
1702290729103,nan,nan
1702290729112,nan,nan
1702290729124,nan,nan
1702290729136,nan,nan
1702290729145,nan,nan
1702290729157,nan,nan
1702290729169,nan,nan
1702290729207,nan,nan
1702290729208,nan,nan
1702290729212,nan,nan
1702290729225,nan,nan
1702290729236,nan,nan
1702290729246,nan,nan
1702290729257,nan,nan
1702290729269,nan,nan
1702290729279,nan,nan
1702290729291,nan,nan
1702290729303,nan,nan
1702290729313,nan,nan
1702290729323,nan,nan
1702290729354,nan,nan
1702290729357,nan,nan
1702290729369,nan,nan
1702290729379,nan,nan
1702290729392,nan,nan
1702290729403,nan,nan
1702290729412,nan,nan
1702290729423,nan,nan
1702290729435,nan,nan
1702290729446,nan,nan
1702290729465,nan,nan
1702290729492,nan,nan
1702290729511,nan,nan
1702290729512,nan,nan
1702290729513,nan,nan
1702290729529,nan,nan
1702290729536,1362.6434326171875,659.3746948242188
1702290729548,1362.6434326171875,659.3746948242188
1702290729559,1362.6434326171875,659.3746948242188
1702290729570,1363.48388671875,671.1489486694336
1702290729581,1363.48388671875,671.1489486694336
1702290729592,1370.74462890625,703.0785655975342
1702290729604,1376.7478942871094,726.3563632965088
1702290729615,1383.3416748046875,702.9550337791443
1702290729633,1389.4635009765625,710.9590244293213
1702290729656,1393.784408569336,712.1511268615723
1702290729659,1399.613265991211,707.327721118927
1702290729672,1400.6417083740234,707.5770592689514
1702290729681,1403.3462524414062,706.6985607147217
1702290729693,1401.9841003417969,709.3026852607727
1702290729704,1401.5939331054688,706.8491721153259
1702290729714,1396.5278625488281,708.5401654243469
1702290729726,1401.0204315185547,709.664568901062
1702290729737,1395.4440307617188,708.2441997528076
1702290729748,1398.0329895019531,712.0361137390137
1702290729788,1393.8406372070312,712.2404336929321
1702290729793,1403.478775024414,704.9484300613403
1702290729804,1399.289321899414,709.1741323471069
1702290729815,1403.443832397461,710.2329611778259
1702290729826,1397.4567413330078,715.3873944282532
1702290729837,1404.4837951660156,714.0535426139832
1702290729848,1376.2026977539062,711.8462562561035
1702290729859,1358.0701446533203,707.6433634757996
1702290729871,1342.7999877929688,712.6874613761902
1702290729881,1327.728271484375,716.1813712120056
1702290729893,1339.9323272705078,720.3593730926514
1702290729904,1334.2149353027344,718.4682440757751
1702290729937,1334.5953369140625,713.9392590522766
1702290729938,1318.5528564453125,712.6687932014465
1702290729955,1317.1012115478516,713.5592436790466
1702290729960,1319.3301391601562,715.5142521858215
1702290729972,1322.4604797363281,713.1910514831543
1702290729982,1320.1934814453125,712.4067091941833
1702290729993,1323.3796691894531,711.8439388275146
1702290730004,1318.0729675292969,717.5189995765686
1702290730015,1321.8780517578125,716.5302085876465
1702290730026,1319.9586486816406,715.1163411140442
1702290730038,1328.0854797363281,709.7142863273621
1702290730049,1317.697982788086,711.3945722579956
1702290730059,1317.8131103515625,708.9100313186646
1702290730095,1322.0471954345703,712.0761966705322
1702290730096,1325.7012176513672,722.2719383239746
1702290730104,1305.2862548828125,747.3679733276367
1702290730115,1296.1332702636719,764.0826416015625
1702290730127,1292.8262329101562,762.8717422485352
1702290730137,1293.333511352539,762.9744815826416
1702290730148,1295.2960205078125,759.8388290405273
1702290730159,1300.3041076660156,764.8327589035034
1702290730170,1302.892837524414,762.9132413864136
1702290730181,1303.7332153320312,767.7917718887329
1702290730193,1302.2428894042969,765.1596879959106
1702290730204,1304.0687561035156,767.4354887008667
1702290730241,1303.8489532470703,767.7054691314697
1702290730254,1304.1525268554688,763.4228181838989
1702290730259,1363.2439422607422,737.8808927536011
1702290730271,1498.7902069091797,668.3933329582214
1702290730281,1753.5867309570312,553.9133477210999
1702290730292,1861.4268493652344,508.0674648284912
1702290730303,1930.5059051513672,481.195592880249
1702290730314,1928.8799285888672,475.5997967720032
1702290730326,1931.2486267089844,468.3931088447571
1702290730336,1930.844497680664,469.60460901260376
1702290730374,1928.215103149414,466.8692922592163
1702290730375,1928.3946990966797,463.0648684501648
1702290730381,1932.7473449707031,464.7968888282776
1702290730392,1935.2751159667969,468.4120774269104
1702290730405,1922.5455474853516,474.59913969039917
1702290730415,1924.2485046386719,477.3176980018616
1702290730427,1925.5770874023438,480.53675651550293
1702290730437,1929.8411560058594,475.66243171691895
1702290730448,1934.4741821289062,482.9714512825012
1702290730459,1909.6995544433594,455.77059030532837
1702290730469,1916.473159790039,460.8695125579834
1702290730481,1916.7378234863281,463.099308013916
1702290730492,1997.4581146240234,525.7724690437317
1702290730522,1997.4581146240234,525.7724690437317
1702290730524,nan,nan
1702290730539,nan,nan
1702290730546,nan,nan
1702290730557,nan,nan
1702290730568,nan,nan
1702290730579,nan,nan
1702290730590,nan,nan
1702290730601,nan,nan
1702290730612,nan,nan
1702290730622,nan,nan
1702290730657,nan,nan
1702290730659,nan,nan
1702290730672,nan,nan
1702290730680,nan,nan
1702290730691,nan,nan
1702290730702,nan,nan
1702290730713,nan,nan
1702290730725,nan,nan
1702290730736,nan,nan
1702290730746,nan,nan
1702290730758,nan,nan
1702290730770,nan,nan
1702290730806,nan,nan
1702290730807,nan,nan
1702290730813,nan,nan
1702290730825,nan,nan
1702290730837,nan,nan
1702290730846,nan,nan
1702290730858,nan,nan
1702290730869,nan,nan
1702290730880,nan,nan
1702290730891,nan,nan
1702290730903,nan,nan
1702290730940,nan,nan
1702290730946,nan,nan
1702290730961,nan,nan
1702290730969,nan,nan
1702290730979,nan,nan
1702290730991,nan,nan
1702290731002,nan,nan
1702290731013,nan,nan
1702290731024,nan,nan
1702290731036,nan,nan
1702290731046,nan,nan
1702290731058,nan,nan
1702290731093,nan,nan
1702290731103,nan,nan
1702290731113,nan,nan
1702290731125,nan,nan
1702290731136,nan,nan
1702290731146,nan,nan
1702290731158,nan,nan
1702290731169,nan,nan
1702290731180,nan,nan
1702290731191,nan,nan
1702290731203,nan,nan
1702290731239,nan,nan
1702290731246,nan,nan
1702290731257,nan,nan
1702290731269,nan,nan
1702290731279,nan,nan
1702290731290,nan,nan
1702290731303,nan,nan
1702290731312,nan,nan
1702290731324,nan,nan
1702290731336,nan,nan
1702290731346,nan,nan
1702290731357,nan,nan
1702290731390,nan,nan
1702290731391,nan,nan
1702290731406,nan,nan
1702290731413,nan,nan
1702290731425,nan,nan
1702290731435,nan,nan
1702290731446,nan,nan
1702290731458,nan,nan
1702290731469,nan,nan
1702290731479,nan,nan
1702290731491,nan,nan
1702290731502,nan,nan
1702290731541,nan,nan
1702290731542,nan,nan
1702290731546,nan,nan
1702290731559,nan,nan
1702290731569,nan,nan
1702290731579,nan,nan
1702290731591,nan,nan
1702290731602,nan,nan
1702290731613,nan,nan
1702290731624,nan,nan
1702290731635,nan,nan
1702290731673,nan,nan
1702290731674,nan,nan
1702290731679,nan,nan
1702290731690,nan,nan
1702290731704,nan,nan
1702290731712,nan,nan
1702290731723,nan,nan
1702290731735,nan,nan
1702290731745,nan,nan
1702290731757,nan,nan
1702290731768,nan,nan
1702290731780,nan,nan
1702290731790,nan,nan
1702290731823,nan,nan
1702290731824,nan,nan
1702290731838,nan,nan
1702290731845,nan,nan
1702290731857,nan,nan
1702290731868,nan,nan
1702290731878,nan,nan
1702290731890,nan,nan
1702290731902,nan,nan
1702290731912,nan,nan
1702290731923,nan,nan
1702290731960,nan,nan
1702290731962,nan,nan
1702290731968,nan,nan
1702290731981,nan,nan
1702290731991,nan,nan
1702290732002,nan,nan
1702290732012,nan,nan
1702290732024,nan,nan
1702290732035,nan,nan
1702290732046,nan,nan
1702290732057,nan,nan
1702290732069,nan,nan
1702290732088,nan,nan
1702290732107,nan,nan
1702290732112,nan,nan
1702290732125,nan,nan
1702290732137,nan,nan
1702290732146,nan,nan
1702290732158,nan,nan
1702290732168,nan,nan
1702290732178,nan,nan
1702290732190,nan,nan
1702290732201,nan,nan
1702290732238,nan,nan
1702290732239,nan,nan
1702290732245,nan,nan
1702290732257,nan,nan
1702290732270,nan,nan
1702290732284,nan,nan
1702290732301,nan,nan
1702290732311,nan,nan
1702290732323,nan,nan
1702290732334,nan,nan
1702290732345,nan,nan
1702290732356,nan,nan
1702290732389,nan,nan
1702290732396,nan,nan
1702290732414,nan,nan
1702290732425,nan,nan
1702290732437,nan,nan
1702290732447,nan,nan
1702290732459,nan,nan
1702290732470,nan,nan
1702290732480,nan,nan
1702290732492,nan,nan
1702290732525,nan,nan
1702290732526,nan,nan
1702290732541,nan,nan
1702290732547,nan,nan
1702290732558,nan,nan
1702290732569,nan,nan
1702290732580,nan,nan
1702290732591,nan,nan
1702290732603,nan,nan
1702290732613,nan,nan
1702290732625,nan,nan
1702290732636,nan,nan
1702290732676,nan,nan
1702290732680,nan,nan
1702290732692,nan,nan
1702290732705,nan,nan
1702290732713,nan,nan
1702290732725,nan,nan
1702290732736,nan,nan
1702290732746,nan,nan
1702290732758,nan,nan
1702290732770,nan,nan
1702290732813,nan,nan
1702290732814,nan,nan
1702290732830,nan,nan
1702290732837,nan,nan
1702290732848,nan,nan
1702290732858,nan,nan
1702290732870,nan,nan
1702290732880,nan,nan
1702290732891,nan,nan
1702290732903,nan,nan
1702290732939,nan,nan
1702290732940,nan,nan
1702290732946,nan,nan
1702290732958,nan,nan
1702290732971,nan,nan
1702290732980,nan,nan
1702290732992,nan,nan
1702290733003,nan,nan
1702290733013,nan,nan
1702290733025,nan,nan
1702290733037,nan,nan
1702290733048,nan,nan
1702290733058,nan,nan
1702290733088,nan,nan
1702290733092,nan,nan
1702290733103,nan,nan
1702290733114,nan,nan
1702290733124,nan,nan
1702290733136,nan,nan
1702290733146,nan,nan
1702290733158,nan,nan
1702290733169,nan,nan
1702290733180,nan,nan
1702290733191,nan,nan
1702290733224,nan,nan
1702290733225,nan,nan
1702290733239,nan,nan
1702290733246,nan,nan
1702290733258,nan,nan
1702290733269,nan,nan
1702290733280,nan,nan
1702290733291,nan,nan
1702290733303,nan,nan
1702290733313,nan,nan
1702290733325,nan,nan
1702290733336,nan,nan
1702290733355,nan,nan
1702290733375,nan,nan
1702290733380,nan,nan
1702290733391,nan,nan
1702290733404,nan,nan
1702290733413,nan,nan
1702290733425,nan,nan
1702290733436,nan,nan
1702290733446,nan,nan
1702290733458,nan,nan
1702290733470,nan,nan
1702290733507,nan,nan
1702290733508,nan,nan
1702290733513,nan,nan
1702290733524,nan,nan
1702290733537,nan,nan
1702290733546,nan,nan
1702290733557,nan,nan
1702290733569,nan,nan
1702290733579,nan,nan
1702290733591,nan,nan
1702290733602,nan,nan
1702290733640,nan,nan
1702290733641,nan,nan
1702290733642,nan,nan
1702290733646,nan,nan
1702290733657,nan,nan
1702290733670,nan,nan
1702290733679,nan,nan
1702290733691,nan,nan
1702290733702,nan,nan
1702290733713,nan,nan
1702290733725,nan,nan
1702290733736,nan,nan
1702290733774,nan,nan
1702290733775,nan,nan
1702290733779,nan,nan
1702290733791,nan,nan
1702290733804,nan,nan
1702290733813,nan,nan
1702290733824,nan,nan
1702290733836,nan,nan
1702290733846,nan,nan
1702290733858,nan,nan
1702290733869,nan,nan
1702290733908,nan,nan
1702290733909,nan,nan
1702290733912,nan,nan
1702290733925,nan,nan
1702290733936,nan,nan
1702290733945,nan,nan
1702290733957,nan,nan
1702290733969,nan,nan
1702290733980,nan,nan
1702290733991,nan,nan
1702290734002,nan,nan
1702290734012,nan,nan
1702290734024,nan,nan
1702290734056,nan,nan
1702290734057,nan,nan
1702290734072,nan,nan
1702290734079,nan,nan
1702290734090,nan,nan
1702290734102,nan,nan
1702290734112,nan,nan
1702290734124,nan,nan
1702290734135,nan,nan
1702290734146,nan,nan
1702290734157,nan,nan
1702290734191,nan,nan
1702290734192,nan,nan
1702290734206,nan,nan
1702290734213,nan,nan
1702290734225,nan,nan
1702290734236,nan,nan
1702290734246,nan,nan
1702290734257,nan,nan
1702290734269,nan,nan
1702290734279,nan,nan
1702290734291,nan,nan
1702290734303,nan,nan
1702290734322,nan,nan
1702290734343,nan,nan
1702290734346,nan,nan
1702290734359,nan,nan
1702290734369,nan,nan
1702290734379,nan,nan
1702290734390,nan,nan
1702290734401,nan,nan
1702290734412,nan,nan
1702290734423,nan,nan
1702290734435,nan,nan
1702290734476,nan,nan
1702290734477,nan,nan
1702290734478,nan,nan
1702290734491,nan,nan
1702290734504,nan,nan
1702290734512,nan,nan
1702290734523,nan,nan
1702290734535,nan,nan
1702290734545,nan,nan
1702290734557,nan,nan
1702290734568,nan,nan
1702290734578,nan,nan
1702290734590,nan,nan
1702290734640,nan,nan
1702290734641,nan,nan
1702290734645,nan,nan
1702290734657,nan,nan
1702290734669,nan,nan
1702290734679,nan,nan
1702290734690,nan,nan
1702290734702,nan,nan
1702290734712,nan,nan
1702290734724,nan,nan
1702290734736,nan,nan
1702290734746,nan,nan
1702290734757,nan,nan
1702290734795,nan,nan
1702290734809,nan,nan
1702290734813,nan,nan
1702290734825,nan,nan
1702290734836,nan,nan
1702290734846,nan,nan
1702290734856,nan,nan
1702290734869,nan,nan
1702290734879,nan,nan
1702290734890,nan,nan
1702290734925,nan,nan
1702290734926,nan,nan
1702290734940,nan,nan
1702290734946,nan,nan
1702290734957,nan,nan
1702290734968,nan,nan
1702290734979,nan,nan
1702290734990,nan,nan
1702290735001,nan,nan
1702290735013,nan,nan
1702290735024,nan,nan
1702290735035,nan,nan
1702290735054,nan,nan
1702290735073,nan,nan
1702290735080,nan,nan
1702290735101,nan,nan
1702290735113,nan,nan
1702290735124,nan,nan
1702290735135,nan,nan
1702290735147,nan,nan
1702290735158,nan,nan
1702290735169,nan,nan
1702290735214,nan,nan
1702290735215,nan,nan
1702290735219,nan,nan
1702290735240,nan,nan
1702290735256,nan,nan
1702290735271,nan,nan
1702290735282,1299.8985290527344,749.9963665008545
1702290735295,1309.7346496582031,739.1797256469727
1702290735307,1292.3944091796875,777.1501064300537
1702290735318,1298.19091796875,766.600399017334
1702290735329,1300.6134796142578,769.2959117889404
1702290735363,1302.0950317382812,768.6522245407104
1702290735364,1301.7989349365234,764.4495677947998
1702290735379,1292.5628662109375,762.1328258514404
1702290735386,1292.5748443603516,762.0648050308228
1702290735397,1296.4511108398438,766.1363983154297
1702290735407,1302.6342010498047,758.9386796951294
1702290735418,1301.5064239501953,757.9228734970093
1702290735430,1302.0537567138672,753.6056327819824
1702290735441,1301.9123840332031,751.9000911712646
1702290735452,1301.8538665771484,746.7753767967224
1702290735463,1301.9645690917969,751.3802576065063
1702290735474,1300.4481506347656,759.9531126022339
1702290735510,1306.0675048828125,758.5568189620972
1702290735526,1730.8809661865234,615.7079672813416
1702290735530,1933.6969757080078,537.9661774635315
1702290735541,2068.8067626953125,469.0547561645508
1702290735552,2084.1058349609375,463.1158947944641
1702290735563,2082.521438598633,466.2369775772095
1702290735574,2074.6127319335938,477.97101974487305
1702290735584,2075.2528381347656,481.5662097930908
1702290735596,2079.9422454833984,477.6266884803772
1702290735607,2081.0733032226562,476.6739249229431
1702290735642,2078.7137603759766,482.6791548728943
1702290735657,2068.2154083251953,490.2569317817688
1702290735663,2069.9693298339844,480.2312207221985
1702290735675,2077.632293701172,471.9221878051758
1702290735684,2078.0516815185547,475.1310968399048
1702290735696,2090.965347290039,474.194598197937
1702290735707,2116.310806274414,485.42940616607666
1702290735718,2135.48828125,495.268714427948
1702290735730,2130.766067504883,502.9005217552185
1702290735741,2120.1951599121094,500.6340551376343
1702290735777,2134.9868774414062,494.1210722923279
1702290735791,2135.6956481933594,494.64354515075684
1702290735796,2136.042709350586,490.3858494758606
1702290735807,2138.341064453125,500.24803161621094
1702290735818,2134.0444946289062,494.95298624038696
1702290735830,2132.585220336914,495.01184463500977
1702290735840,2131.941604614258,496.82491064071655
1702290735851,2133.199691772461,496.6561460494995
1702290735863,2132.8622436523438,503.83764266967773
1702290735873,2136.2155151367188,502.3578143119812
1702290735884,2138.651580810547,512.2814726829529
1702290735895,nan,nan
1702290735926,nan,nan
1702290735928,nan,nan
1702290735941,nan,nan
1702290735949,nan,nan
1702290735961,nan,nan
1702290735972,nan,nan
1702290735981,nan,nan
1702290735992,nan,nan
1702290736009,nan,nan
1702290736029,nan,nan
1702290736059,nan,nan
1702290736060,nan,nan
1702290736062,nan,nan
1702290736075,nan,nan
1702290736083,nan,nan
1702290736095,nan,nan
1702290736106,nan,nan
1702290736116,nan,nan
1702290736128,nan,nan
1702290736139,nan,nan
1702290736150,nan,nan
1702290736161,nan,nan
1702290736194,nan,nan
1702290736195,nan,nan
1702290736211,nan,nan
1702290736217,nan,nan
1702290736229,nan,nan
1702290736240,nan,nan
1702290736250,nan,nan
1702290736261,nan,nan
1702290736273,nan,nan
1702290736283,nan,nan
1702290736295,nan,nan
1702290736306,nan,nan
1702290736343,nan,nan
1702290736344,nan,nan
1702290736350,nan,nan
1702290736362,nan,nan
1702290736375,nan,nan
1702290736383,nan,nan
1702290736395,nan,nan
1702290736406,nan,nan
1702290736416,nan,nan
1702290736428,nan,nan
1702290736439,nan,nan
1702290736449,nan,nan
1702290736461,nan,nan
1702290736495,nan,nan
1702290736511,nan,nan
1702290736517,nan,nan
1702290736528,nan,nan
1702290736539,nan,nan
1702290736549,nan,nan
1702290736561,nan,nan
1702290736572,nan,nan
1702290736582,nan,nan
1702290736594,nan,nan
1702290736606,nan,nan
1702290736625,nan,nan
1702290736644,nan,nan
1702290736650,nan,nan
1702290736661,nan,nan
1702290736673,nan,nan
1702290736682,nan,nan
1702290736694,nan,nan
1702290736705,nan,nan
1702290736716,nan,nan
1702290736728,nan,nan
1702290736739,nan,nan
1702290736778,nan,nan
1702290736779,nan,nan
1702290736782,nan,nan
1702290736794,nan,nan
1702290736806,nan,nan
1702290736815,nan,nan
1702290736827,nan,nan
1702290736839,nan,nan
1702290736849,nan,nan
1702290736861,nan,nan
1702290736872,nan,nan
1702290736882,nan,nan
1702290736894,nan,nan
1702290736925,nan,nan
1702290736927,nan,nan
1702290736940,nan,nan
1702290736949,nan,nan
1702290736961,nan,nan
1702290736972,nan,nan
1702290736982,nan,nan
1702290736994,nan,nan
1702290737005,nan,nan
1702290737016,nan,nan
1702290737027,nan,nan
1702290737060,nan,nan
1702290737061,nan,nan
1702290737078,nan,nan
1702290737082,nan,nan
1702290737094,nan,nan
1702290737106,nan,nan
1702290737116,nan,nan
1702290737127,nan,nan
1702290737139,nan,nan
1702290737149,nan,nan
1702290737161,nan,nan
1702290737173,nan,nan
1702290737191,nan,nan
1702290737210,nan,nan
1702290737215,nan,nan
1702290737227,nan,nan
1702290737239,nan,nan
1702290737248,nan,nan
1702290737260,nan,nan
1702290737272,nan,nan
1702290737282,nan,nan
1702290737294,nan,nan
1702290737305,nan,nan
1702290737343,nan,nan
1702290737349,nan,nan
1702290737360,nan,nan
1702290737372,nan,nan
1702290737382,nan,nan
1702290737393,nan,nan
1702290737405,nan,nan
1702290737415,nan,nan
1702290737427,nan,nan
1702290737438,nan,nan
1702290737449,nan,nan
1702290737460,nan,nan
1702290737493,nan,nan
1702290737494,nan,nan
1702290737509,nan,nan
1702290737516,nan,nan
1702290737527,nan,nan
1702290737538,nan,nan
1702290737548,nan,nan
1702290737560,nan,nan
1702290737572,nan,nan
1702290737582,nan,nan
1702290737593,nan,nan
1702290737627,nan,nan
1702290737628,nan,nan
1702290737643,nan,nan
1702290737649,nan,nan
1702290737661,nan,nan
1702290737672,nan,nan
1702290737682,nan,nan
1702290737694,nan,nan
1702290737705,nan,nan
1702290737715,nan,nan
1702290737727,nan,nan
1702290737739,nan,nan
1702290737758,nan,nan
1702290737778,nan,nan
1702290737782,nan,nan
1702290737795,nan,nan
1702290737808,nan,nan
1702290737815,nan,nan
1702290737827,nan,nan
1702290737838,nan,nan
1702290737848,nan,nan
1702290737860,nan,nan
1702290737872,nan,nan
1702290737910,nan,nan
1702290737911,nan,nan
1702290737915,nan,nan
1702290737927,nan,nan
1702290737939,nan,nan
1702290737949,nan,nan
1702290737960,nan,nan
1702290737972,nan,nan
1702290737982,nan,nan
1702290737994,nan,nan
1702290738004,nan,nan
1702290738044,nan,nan
1702290738045,nan,nan
1702290738049,nan,nan
1702290738061,nan,nan
1702290738072,nan,nan
1702290738082,nan,nan
1702290738093,nan,nan
1702290738104,nan,nan
1702290738115,nan,nan
1702290738126,nan,nan
1702290738138,nan,nan
1702290738148,nan,nan
1702290738179,nan,nan
1702290738181,nan,nan
1702290738195,nan,nan
1702290738204,nan,nan
1702290738215,nan,nan
1702290738226,nan,nan
1702290738238,nan,nan
1702290738248,nan,nan
1702290738260,nan,nan
1702290738271,nan,nan
1702290738281,nan,nan
1702290738293,nan,nan
1702290738330,nan,nan
1702290738338,nan,nan
1702290738348,nan,nan
1702290738361,nan,nan
1702290738371,nan,nan
1702290738382,nan,nan
1702290738393,nan,nan
1702290738405,nan,nan
1702290738415,nan,nan
1702290738427,nan,nan
1702290738464,nan,nan
1702290738465,nan,nan
1702290738466,nan,nan
1702290738472,nan,nan
1702290738482,nan,nan
1702290738495,nan,nan
1702290738504,nan,nan
1702290738514,nan,nan
1702290738526,nan,nan
1702290738537,nan,nan
1702290738548,nan,nan
1702290738559,nan,nan
1702290738595,nan,nan
1702290738596,nan,nan
1702290738611,nan,nan
1702290738614,nan,nan
1702290738626,nan,nan
1702290738638,nan,nan
1702290738648,nan,nan
1702290738659,nan,nan
1702290738671,nan,nan
1702290738681,nan,nan
1702290738693,nan,nan
1702290738730,nan,nan
1702290738731,nan,nan
1702290738743,nan,nan
1702290738748,nan,nan
1702290738761,nan,nan
1702290738771,nan,nan
1702290738781,nan,nan
1702290738793,nan,nan
1702290738804,nan,nan
1702290738815,nan,nan
1702290738827,nan,nan
1702290738862,nan,nan
1702290738863,nan,nan
1702290738878,nan,nan
1702290738880,nan,nan
1702290738894,nan,nan
1702290738904,nan,nan
1702290738914,nan,nan
1702290738926,nan,nan
1702290738937,nan,nan
1702290738947,nan,nan
1702290738959,nan,nan
1702290738971,nan,nan
1702290738981,nan,nan
1702290739012,nan,nan
1702290739015,nan,nan
1702290739027,nan,nan
1702290739038,nan,nan
1702290739048,nan,nan
1702290739059,nan,nan
1702290739071,nan,nan
1702290739081,nan,nan
1702290739093,nan,nan
1702290739105,nan,nan
1702290739115,nan,nan
1702290739146,nan,nan
1702290739147,nan,nan
1702290739148,nan,nan
1702290739162,nan,nan
1702290739171,nan,nan
1702290739182,nan,nan
1702290739193,nan,nan
1702290739204,nan,nan
1702290739215,nan,nan
1702290739227,nan,nan
1702290739237,nan,nan
1702290739248,nan,nan
1702290739260,nan,nan
1702290739295,nan,nan
1702290739296,nan,nan
1702290739311,nan,nan
1702290739314,nan,nan
1702290739328,nan,nan
1702290739337,nan,nan
1702290739347,nan,nan
1702290739359,nan,nan
1702290739371,nan,nan
1702290739380,nan,nan
1702290739393,nan,nan
1702290739430,nan,nan
1702290739445,nan,nan
1702290739447,nan,nan
1702290739461,nan,nan
1702290739471,nan,nan
1702290739481,nan,nan
1702290739494,nan,nan
1702290739504,nan,nan
1702290739514,nan,nan
1702290739527,nan,nan
1702290739562,nan,nan
1702290739563,nan,nan
1702290739579,nan,nan
1702290739582,nan,nan
1702290739596,nan,nan
1702290739612,nan,nan
1702290739629,nan,nan
1702290739638,nan,nan
1702290739649,nan,nan
1702290739661,nan,nan
1702290739672,nan,nan
1702290739682,nan,nan
1702290739712,nan,nan
1702290739721,nan,nan
1702290739743,nan,nan
1702290739757,nan,nan
1702290739774,nan,nan
1702290739786,1368.1017303466797,783.8380336761475
1702290739798,1354.2574310302734,768.4019422531128
1702290739809,1352.9613494873047,760.7261896133423
1702290739846,1336.7393493652344,724.1300654411316
1702290739847,1343.5783386230469,731.2460088729858
1702290739861,1338.0860900878906,739.3821144104004
1702290739865,1340.9709167480469,731.9105744361877
1702290739876,1344.197769165039,734.3472003936768
1702290739887,1344.3230438232422,736.5178370475769
1702290739898,1343.6412048339844,738.7049961090088
1702290739909,1339.8080444335938,740.7877421379089
1702290739920,1343.574447631836,741.476469039917
1702290739931,1342.8732299804688,738.2412528991699
1702290739942,1346.242446899414,734.1638660430908
1702290739982,1338.7648010253906,726.9293475151062
1702290739987,1346.5308380126953,739.2353868484497
1702290739999,1344.5938873291016,737.9565954208374
1702290740010,1343.7969207763672,743.6134171485901
1702290740020,1345.0341796875,742.7025175094604
1702290740031,1348.8591766357422,740.1469945907593
1702290740042,1350.634765625,735.6497883796692
1702290740053,1348.4175109863281,730.7328701019287
1702290740065,1345.7381439208984,735.838508605957
1702290740075,1346.8905639648438,732.5007891654968
1702290740087,1343.9053344726562,738.4174633026123
1702290740128,1345.8409881591797,735.2028036117554
1702290740131,1342.175064086914,738.1830596923828
1702290740143,1365.9393310546875,739.1695547103882
1702290740153,1438.8430786132812,744.8561811447144
1702290740164,1468.9836883544922,742.0254421234131
1702290740176,1478.27392578125,738.7165403366089
1702290740186,1470.7279205322266,738.26575756073
1702290740198,1473.9068603515625,742.5959157943726
1702290740209,1476.7111206054688,744.8187589645386
1702290740220,1477.1757507324219,744.5220851898193
1702290740232,1474.6455383300781,743.8530349731445
1702290740263,1470.0601196289062,740.4163312911987
1702290740264,1468.0804443359375,738.798680305481
1702290740265,1472.5324249267578,739.4043016433716
1702290740279,1460.3528594970703,711.4358568191528
1702290740287,1466.548080444336,717.6925277709961
1702290740298,1464.2682647705078,716.982901096344
1702290740308,1481.0527038574219,748.1484746932983
1702290740320,1477.459945678711,738.2120275497437
1702290740331,1477.6881408691406,738.1235146522522
1702290740342,1476.1389923095703,738.927812576294
1702290740353,1481.2446594238281,753.0756497383118
1702290740365,1560.3597259521484,777.0364665985107
1702290740375,1622.557144165039,795.5321645736694
1702290740395,1856.068344116211,837.3241996765137
1702290740414,1898.6604309082031,842.6160478591919
1702290740420,1908.9285278320312,841.694655418396
1702290740432,1917.6707458496094,846.6212511062622
1702290740444,1919.6800994873047,844.745078086853
1702290740454,1921.9559478759766,850.4603719711304
1702290740465,1920.9713745117188,844.1589403152466
1702290740476,1922.2399139404297,845.7674503326416
1702290740486,1920.6849670410156,838.2755470275879
1702290740498,1917.4684143066406,845.8743524551392
1702290740508,1917.591552734375,846.7407274246216
1702290740545,1913.255615234375,857.9421901702881
1702290740546,1915.7366180419922,853.1267023086548
1702290740553,1916.0047912597656,852.6410722732544
1702290740564,1915.6876373291016,845.486011505127
1702290740576,1915.1995849609375,845.3911685943604
1702290740586,1915.657730102539,844.7998380661011
1702290740597,1918.3856201171875,854.8661470413208
1702290740608,1916.1507415771484,853.655891418457
1702290740619,1912.0280456542969,856.57301902771
1702290740631,1902.1985626220703,855.3801012039185
1702290740641,1904.5064544677734,854.5492172241211
1702290740653,1920.6968688964844,842.3593711853027
1702290740664,1923.7495422363281,847.8090190887451
1702290740697,1923.7830352783203,851.2829303741455
1702290740698,1906.0616302490234,837.2267818450928
1702290740713,1909.5973205566406,834.2684984207153
1702290740719,1899.2098236083984,811.0935688018799
1702290740731,nan,nan
1702290740740,nan,nan
1702290740751,nan,nan
1702290740763,nan,nan
1702290740774,nan,nan
1702290740785,nan,nan
1702290740795,nan,nan
1702290740834,nan,nan
1702290740850,nan,nan
1702290740865,nan,nan
1702290740876,nan,nan
1702290740886,nan,nan
1702290740898,nan,nan
1702290740909,nan,nan
1702290740919,nan,nan
1702290740931,nan,nan
1702290740943,nan,nan
1702290740982,nan,nan
1702290740983,nan,nan
1702290740986,nan,nan
1702290740998,nan,nan
1702290741008,nan,nan
1702290741018,nan,nan
1702290741030,nan,nan
1702290741042,nan,nan
1702290741052,nan,nan
1702290741063,nan,nan
1702290741075,nan,nan
1702290741085,nan,nan
1702290741097,nan,nan
1702290741132,nan,nan
1702290741149,nan,nan
1702290741152,nan,nan
1702290741165,nan,nan
1702290741175,nan,nan
1702290741185,nan,nan
1702290741197,nan,nan
1702290741209,nan,nan
1702290741219,nan,nan
1702290741230,nan,nan
1702290741264,nan,nan
1702290741265,nan,nan
1702290741280,nan,nan
1702290741287,nan,nan
1702290741297,nan,nan
1702290741309,nan,nan
1702290741319,nan,nan
1702290741331,nan,nan
1702290741342,nan,nan
1702290741353,nan,nan
1702290741364,nan,nan
1702290741375,nan,nan
1702290741414,nan,nan
1702290741415,nan,nan
1702290741418,nan,nan
1702290741430,nan,nan
1702290741444,nan,nan
1702290741452,nan,nan
1702290741464,nan,nan
1702290741475,nan,nan
1702290741486,nan,nan
1702290741497,nan,nan
1702290741509,nan,nan
1702290741547,nan,nan
1702290741548,nan,nan
1702290741552,nan,nan
1702290741564,nan,nan
1702290741576,nan,nan
1702290741586,nan,nan
1702290741597,nan,nan
1702290741608,nan,nan
1702290741619,nan,nan
1702290741630,nan,nan
1702290741642,nan,nan
1702290741652,nan,nan
1702290741664,nan,nan
1702290741698,nan,nan
1702290741714,nan,nan
1702290741719,nan,nan
1702290741731,nan,nan
1702290741742,nan,nan
1702290741752,nan,nan
1702290741765,nan,nan
1702290741776,nan,nan
1702290741786,nan,nan
1702290741830,nan,nan
1702290741831,nan,nan
1702290741846,1542.81982421875,967.8452968597412
1702290741853,1542.81982421875,967.8452968597412
1702290741865,1542.81982421875,967.8452968597412
1702290741876,1520.9344482421875,970.8813858032227
1702290741886,1520.9344482421875,970.8813858032227
1702290741897,1520.9344482421875,970.8813858032227
1702290741909,nan,nan
1702290741920,1536.0525512695312,961.768741607666
1702290741932,1541.4785766601562,956.9830799102783
1702290741964,1516.1325073242188,929.3258571624756
1702290741965,1489.9714660644531,821.2199592590332
1702290741979,1480.4345703125,778.5388469696045
1702290741986,1469.5390319824219,776.7689323425293
1702290741998,1478.106689453125,783.006763458252
1702290742008,1474.6229553222656,780.6203269958496
1702290742020,1474.4410705566406,781.7494297027588
1702290742031,1468.09814453125,778.7863826751709
1702290742042,1455.9141540527344,778.652400970459
1702290742053,1410.8747863769531,767.9076862335205
1702290742064,1392.6171875,758.5183238983154
1702290742076,1386.7950439453125,745.2862358093262
1702290742093,1390.8880615234375,751.9709014892578
1702290742113,1391.6766357421875,753.0084228515625
1702290742114,1396.5823364257812,761.0073280334473
1702290742120,1392.069091796875,759.9783039093018
1702290742131,1400.2293395996094,766.5633201599121
1702290742143,1402.2798156738281,768.5532188415527
1702290742153,1399.0330505371094,762.8884792327881
1702290742164,1390.3282165527344,758.5060501098633
1702290742175,1385.4225158691406,756.3550472259521
1702290742186,1385.5705261230469,762.4926280975342
1702290742198,1394.4203186035156,761.8561935424805
1702290742209,1395.6245422363281,761.8025493621826
1702290742248,1402.9655456542969,764.1806602478027
1702290742253,1389.9845886230469,766.7215919494629
1702290742264,1385.6245422363281,760.8530902862549
1702290742279,1382.4246215820312,764.3070888519287
1702290742286,1379.3312072753906,762.7400779724121
1702290742298,1379.3222045898438,761.1297225952148
1702290742309,1383.1645202636719,755.2498054504395
1702290742320,1378.3694458007812,753.8833808898926
1702290742331,1378.3268737792969,761.9521522521973
1702290742342,1377.171630859375,763.2505989074707
1702290742353,1376.3102722167969,760.0078296661377
1702290742364,1379.3507385253906,754.4333839416504
1702290742399,1381.326904296875,760.7091522216797
1702290742400,1368.8102722167969,772.3715686798096
1702290742414,1363.65234375,765.2495956420898
1702290742420,1376.5985107421875,764.5326519012451
1702290742431,1379.35791015625,762.6097869873047
1702290742442,1377.9063415527344,760.8967781066895
1702290742453,1365.9439086914062,730.9063339233398
1702290742463,1353.0010986328125,724.5616436004639
1702290742474,1361.0911560058594,704.441556930542
1702290742485,nan,nan
1702290742496,nan,nan
1702290742507,nan,nan
1702290742547,nan,nan
1702290742548,nan,nan
1702290742552,nan,nan
1702290742563,nan,nan
1702290742574,nan,nan
1702290742585,nan,nan
1702290742597,nan,nan
1702290742608,nan,nan
1702290742619,nan,nan
1702290742630,nan,nan
1702290742640,nan,nan
1702290742681,nan,nan
1702290742687,nan,nan
1702290742698,nan,nan
1702290742711,nan,nan
1702290742722,nan,nan
1702290742732,nan,nan
1702290742744,nan,nan
1702290742753,nan,nan
1702290742765,nan,nan
1702290742776,nan,nan
1702290742787,nan,nan
1702290742798,nan,nan
1702290742831,nan,nan
1702290742832,nan,nan
1702290742847,nan,nan
1702290742853,nan,nan
1702290742865,nan,nan
1702290742876,nan,nan
1702290742886,nan,nan
1702290742898,nan,nan
1702290742909,nan,nan
1702290742920,nan,nan
1702290742931,nan,nan
1702290742965,nan,nan
1702290742966,nan,nan
1702290742982,nan,nan
1702290742986,nan,nan
1702290742998,nan,nan
1702290743009,nan,nan
1702290743019,nan,nan
1702290743031,nan,nan
1702290743043,nan,nan
1702290743053,nan,nan
1702290743065,nan,nan
1702290743098,nan,nan
1702290743113,nan,nan
1702290743120,nan,nan
1702290743132,nan,nan
1702290743142,nan,nan
1702290743153,nan,nan
1702290743164,nan,nan
1702290743176,nan,nan
1702290743186,nan,nan
1702290743197,nan,nan
1702290743233,nan,nan
1702290743234,nan,nan
1702290743249,nan,nan
1702290743253,nan,nan
1702290743265,nan,nan
1702290743276,nan,nan
1702290743286,nan,nan
1702290743298,nan,nan
1702290743309,nan,nan
1702290743320,nan,nan
1702290743332,nan,nan
1702290743366,nan,nan
1702290743367,nan,nan
1702290743382,nan,nan
1702290743386,nan,nan
1702290743399,nan,nan
1702290743409,nan,nan
1702290743420,nan,nan
1702290743432,nan,nan
1702290743443,nan,nan
1702290743453,nan,nan
1702290743465,nan,nan
1702290743476,nan,nan
1702290743514,nan,nan
1702290743519,nan,nan
1702290743531,nan,nan
1702290743543,nan,nan
1702290743552,nan,nan
1702290743564,nan,nan
1702290743576,nan,nan
1702290743586,nan,nan
1702290743597,nan,nan
1702290743609,nan,nan
1702290743648,nan,nan
1702290743649,nan,nan
1702290743652,nan,nan
1702290743664,nan,nan
1702290743678,nan,nan
1702290743686,nan,nan
1702290743697,nan,nan
1702290743709,nan,nan
1702290743719,nan,nan
1702290743731,nan,nan
1702290743742,nan,nan
1702290743753,nan,nan
1702290743764,nan,nan
1702290743800,nan,nan
1702290743801,nan,nan
1702290743815,nan,nan
1702290743819,nan,nan
1702290743832,nan,nan
1702290743842,nan,nan
1702290743852,nan,nan
1702290743864,nan,nan
1702290743875,nan,nan
1702290743886,nan,nan
1702290743897,nan,nan
1702290743909,nan,nan
1702290743919,nan,nan
1702290743949,nan,nan
1702290743950,nan,nan
1702290743952,nan,nan
1702290743966,nan,nan
1702290743976,nan,nan
1702290743986,nan,nan
1702290743998,nan,nan
1702290744009,nan,nan
1702290744019,nan,nan
1702290744031,nan,nan
1702290744042,nan,nan
1702290744083,nan,nan
1702290744086,nan,nan
1702290744098,nan,nan
1702290744111,nan,nan
1702290744119,nan,nan
1702290744131,nan,nan
1702290744143,nan,nan
1702290744153,nan,nan
1702290744165,nan,nan
1702290744176,nan,nan
1702290744214,nan,nan
1702290744215,nan,nan
1702290744219,nan,nan
1702290744231,nan,nan
1702290744243,nan,nan
1702290744252,nan,nan
1702290744264,nan,nan
1702290744276,nan,nan
1702290744286,nan,nan
1702290744298,nan,nan
1702290744309,nan,nan
1702290744319,nan,nan
1702290744350,nan,nan
1702290744351,nan,nan
1702290744354,nan,nan
1702290744367,nan,nan
1702290744376,nan,nan
1702290744395,nan,nan
1702290744409,nan,nan
1702290744420,nan,nan
1702290744432,nan,nan
1702290744443,1605.8941650390625,865.8530330657959
1702290744454,1605.8941650390625,865.8530330657959
1702290744466,1605.8941650390625,865.8530330657959
1702290744501,1553.363037109375,820.9966278076172
1702290744517,1393.6424255371094,760.8096599578857
1702290744521,1392.59033203125,756.2699890136719
1702290744533,1403.1527709960938,765.0125312805176
1702290744544,1401.1219787597656,768.9416885375977
1702290744555,1396.3656616210938,779.996509552002
1702290744565,1392.0600891113281,776.4190864562988
1702290744576,1392.6681518554688,772.6272583007812
1702290744587,1401.6523742675781,770.5226039886475
1702290744599,1404.471435546875,775.1152324676514
1702290744633,1400.3262329101562,774.1104984283447
1702290744634,1391.5336608886719,769.2615795135498
1702290744648,1393.3634948730469,762.4181270599365
1702290744654,1390.1023864746094,756.3967609405518
1702290744666,1391.0317993164062,754.696455001831
1702290744677,1388.6264038085938,758.4289741516113
1702290744688,1392.6409912109375,759.5682907104492
1702290744699,1396.5045166015625,761.6521739959717
1702290744710,1399.5234680175781,763.0669212341309
1702290744721,1408.2878112792969,770.9900379180908
1702290744732,1412.8691101074219,770.659761428833
1702290744743,1398.7400817871094,765.1986980438232
1702290744784,1362.8297424316406,769.5782947540283
1702290744788,1355.1678466796875,780.0744438171387
1702290744800,1354.1024780273438,773.276309967041
1702290744810,1353.5394287109375,781.9919872283936
1702290744821,1361.0635375976562,785.0983715057373
1702290744832,1363.1185913085938,784.500904083252
1702290744843,1358.7803649902344,780.8117294311523
1702290744854,1353.4722900390625,777.4748039245605
1702290744866,1358.2176208496094,782.3169422149658
1702290744877,1364.7686767578125,789.0849494934082
1702290744888,1362.6072692871094,794.16672706604
1702290744899,1354.7383117675781,790.7111835479736
1702290744934,1351.6493225097656,790.2663230895996
1702290744948,1363.0967712402344,782.3322200775146
1702290744954,1365.0111389160156,786.5519142150879
1702290744965,1373.1515502929688,784.4394493103027
1702290744976,1398.3056640625,761.9754123687744
1702290744987,1442.4002075195312,729.9482917785645
1702290744998,1457.8839111328125,718.9230823516846
1702290745009,1465.4640197753906,712.392783164978
1702290745021,1454.1006469726562,720.1124382019043
1702290745032,1451.7498779296875,721.869478225708
1702290745066,1441.6282653808594,735.153923034668
1702290745067,1439.8699951171875,730.618371963501
1702290745082,1447.5576782226562,723.0207252502441
1702290745088,1458.4335327148438,730.8196449279785
1702290745101,1460.0526428222656,730.46799659729
1702290745110,1468.0099487304688,727.7932548522949
1702290745121,1461.8234252929688,726.2455558776855
1702290745132,1462.0321655273438,725.5406284332275
1702290745143,1527.6962280273438,742.5269508361816
1702290745154,1697.2975158691406,767.340087890625
1702290745165,1796.0578918457031,790.978889465332
1702290745176,1853.8258361816406,796.2453746795654
1702290745187,1865.4153442382812,799.7776508331299
1702290745216,1869.1989135742188,804.3958568572998
1702290745217,1875.2821350097656,805.4410171508789
1702290745221,1871.0516357421875,811.2615394592285
1702290745234,1874.609375,811.5895843505859
1702290745243,1870.1795959472656,808.119707107544
1702290745254,1873.1101989746094,808.4960746765137
1702290745265,1871.7826843261719,809.4693088531494
1702290745277,1868.7420654296875,813.7453937530518
1702290745288,1860.7754516601562,808.1674289703369
1702290745299,1861.4042663574219,811.4781761169434
1702290745310,1859.54345703125,814.7501277923584
1702290745348,1871.7727661132812,817.3158645629883
1702290745349,1892.2819519042969,818.1431007385254
1702290745352,2002.4212646484375,829.345121383667
1702290745364,nan,nan
1702290745375,nan,nan
1702290745386,nan,nan
1702290745398,nan,nan
1702290745408,nan,nan
1702290745419,nan,nan
1702290745429,nan,nan
1702290745447,nan,nan
1702290745483,nan,nan
1702290745484,nan,nan
1702290745489,nan,nan
1702290745500,nan,nan
1702290745512,nan,nan
1702290745521,nan,nan
1702290745533,nan,nan
1702290745544,nan,nan
1702290745555,nan,nan
1702290745567,nan,nan
1702290745578,nan,nan
1702290745617,nan,nan
1702290745618,nan,nan
1702290745621,nan,nan
1702290745633,nan,nan
1702290745645,nan,nan
1702290745655,nan,nan
1702290745666,nan,nan
1702290745678,nan,nan
1702290745688,nan,nan
1702290745700,nan,nan
1702290745710,nan,nan
1702290745721,nan,nan
1702290745732,nan,nan
1702290745767,nan,nan
1702290745783,nan,nan
1702290745787,nan,nan
1702290745799,nan,nan
1702290745811,nan,nan
1702290745821,nan,nan
1702290745832,nan,nan
1702290745844,nan,nan
1702290745854,nan,nan
1702290745866,nan,nan
1702290745903,nan,nan
1702290745911,nan,nan
1702290745921,nan,nan
1702290745934,nan,nan
1702290745944,nan,nan
1702290745954,nan,nan
1702290745966,nan,nan
1702290745978,nan,nan
1702290745988,nan,nan
1702290745999,nan,nan
1702290746011,nan,nan
1702290746030,nan,nan
1702290746051,nan,nan
1702290746054,nan,nan
1702290746066,nan,nan
1702290746079,nan,nan
1702290746089,nan,nan
1702290746099,nan,nan
1702290746111,nan,nan
1702290746122,nan,nan
1702290746132,nan,nan
1702290746144,nan,nan
1702290746184,nan,nan
1702290746185,nan,nan
1702290746188,nan,nan
1702290746206,nan,nan
1702290746212,nan,nan
1702290746222,nan,nan
1702290746240,nan,nan
1702290746256,nan,nan
1702290746267,nan,nan
1702290746278,1611.11328125,918.854341506958
1702290746289,1611.11328125,918.854341506958
1702290746300,1611.11328125,918.854341506958
1702290746338,1610.0735473632812,924.3044185638428
1702290746339,1645.9080505371094,920.4021263122559
1702290746345,1661.6030883789062,915.6182670593262
1702290746356,1671.3047790527344,915.7135391235352
1702290746368,1673.543701171875,915.9209060668945
1702290746378,1672.8086853027344,916.1032104492188
1702290746389,1664.5326232910156,909.8646926879883
1702290746401,1660.0959777832031,906.3246059417725
1702290746412,1657.0877075195312,899.3512058258057
1702290746423,1655.2310180664062,901.2213706970215
1702290746434,1655.6143188476562,904.1554069519043
1702290746445,1653.2896423339844,902.8100967407227
1702290746485,1565.8560180664062,818.1182098388672
1702290746490,1495.6034851074219,746.361608505249
1702290746502,1501.7720031738281,748.81911277771
1702290746512,1504.5751953125,744.4639778137207
1702290746523,1500.657958984375,745.7955551147461
1702290746534,1502.7561950683594,748.7834072113037
1702290746545,1504.9481201171875,746.2979221343994
1702290746555,1506.3833618164062,745.7965850830078
1702290746567,1500.7574462890625,746.7669010162354
1702290746578,1492.7487182617188,752.9841327667236
1702290746616,1491.9894409179688,759.7845840454102
1702290746622,1503.2766723632812,746.2694263458252
1702290746634,1506.3479614257812,750.3340244293213
1702290746646,1509.3679809570312,747.7270889282227
1702290746656,1512.8817749023438,751.794605255127
1702290746667,1509.4554138183594,753.154764175415
1702290746678,1500.1327514648438,759.6022796630859
1702290746689,1503.603515625,754.2769145965576
1702290746700,1505.1579284667969,758.9532279968262
1702290746711,1508.492431640625,761.5369892120361
1702290746722,1505.5677795410156,758.3150768280029
1702290746734,1504.6476745605469,755.5805969238281
1702290746769,1506.8412780761719,745.3980731964111
1702290746784,1508.5006713867188,759.012451171875
1702290746790,1503.0130004882812,750.7115077972412
1702290746802,1508.2969665527344,754.4084072113037
1702290746811,1524.4418334960938,751.9987964630127
1702290746823,1561.5663146972656,745.3934383392334
1702290746834,1570.4420471191406,739.778995513916
1702290746845,1579.3113708496094,730.9070205688477
1702290746856,1579.881591796875,724.6244716644287
1702290746867,1585.8782958984375,725.2950668334961
1702290746902,1583.2972717285156,731.8145084381104
1702290746903,1583.9761352539062,730.4495429992676
1702290746917,1585.2311706542969,719.5078039169312
1702290746922,1592.6628112792969,729.7170639038086
1702290746933,1647.8826904296875,751.1474418640137
1702290746944,1779.3775939941406,781.2569332122803
1702290746955,1987.0942687988281,826.0211563110352
1702290746967,2045.5928039550781,834.1349029541016
1702290746977,2069.527130126953,838.8603115081787
1702290746989,2087.1478271484375,835.6108474731445
1702290747000,2092.273406982422,839.3807029724121
1702290747011,2087.122802734375,844.6885585784912
1702290747033,2083.8003540039062,847.7177810668945
1702290747051,2087.263641357422,850.8366966247559
1702290747055,2100.6187438964844,843.2344150543213
1702290747069,2102.5828552246094,836.7227840423584
1702290747078,2104.728546142578,835.9854984283447
1702290747089,2102.3342895507812,845.5084991455078
1702290747100,2095.206756591797,841.9734764099121
1702290747110,2080.587158203125,853.3521366119385
1702290747122,2023.7539672851562,922.5205135345459
1702290747133,1996.0920715332031,959.0545177459717
1702290747144,1970.37353515625,983.4874248504639
1702290747184,1974.5637512207031,970.8303165435791
1702290747188,1978.7123107910156,975.033016204834
1702290747200,1980.30517578125,982.2937774658203
1702290747211,1986.5098571777344,983.3281230926514
1702290747222,1989.9967956542969,988.753137588501
1702290747233,1988.8209533691406,990.0811100006104
1702290747244,1970.8979797363281,989.9198341369629
1702290747255,1970.7943725585938,996.0457420349121
1702290747266,1973.9483642578125,993.5942459106445
1702290747277,1997.9475402832031,990.7981395721436
1702290747288,2023.0613708496094,980.8359432220459
1702290747300,nan,nan
1702290747336,nan,nan
1702290747343,nan,nan
1702290747354,nan,nan
1702290747367,nan,nan
1702290747375,nan,nan
1702290747394,nan,nan
1702290747413,nan,nan
1702290747423,nan,nan
1702290747434,nan,nan
1702290747471,nan,nan
1702290747485,nan,nan
1702290747489,nan,nan
1702290747502,nan,nan
1702290747512,nan,nan
1702290747523,nan,nan
1702290747534,nan,nan
1702290747546,nan,nan
1702290747556,nan,nan
1702290747568,nan,nan
1702290747579,nan,nan
1702290747590,nan,nan
1702290747620,nan,nan
1702290747621,nan,nan
1702290747623,nan,nan
1702290747636,nan,nan
1702290747646,nan,nan
1702290747656,nan,nan
1702290747667,nan,nan
1702290747678,nan,nan
1702290747689,nan,nan
1702290747700,nan,nan
1702290747712,nan,nan
1702290747722,nan,nan
1702290747755,nan,nan
1702290747756,nan,nan
1702290747771,nan,nan
1702290747779,nan,nan
1702290747790,nan,nan
1702290747801,nan,nan
1702290747813,nan,nan
1702290747823,nan,nan
1702290747834,nan,nan
1702290747845,nan,nan
1702290747855,nan,nan
1702290747867,nan,nan
1702290747903,nan,nan
1702290747917,nan,nan
1702290747922,nan,nan
1702290747934,nan,nan
1702290747945,nan,nan
1702290747955,nan,nan
1702290747967,nan,nan
1702290747979,nan,nan
1702290747989,nan,nan
1702290748000,nan,nan
1702290748038,nan,nan
1702290748039,nan,nan
1702290748045,nan,nan
1702290748056,nan,nan
1702290748068,nan,nan
1702290748079,nan,nan
1702290748089,nan,nan
1702290748101,nan,nan
1702290748112,nan,nan
1702290748123,nan,nan
1702290748134,nan,nan
1702290748172,nan,nan
1702290748173,nan,nan
1702290748179,nan,nan
1702290748189,nan,nan
1702290748203,nan,nan
1702290748213,nan,nan
1702290748222,nan,nan
1702290748234,nan,nan
1702290748246,nan,nan
1702290748255,nan,nan
1702290748267,nan,nan
1702290748278,nan,nan
1702290748288,nan,nan
1702290748321,nan,nan
1702290748322,nan,nan
1702290748339,nan,nan
1702290748346,nan,nan
1702290748356,nan,nan
1702290748368,nan,nan
1702290748379,nan,nan
1702290748389,nan,nan
1702290748401,nan,nan
1702290748413,nan,nan
1702290748428,nan,nan
1702290748453,nan,nan
1702290748456,nan,nan
1702290748469,nan,nan
1702290748480,nan,nan
1702290748490,nan,nan
1702290748501,nan,nan
1702290748513,nan,nan
1702290748523,nan,nan
1702290748534,nan,nan
1702290748546,nan,nan
1702290748557,nan,nan
1702290748588,nan,nan
1702290748589,nan,nan
1702290748590,nan,nan
1702290748604,nan,nan
1702290748613,nan,nan
1702290748625,nan,nan
1702290748635,nan,nan
1702290748652,nan,nan
1702290748667,nan,nan
1702290748678,1620.3858947753906,827.0512104034424
1702290748689,1620.3858947753906,827.0512104034424
1702290748721,1603.0372619628906,804.5924949645996
1702290748722,1550.7373046875,780.3842067718506
1702290748723,1535.5364990234375,781.9967937469482
1702290748736,1536.9406127929688,775.0368690490723
1702290748746,1538.0809020996094,770.4712772369385
1702290748757,1536.6006469726562,776.305103302002
1702290748769,1539.617919921875,775.2693843841553
1702290748779,1542.8515625,775.0251960754395
1702290748790,1532.3881530761719,768.9610862731934
1702290748801,1529.06494140625,772.9528141021729
1702290748812,1528.5353088378906,769.9846172332764
1702290748824,1545.0656127929688,775.7140731811523
1702290748835,1564.8075866699219,781.5866947174072
1702290748871,1558.6170959472656,781.1220932006836
1702290748886,1537.3898315429688,767.8622817993164
1702290748890,1536.9358825683594,756.7387962341309
1702290748902,1543.8139343261719,754.9597835540771
1702290748913,1526.4277648925781,735.1949501037598
1702290748924,1519.0727233886719,717.8884363174438
1702290748935,1523.0836486816406,710.5138206481934
1702290748946,1529.5979309082031,720.8178806304932
1702290748958,1530.2328491210938,731.7228412628174
1702290748969,1519.2938232421875,734.3316650390625
1702290749004,1520.7075500488281,728.6797142028809
1702290749005,1524.1081237792969,716.3488912582397
1702290749019,1521.0093688964844,710.5109453201294
1702290749024,1520.6797790527344,710.5486249923706
1702290749035,1525.341796875,714.2215776443481
1702290749046,1533.8589477539062,715.8741617202759
1702290749057,1546.8904113769531,865.0766086578369
1702290749068,1543.2989501953125,937.3725700378418
1702290749078,1543.2989501953125,937.3725700378418
1702290749089,nan,nan
1702290749100,nan,nan
1702290749139,nan,nan
1702290749140,nan,nan
1702290749144,nan,nan
1702290749155,nan,nan
1702290749168,nan,nan
1702290749177,nan,nan
1702290749188,nan,nan
1702290749200,nan,nan
1702290749210,nan,nan
1702290749228,nan,nan
1702290749247,nan,nan
1702290749257,nan,nan
1702290749289,nan,nan
1702290749290,nan,nan
1702290749308,nan,nan
1702290749313,nan,nan
1702290749325,nan,nan
1702290749335,nan,nan
1702290749346,nan,nan
1702290749357,nan,nan
1702290749369,nan,nan
1702290749380,nan,nan
1702290749419,nan,nan
1702290749420,nan,nan
1702290749423,nan,nan
1702290749435,nan,nan
1702290749448,nan,nan
1702290749456,nan,nan
1702290749469,nan,nan
1702290749480,nan,nan
1702290749490,nan,nan
1702290749502,nan,nan
1702290749513,nan,nan
1702290749523,nan,nan
1702290749535,nan,nan
1702290749572,nan,nan
1702290749573,nan,nan
1702290749580,nan,nan
1702290749590,nan,nan
1702290749603,nan,nan
1702290749613,nan,nan
1702290749623,nan,nan
1702290749635,nan,nan
1702290749647,nan,nan
1702290749657,nan,nan
1702290749668,nan,nan
1702290749680,nan,nan
1702290749690,nan,nan
1702290749723,nan,nan
1702290749724,nan,nan
1702290749737,nan,nan
1702290749746,nan,nan
1702290749757,nan,nan
1702290749768,nan,nan
1702290749780,nan,nan
1702290749790,nan,nan
1702290749802,nan,nan
1702290749813,nan,nan
1702290749823,nan,nan
1702290749857,nan,nan
1702290749875,nan,nan
1702290749880,nan,nan
1702290749891,nan,nan
1702290749901,nan,nan
1702290749912,nan,nan
1702290749923,nan,nan
1702290749934,nan,nan
1702290749946,nan,nan
1702290749956,nan,nan
1702290749989,nan,nan
1702290749990,nan,nan
1702290750006,nan,nan
1702290750013,nan,nan
1702290750023,nan,nan
1702290750034,nan,nan
1702290750046,nan,nan
1702290750056,nan,nan
1702290750068,nan,nan
1702290750079,nan,nan
1702290750089,nan,nan
1702290750101,nan,nan
1702290750141,nan,nan
1702290750146,nan,nan
1702290750156,nan,nan
1702290750168,nan,nan
1702290750180,nan,nan
1702290750190,nan,nan
1702290750201,nan,nan
1702290750213,nan,nan
1702290750223,nan,nan
1702290750235,nan,nan
1702290750246,nan,nan
1702290750256,nan,nan
1702290750289,nan,nan
1702290750290,nan,nan
1702290750305,nan,nan
1702290750313,nan,nan
1702290750324,nan,nan
1702290750335,nan,nan
1702290750346,nan,nan
1702290750356,nan,nan
1702290750368,nan,nan
1702290750379,nan,nan
1702290750390,nan,nan
1702290750401,nan,nan
1702290750440,nan,nan
1702290750441,nan,nan
1702290750445,nan,nan
1702290750455,nan,nan
1702290750468,nan,nan
1702290750479,nan,nan
1702290750489,nan,nan
1702290750501,nan,nan
1702290750512,nan,nan
1702290750523,nan,nan
1702290750534,nan,nan
1702290750545,nan,nan
1702290750555,nan,nan
1702290750588,nan,nan
1702290750589,nan,nan
1702290750603,nan,nan
1702290750612,nan,nan
1702290750622,nan,nan
1702290750634,nan,nan
1702290750645,nan,nan
1702290750656,nan,nan
1702290750667,nan,nan
1702290750679,nan,nan
1702290750689,nan,nan
1702290750701,nan,nan
1702290750739,nan,nan
1702290750745,nan,nan
1702290750756,nan,nan
1702290750768,nan,nan
1702290750779,nan,nan
1702290750789,nan,nan
1702290750801,nan,nan
1702290750813,nan,nan
1702290750823,nan,nan
1702290750834,nan,nan
1702290750846,nan,nan
1702290750856,nan,nan
1702290750891,nan,nan
1702290750892,nan,nan
1702290750907,nan,nan
1702290750913,nan,nan
1702290750922,nan,nan
1702290750934,nan,nan
1702290750945,nan,nan
1702290750955,nan,nan
1702290750967,nan,nan
1702290750979,nan,nan
1702290750989,nan,nan
1702290751023,nan,nan
1702290751024,nan,nan
1702290751040,nan,nan
1702290751046,nan,nan
1702290751057,nan,nan
1702290751067,nan,nan
1702290751079,nan,nan
1702290751089,nan,nan
1702290751101,nan,nan
1702290751112,nan,nan
1702290751122,nan,nan
1702290751133,nan,nan
1702290751153,nan,nan
1702290751173,nan,nan
1702290751179,nan,nan
1702290751189,nan,nan
1702290751201,nan,nan
1702290751212,nan,nan
1702290751222,nan,nan
1702290751234,nan,nan
1702290751246,nan,nan
1702290751256,nan,nan
1702290751268,nan,nan
1702290751306,nan,nan
1702290751312,nan,nan
1702290751322,nan,nan
1702290751336,nan,nan
1702290751346,nan,nan
1702290751355,nan,nan
1702290751368,nan,nan
1702290751386,nan,nan
1702290751401,nan,nan
1702290751412,nan,nan
1702290751429,nan,nan
1702290751449,nan,nan
1702290751464,nan,nan
1702290751468,nan,nan
1702290751480,nan,nan
1702290751497,nan,nan
1702290751515,nan,nan
1702290751532,nan,nan
1702290751547,nan,nan
1702290751569,1690.3395080566406,875.0630950927734
1702290751588,1698.4071350097656,872.9420471191406
1702290751589,1692.0936584472656,873.6141014099121
1702290751593,1697.325439453125,880.9678173065186
1702290751604,1695.9614562988281,883.1047439575195
1702290751617,1674.26025390625,868.5508632659912
1702290751626,1561.8115234375,745.6661224365234
1702290751637,1529.7189331054688,707.8935384750366
1702290751648,1511.3198852539062,683.4541511535645
1702290751659,1515.0660705566406,706.7812156677246
1702290751670,1508.6613464355469,701.5335273742676
1702290751681,1513.18603515625,703.9797878265381
1702290751721,1516.4665222167969,696.8475151062012
1702290751722,1522.5511169433594,696.7052507400513
1702290751726,1499.8384094238281,695.828447341919
1702290751737,1497.3905944824219,697.3080825805664
1702290751750,1506.0400390625,699.2292308807373
1702290751759,1517.3255920410156,687.6729440689087
1702290751770,1520.2449035644531,684.3475198745728
1702290751781,1519.9302673339844,686.3237714767456
1702290751792,1521.0746765136719,689.251971244812
1702290751804,1522.6202392578125,693.4604215621948
1702290751815,1519.8715209960938,696.9217157363892
1702290751855,1514.5695495605469,697.0468139648438
1702290751856,1510.1325988769531,695.0618076324463
1702290751859,1502.2201538085938,689.0872192382812
1702290751871,1506.199951171875,692.111291885376
1702290751881,1514.6926879882812,694.7121334075928
1702290751892,1645.4632568359375,757.1599674224854
1702290751903,1766.7442321777344,820.598030090332
1702290751914,1907.5300598144531,894.5858001708984
1702290751926,2031.7958068847656,956.7983722686768
1702290751937,2036.5840148925781,964.339542388916
1702290751948,2036.2281799316406,961.5770816802979
1702290751959,2042.5682067871094,971.772050857544
1702290751989,2046.2814331054688,974.4998359680176
1702290751992,2055.1205444335938,979.2384624481201
1702290752005,2054.1224670410156,977.5606441497803
1702290752014,2050.9376525878906,980.132646560669
1702290752026,2056.6493225097656,985.7326698303223
1702290752037,2059.6791076660156,983.5053634643555
1702290752048,2065.0613403320312,975.3201198577881
1702290752059,2064.095916748047,968.1380653381348
1702290752070,2067.9766845703125,971.6312885284424
1702290752081,2063.9593505859375,973.3190631866455
1702290752092,2063.100128173828,985.6537055969238
1702290752103,2057.4485778808594,987.4075698852539
1702290752141,2058.927001953125,989.9055862426758
1702290752148,2036.5878295898438,989.5392608642578
1702290752159,2170.84716796875,1073.8661098480225
1702290752169,2202.2828674316406,1101.1588096618652
1702290752180,2337.6040649414062,1159.1146087646484
1702290752191,nan,nan
1702290752202,nan,nan
1702290752213,nan,nan
1702290752224,nan,nan
1702290752236,nan,nan
1702290752273,nan,nan
1702290752274,nan,nan
1702290752275,nan,nan
1702290752295,nan,nan
1702290752306,nan,nan
1702290752317,nan,nan
1702290752327,nan,nan
1702290752339,nan,nan
1702290752349,nan,nan
1702290752360,nan,nan
1702290752371,nan,nan
1702290752405,nan,nan
1702290752406,nan,nan
1702290752422,nan,nan
1702290752427,nan,nan
1702290752438,nan,nan
1702290752450,nan,nan
1702290752460,nan,nan
1702290752472,nan,nan
1702290752483,nan,nan
1702290752493,nan,nan
1702290752505,nan,nan
1702290752517,nan,nan
1702290752527,nan,nan
1702290752558,nan,nan
1702290752559,nan,nan
1702290752560,nan,nan
1702290752576,nan,nan
1702290752584,nan,nan
1702290752594,nan,nan
1702290752605,nan,nan
1702290752617,nan,nan
1702290752627,nan,nan
1702290752639,nan,nan
1702290752650,nan,nan
1702290752690,nan,nan
1702290752693,nan,nan
1702290752706,nan,nan
1702290752717,nan,nan
1702290752727,nan,nan
1702290752738,nan,nan
1702290752750,nan,nan
1702290752760,nan,nan
1702290752772,nan,nan
1702290752783,nan,nan
1702290752824,nan,nan
1702290752825,nan,nan
1702290752827,nan,nan
1702290752839,nan,nan
1702290752851,nan,nan
1702290752860,nan,nan
1702290752871,nan,nan
1702290752882,nan,nan
1702290752893,nan,nan
1702290752904,nan,nan
1702290752916,nan,nan
1702290752927,nan,nan
1702290752958,nan,nan
1702290752959,nan,nan
1702290752960,nan,nan
1702290752976,nan,nan
1702290752983,nan,nan
1702290752994,nan,nan
1702290753005,nan,nan
1702290753016,nan,nan
1702290753027,nan,nan
1702290753038,nan,nan
1702290753050,nan,nan
1702290753060,nan,nan
1702290753072,nan,nan
1702290753108,nan,nan
1702290753122,nan,nan
1702290753126,nan,nan
1702290753139,nan,nan
1702290753149,nan,nan
1702290753160,nan,nan
1702290753171,nan,nan
1702290753183,nan,nan
1702290753193,nan,nan
1702290753205,nan,nan
1702290753216,nan,nan
1702290753227,nan,nan
1702290753258,nan,nan
1702290753259,nan,nan
1702290753260,nan,nan
1702290753275,nan,nan
1702290753283,nan,nan
1702290753294,nan,nan
1702290753305,nan,nan
1702290753317,nan,nan
1702290753327,nan,nan
1702290753339,nan,nan
1702290753350,nan,nan
1702290753360,nan,nan
1702290753372,nan,nan
1702290753389,nan,nan
1702290753410,nan,nan
1702290753416,nan,nan
1702290753428,nan,nan
1702290753446,nan,nan
1702290753463,nan,nan
1702290753473,nan,nan
1702290753484,1715.5557250976562,732.5662136077881
1702290753496,1715.5557250976562,732.5662136077881
1702290753506,1715.5557250976562,732.5662136077881
1702290753540,1733.9533996582031,727.6843357086182
1702290753555,1656.2548828125,712.3978900909424
1702290753562,1469.9908447265625,688.646993637085
1702290753574,1437.8736877441406,691.7367696762085
1702290753584,1435.4562377929688,692.0407390594482
1702290753596,1435.3887939453125,705.8655738830566
1702290753607,1427.8802490234375,699.4823455810547
1702290753617,1430.4399108886719,696.3335180282593
1702290753629,1431.3999938964844,679.8358297348022
1702290753640,1432.4635314941406,687.0373678207397
1702290753651,1427.8248596191406,691.4189386367798
1702290753670,1431.2481689453125,700.3125429153442
1702290753690,1434.4520568847656,691.6880178451538
1702290753695,1441.56005859375,697.3561906814575
1702290753706,1441.8257141113281,700.2895402908325
1702290753718,1433.2246398925781,700.9685039520264
1702290753728,1427.9507446289062,702.2815847396851
1702290753739,1427.18994140625,703.9157581329346
1702290753750,1433.6723327636719,711.3297700881958
1702290753762,1437.8254699707031,712.1554183959961
1702290753773,1438.4562683105469,711.9936275482178
1702290753784,1435.9843444824219,708.5618162155151
1702290753829,1439.6781921386719,706.7022514343262
1702290753830,1437.02392578125,707.1003341674805
1702290753846,1444.2759704589844,693.7751197814941
1702290753851,1431.6806030273438,692.6936960220337
1702290753864,1433.3377075195312,693.1389427185059
1702290753873,1435.6565856933594,697.4230098724365
1702290753885,1439.4865417480469,696.820821762085
1702290753896,1441.0137939453125,707.7626466751099
1702290753907,1433.7078857421875,708.6573886871338
1702290753918,1424.7079467773438,722.7798843383789
1702290753929,1410.8126831054688,743.4931468963623
1702290753940,1411.5736389160156,751.3134384155273
1702290753975,1412.2357177734375,747.9920482635498
1702290753976,1415.7180786132812,747.8990077972412
1702290753992,1418.2147216796875,758.7330722808838
1702290753995,1417.1278381347656,752.911434173584
1702290754007,1419.8587036132812,759.2604160308838
1702290754018,1420.6097412109375,764.0722560882568
1702290754029,1456.0491943359375,768.381986618042
1702290754039,1457.984619140625,777.1086502075195
1702290754050,1548.5610961914062,765.3842639923096
1702290754061,nan,nan
1702290754072,nan,nan
1702290754108,nan,nan
1702290754109,nan,nan
1702290754123,nan,nan
1702290754126,nan,nan
1702290754145,nan,nan
1702290754163,nan,nan
1702290754176,nan,nan
1702290754187,nan,nan
1702290754197,nan,nan
1702290754209,nan,nan
1702290754240,nan,nan
1702290754241,nan,nan
1702290754242,nan,nan
1702290754255,nan,nan
1702290754264,nan,nan
1702290754275,nan,nan
1702290754287,nan,nan
1702290754297,nan,nan
1702290754308,nan,nan
1702290754320,nan,nan
1702290754330,nan,nan
1702290754342,nan,nan
1702290754375,nan,nan
1702290754376,nan,nan
1702290754390,nan,nan
1702290754398,nan,nan
1702290754409,nan,nan
1702290754420,nan,nan
1702290754431,nan,nan
1702290754442,nan,nan
1702290754454,nan,nan
1702290754464,nan,nan
1702290754475,nan,nan
1702290754508,nan,nan
1702290754509,nan,nan
1702290754523,nan,nan
1702290754530,nan,nan
1702290754542,nan,nan
1702290754553,nan,nan
1702290754563,nan,nan
1702290754575,nan,nan
1702290754586,nan,nan
1702290754597,nan,nan
1702290754608,nan,nan
1702290754619,nan,nan
1702290754658,nan,nan
1702290754663,nan,nan
1702290754675,nan,nan
1702290754687,nan,nan
1702290754697,nan,nan
1702290754708,nan,nan
1702290754720,nan,nan
1702290754730,nan,nan
1702290754742,nan,nan
1702290754753,nan,nan
1702290754772,nan,nan
1702290754790,nan,nan
1702290754797,nan,nan
1702290754808,nan,nan
1702290754820,nan,nan
1702290754830,nan,nan
1702290754842,nan,nan
1702290754854,nan,nan
1702290754864,nan,nan
1702290754875,nan,nan
1702290754886,nan,nan
1702290754924,nan,nan
1702290754925,nan,nan
1702290754930,nan,nan
1702290754941,nan,nan
1702290754955,nan,nan
1702290754963,nan,nan
1702290754974,nan,nan
1702290754986,nan,nan
1702290754996,nan,nan
1702290755008,nan,nan
1702290755020,nan,nan
1702290755058,nan,nan
1702290755059,nan,nan
1702290755063,nan,nan
1702290755075,nan,nan
1702290755087,nan,nan
1702290755097,nan,nan
1702290755108,nan,nan
1702290755119,nan,nan
1702290755130,nan,nan
1702290755141,nan,nan
1702290755153,nan,nan
1702290755191,nan,nan
1702290755192,nan,nan
1702290755197,nan,nan
1702290755208,nan,nan
1702290755220,nan,nan
1702290755230,nan,nan
1702290755242,nan,nan
1702290755253,nan,nan
1702290755263,nan,nan
1702290755275,nan,nan
1702290755286,nan,nan
1702290755324,nan,nan
1702290755325,nan,nan
1702290755329,nan,nan
1702290755341,nan,nan
1702290755353,nan,nan
1702290755362,nan,nan
1702290755374,nan,nan
1702290755386,nan,nan
1702290755396,nan,nan
1702290755408,nan,nan
1702290755419,nan,nan
1702290755429,nan,nan
1702290755459,nan,nan
1702290755463,nan,nan
1702290755476,nan,nan
1702290755486,nan,nan
1702290755496,nan,nan
1702290755508,nan,nan
1702290755519,nan,nan
1702290755530,nan,nan
1702290755541,nan,nan
1702290755552,nan,nan
1702290755563,nan,nan
1702290755575,nan,nan
1702290755610,nan,nan
1702290755626,nan,nan
1702290755630,nan,nan
1702290755641,nan,nan
1702290755653,nan,nan
1702290755663,nan,nan
1702290755674,nan,nan
1702290755685,nan,nan
1702290755696,nan,nan
1702290755708,nan,nan
1702290755742,nan,nan
1702290755743,nan,nan
1702290755756,nan,nan
1702290755763,nan,nan
1702290755775,nan,nan
1702290755785,nan,nan
1702290755796,nan,nan
1702290755808,nan,nan
1702290755819,nan,nan
1702290755830,nan,nan
1702290755841,nan,nan
1702290755875,nan,nan
1702290755876,nan,nan
1702290755890,nan,nan
1702290755896,nan,nan
1702290755908,nan,nan
1702290755919,nan,nan
1702290755929,nan,nan
1702290755941,nan,nan
1702290755953,nan,nan
1702290755962,nan,nan
1702290755975,nan,nan
1702290756010,nan,nan
1702290756011,nan,nan
1702290756028,nan,nan
1702290756029,nan,nan
1702290756042,nan,nan
1702290756053,nan,nan
1702290756063,nan,nan
1702290756075,nan,nan
1702290756086,nan,nan
1702290756097,nan,nan
1702290756109,nan,nan
1702290756144,nan,nan
1702290756159,nan,nan
1702290756164,nan,nan
1702290756176,nan,nan
1702290756187,1823.4255981445312,930.5391597747803
1702290756198,1849.8497009277344,918.9369964599609
1702290756209,1858.9213562011719,910.5336570739746
1702290756220,1850.1974487304688,911.5679168701172
1702290756231,1852.3178100585938,908.5614395141602
1702290756241,1841.7892456054688,916.4166641235352
1702290756253,1802.2874450683594,867.38356590271
1702290756263,1653.912353515625,765.7894706726074
1702290756294,1647.3112487792969,739.2912197113037
1702290756297,1574.7210693359375,717.5645112991333
1702290756309,1565.4585266113281,713.9676475524902
1702290756322,1566.2101745605469,716.306619644165
1702290756331,1567.6014709472656,724.7793960571289
1702290756342,1571.6177368164062,721.7134380340576
1702290756353,1576.0385131835938,722.0862007141113
1702290756365,1575.313720703125,709.8558855056763
1702290756376,1573.4544372558594,713.1316995620728
1702290756387,1564.615478515625,710.4533100128174
1702290756428,1562.3435974121094,714.1488790512085
1702290756429,1559.7785949707031,710.5753183364868
1702290756432,1557.2367858886719,705.3220081329346
1702290756445,1560.2638244628906,711.1839437484741
1702290756453,1557.9257202148438,707.7599859237671
1702290756464,1529.6255493164062,706.8929672241211
1702290756476,1507.6231384277344,705.6815099716187
1702290756486,1485.2032470703125,706.5056991577148
1702290756497,1476.9960021972656,703.3975553512573
1702290756508,1483.3663940429688,699.1476488113403
1702290756520,1490.3590393066406,707.1902418136597
1702290756559,1494.73388671875,720.6888771057129
1702290756564,1486.7416381835938,710.0285768508911
1702290756576,1488.5739135742188,709.5955610275269
1702290756586,1488.59619140625,709.7503566741943
1702290756597,1496.4064025878906,708.5354661941528
1702290756609,1495.4769897460938,706.863055229187
1702290756620,1495.1133728027344,700.2238368988037
1702290756631,1488.6500549316406,704.1423082351685
1702290756642,1490.1318359375,705.2204704284668
1702290756653,1486.8719482421875,709.9929571151733
1702290756692,1485.391845703125,710.9286832809448
1702290756693,1479.3153381347656,713.4809875488281
1702290756698,1479.6165466308594,704.592490196228
1702290756709,1482.1553039550781,702.1647691726685
1702290756721,1487.6083374023438,704.3251276016235
1702290756731,1493.5539245605469,717.102484703064
1702290756742,1499.3096923828125,722.2052478790283
1702290756753,1493.41796875,721.3150978088379
1702290756764,1489.3096923828125,708.2202959060669
1702290756775,1538.2356262207031,716.7575740814209
1702290756787,1669.9658203125,757.6582145690918
1702290756798,1931.4309692382812,830.0946807861328
1702290756828,2006.0189819335938,857.3090171813965
1702290756829,2050.1124572753906,850.6087303161621
1702290756830,2051.0142517089844,856.0263633728027
1702290756844,2060.283966064453,852.4096298217773
1702290756852,2061.2818908691406,860.8424091339111
1702290756864,2060.5242919921875,858.7116622924805
1702290756875,2061.6159057617188,857.9803848266602
1702290756886,2047.6150512695312,859.6612930297852
1702290756897,2040.6324768066406,863.2896995544434
1702290756908,2040.3427124023438,866.7097091674805
1702290756919,2048.5073852539062,863.195972442627
1702290756931,2046.8475341796875,856.3863372802734
1702290756942,2041.9720458984375,850.2292728424072
1702290756979,2024.2381286621094,862.1623992919922
1702290756980,2039.2070007324219,867.1422100067139
1702290756985,2087.845458984375,863.1491947174072
1702290756997,2229.3870544433594,938.3240032196045
1702290757008,2290.2471923828125,986.58522605896
1702290757018,2290.2471923828125,986.58522605896
1702290757029,nan,nan
1702290757041,nan,nan
1702290757052,nan,nan
1702290757063,nan,nan
1702290757074,nan,nan
1702290757085,nan,nan
1702290757095,nan,nan
1702290757129,nan,nan
1702290757132,nan,nan
1702290757144,nan,nan
1702290757158,nan,nan
1702290757165,nan,nan
1702290757177,nan,nan
1702290757188,nan,nan
1702290757198,nan,nan
1702290757209,nan,nan
1702290757221,nan,nan
1702290757259,nan,nan
1702290757265,nan,nan
1702290757276,nan,nan
1702290757291,nan,nan
1702290757298,nan,nan
1702290757310,nan,nan
1702290757321,nan,nan
1702290757331,nan,nan
1702290757343,nan,nan
1702290757355,nan,nan
1702290757394,nan,nan
1702290757395,nan,nan
1702290757398,nan,nan
1702290757410,nan,nan
1702290757424,nan,nan
1702290757431,nan,nan
1702290757443,nan,nan
1702290757455,nan,nan
1702290757465,nan,nan
1702290757476,nan,nan
1702290757488,nan,nan
1702290757499,nan,nan
1702290757510,nan,nan
1702290757546,nan,nan
1702290757562,nan,nan
1702290757565,nan,nan
1702290757577,nan,nan
1702290757587,nan,nan
1702290757598,nan,nan
1702290757609,nan,nan
1702290757621,nan,nan
1702290757631,nan,nan
1702290757642,nan,nan
1702290757654,nan,nan
1702290757676,nan,nan
1702290757695,nan,nan
1702290757696,nan,nan
1702290757698,nan,nan
1702290757710,nan,nan
1702290757721,nan,nan
1702290757731,nan,nan
1702290757743,nan,nan
1702290757754,nan,nan
1702290757765,nan,nan
1702290757776,nan,nan
1702290757788,nan,nan
1702290757828,nan,nan
1702290757829,nan,nan
1702290757831,nan,nan
1702290757845,nan,nan
1702290757855,nan,nan
1702290757865,nan,nan
1702290757877,nan,nan
1702290757889,nan,nan
1702290757899,nan,nan
1702290757910,nan,nan
1702290757922,nan,nan
1702290757933,nan,nan
1702290757944,nan,nan
1702290757978,nan,nan
1702290757993,nan,nan
1702290757999,nan,nan
1702290758010,nan,nan
1702290758030,nan,nan
1702290758043,nan,nan
1702290758054,1458.2461547851562,615.1557540893555
1702290758066,1458.2461547851562,615.1557540893555
1702290758077,1458.2461547851562,615.1557540893555
1702290758112,1490.8293151855469,794.069995880127
1702290758113,1490.8293151855469,794.069995880127
1702290758122,1503.031005859375,801.5249919891357
1702290758133,1504.1497802734375,814.2704200744629
1702290758145,1508.785400390625,811.4438438415527
1702290758155,1505.2645874023438,811.9850921630859
1702290758167,1516.195068359375,813.0640697479248
1702290758178,1519.368896484375,812.136926651001
1702290758189,1520.5026245117188,806.8426322937012
1702290758200,1515.2308654785156,793.7552547454834
1702290758211,1512.0053100585938,790.393180847168
1702290758222,1507.4697875976562,789.2274284362793
1702290758240,1509.8741149902344,793.0455207824707
1702290758264,1492.1726989746094,779.1068744659424
1702290758265,1480.2215576171875,768.0197811126709
1702290758267,1444.5619201660156,730.9739685058594
1702290758283,1451.8194580078125,728.3962154388428
1702290758289,1453.702392578125,723.338041305542
1702290758301,1454.2990112304688,718.4785652160645
1702290758311,1454.8300170898438,716.4611148834229
1702290758321,1453.8252258300781,717.3304510116577
1702290758332,1452.2322082519531,714.0871238708496
1702290758344,1451.9549560546875,717.0821857452393
1702290758355,1447.1701049804688,720.0214576721191
1702290758366,1448.5520935058594,720.5209922790527
1702290758377,1447.97607421875,719.5337677001953
1702290758411,1444.6469116210938,717.3563718795776
1702290758412,1453.7834167480469,722.8076934814453
1702290758422,1461.2532043457031,723.8525104522705
1702290758433,1455.6021118164062,719.7916460037231
1702290758445,1451.376953125,715.3884887695312
1702290758455,1450.5459594726562,714.3794631958008
1702290758466,1449.1220092773438,712.1033191680908
1702290758477,1455.0473022460938,709.3700838088989
1702290758488,1454.4572448730469,701.2797260284424
1702290758500,1459.5741271972656,709.2866134643555
1702290758511,1461.7167663574219,717.9587316513062
1702290758545,1459.4380187988281,721.483154296875
1702290758546,1454.42138671875,713.8345241546631
1702290758560,1440.7699584960938,705.7109498977661
1702290758566,1390.2346801757812,685.5101823806763
1702290758579,1372.5032043457031,677.4511957168579
1702290758589,1368.6622619628906,674.8839569091797
1702290758600,1375.8287048339844,678.4391069412231
1702290758611,1378.7667846679688,685.0560092926025
1702290758622,1375.093994140625,692.0582914352417
1702290758633,1376.6375732421875,694.741358757019
1702290758644,1374.3051147460938,691.0673332214355
1702290758680,1373.5365295410156,693.1714725494385
1702290758681,1373.116455078125,694.6030855178833
1702290758694,1378.9794921875,701.2111043930054
1702290758699,1376.3929748535156,750.7128810882568
1702290758710,1366.9993591308594,773.3158779144287
1702290758720,1372.2714233398438,809.022216796875
1702290758731,nan,nan
1702290758742,nan,nan
1702290758753,nan,nan
1702290758764,nan,nan
1702290758776,nan,nan
1702290758787,nan,nan
1702290758808,nan,nan
1702290758828,nan,nan
1702290758845,nan,nan
1702290758856,nan,nan
1702290758866,nan,nan
1702290758878,nan,nan
1702290758889,nan,nan
1702290758899,nan,nan
1702290758912,nan,nan
1702290758923,nan,nan
1702290758962,nan,nan
1702290758966,nan,nan
1702290758978,nan,nan
1702290758992,nan,nan
1702290759000,nan,nan
1702290759011,nan,nan
1702290759023,nan,nan
1702290759033,nan,nan
1702290759044,nan,nan
1702290759055,nan,nan
1702290759066,nan,nan
1702290759077,nan,nan
1702290759111,nan,nan
1702290759112,nan,nan
1702290759126,nan,nan
1702290759133,nan,nan
1702290759146,nan,nan
1702290759156,nan,nan
1702290759166,nan,nan
1702290759177,nan,nan
1702290759189,nan,nan
1702290759200,nan,nan
1702290759211,nan,nan
1702290759246,nan,nan
1702290759247,nan,nan
1702290759261,nan,nan
1702290759267,nan,nan
1702290759278,nan,nan
1702290759288,nan,nan
1702290759299,nan,nan
1702290759310,nan,nan
1702290759322,nan,nan
1702290759332,nan,nan
1702290759344,nan,nan
1702290759356,nan,nan
1702290759375,nan,nan
1702290759395,nan,nan
1702290759400,nan,nan
1702290759411,nan,nan
1702290759425,nan,nan
1702290759434,nan,nan
1702290759444,nan,nan
1702290759455,nan,nan
1702290759466,nan,nan
1702290759477,nan,nan
1702290759489,nan,nan
1702290759499,nan,nan
1702290759529,nan,nan
1702290759532,nan,nan
1702290759545,nan,nan
1702290759555,nan,nan
1702290759565,nan,nan
1702290759577,nan,nan
1702290759589,nan,nan
1702290759599,nan,nan
1702290759611,nan,nan
1702290759622,nan,nan
1702290759662,nan,nan
1702290759666,nan,nan
1702290759678,nan,nan
1702290759689,nan,nan
1702290759698,nan,nan
1702290759710,nan,nan
1702290759722,nan,nan
1702290759732,nan,nan
1702290759743,nan,nan
1702290759755,nan,nan
1702290759795,nan,nan
1702290759796,nan,nan
1702290759799,nan,nan
1702290759811,nan,nan
1702290759823,nan,nan
1702290759833,nan,nan
1702290759844,nan,nan
1702290759856,nan,nan
1702290759866,nan,nan
1702290759876,nan,nan
1702290759888,nan,nan
1702290759899,nan,nan
1702290759930,nan,nan
1702290759932,nan,nan
1702290759946,nan,nan
1702290759955,nan,nan
1702290759965,nan,nan
1702290759977,nan,nan
1702290759988,nan,nan
1702290759999,nan,nan
1702290760010,nan,nan
1702290760021,nan,nan
1702290760032,nan,nan
1702290760044,nan,nan
1702290760079,nan,nan
1702290760093,nan,nan
1702290760100,nan,nan
1702290760112,nan,nan
1702290760122,nan,nan
1702290760132,nan,nan
1702290760144,nan,nan
1702290760155,nan,nan
1702290760165,nan,nan
1702290760177,nan,nan
1702290760213,nan,nan
1702290760228,nan,nan
1702290760232,nan,nan
1702290760243,nan,nan
1702290760254,nan,nan
1702290760264,nan,nan
1702290760276,nan,nan
1702290760288,nan,nan
1702290760315,nan,nan
1702290760321,nan,nan
1702290760352,nan,nan
1702290760355,nan,nan
1702290760369,nan,nan
1702290760376,nan,nan
1702290760388,nan,nan
1702290760398,nan,nan
1702290760410,nan,nan
1702290760421,nan,nan
1702290760432,nan,nan
1702290760443,nan,nan
1702290760455,nan,nan
1702290760465,nan,nan
1702290760497,nan,nan
1702290760498,nan,nan
1702290760514,nan,nan
1702290760521,nan,nan
1702290760532,nan,nan
1702290760543,nan,nan
1702290760555,nan,nan
1702290760565,nan,nan
1702290760577,nan,nan
1702290760588,nan,nan
1702290760599,nan,nan
1702290760610,nan,nan
1702290760647,nan,nan
1702290760648,nan,nan
1702290760662,nan,nan
1702290760665,nan,nan
1702290760677,nan,nan
1702290760688,nan,nan
1702290760698,nan,nan
1702290760710,nan,nan
1702290760722,nan,nan
1702290760731,nan,nan
1702290760744,nan,nan
1702290760779,nan,nan
1702290760780,nan,nan
1702290760794,nan,nan
1702290760799,nan,nan
1702290760811,nan,nan
1702290760822,nan,nan
1702290760832,nan,nan
1702290760850,nan,nan
1702290760865,nan,nan
1702290760876,nan,nan
1702290760887,nan,nan
1702290760899,nan,nan
1702290760937,nan,nan
1702290760945,1796.7782592773438,743.9834117889404
1702290760956,1788.813247680664,697.988977432251
1702290760969,1790.2830505371094,705.4362916946411
1702290760980,1791.7288208007812,700.6167912483215
1702290760991,1782.2725677490234,705.1651954650879
1702290761001,1786.4549255371094,694.7034215927124
1702290761012,1788.3265686035156,691.6345024108887
1702290761023,1790.8972930908203,685.4413890838623
1702290761034,1793.6224365234375,682.5195407867432
1702290761046,1789.5301818847656,681.7910099029541
1702290761081,1795.3665161132812,676.9602656364441
1702290761082,1805.3431701660156,668.098418712616
1702290761096,1806.3912200927734,675.1114726066589
1702290761102,1796.2826538085938,676.4950203895569
1702290761113,1730.4306030273438,679.3578600883484
1702290761123,1682.0294189453125,681.0440683364868
1702290761134,1470.3053283691406,709.2782235145569
1702290761146,1433.2090759277344,714.0695285797119
1702290761156,1432.5432586669922,713.7346601486206
1702290761168,1411.2782287597656,716.259069442749
1702290761179,1414.0570831298828,711.480917930603
1702290761214,1414.1738891601562,713.6924314498901
1702290761215,1414.4685363769531,705.7637143135071
1702290761223,1411.4018249511719,703.233060836792
1702290761235,1417.0686340332031,703.9285254478455
1702290761247,1413.4973907470703,706.1908721923828
1702290761256,1410.4944610595703,708.3663582801819
1702290761268,1408.292236328125,718.5075759887695
1702290761279,1409.5808410644531,720.1211929321289
1702290761290,1415.7382202148438,722.2627973556519
1702290761301,1413.7684631347656,715.8623814582825
1702290761313,1386.2910461425781,677.398431301117
1702290761323,1366.5138244628906,682.5076746940613
1702290761334,1235.7218170166016,652.6289391517639
1702290761366,1148.6260986328125,777.544755935669
1702290761367,905.0657653808594,869.6156787872314
1702290761368,545.6682968139648,1004.8791360855103
1702290761384,536.9826889038086,1002.1853828430176
1702290761390,519.2740821838379,1004.3178033828735
1702290761401,528.0077934265137,1010.020694732666
1702290761412,520.8202171325684,1014.5156049728394
1702290761422,521.7132759094238,1013.0469989776611
1702290761434,518.7884521484375,1018.3881998062134
1702290761445,522.9240036010742,1022.0885753631592
1702290761456,520.4874229431152,1024.9473810195923
1702290761495,513.2666206359863,1018.9006948471069
1702290761496,517.4575424194336,1018.1714344024658
1702290761501,516.7867279052734,1018.5218811035156
1702290761512,508.41596603393555,1018.5266017913818
1702290761524,509.7652053833008,1019.2791652679443
1702290761534,512.7076721191406,1020.3578424453735
1702290761546,512.8747749328613,1022.6922225952148
1702290761556,511.3853454589844,1025.7497262954712
1702290761567,505.88348388671875,1029.6154117584229
1702290761579,507.354679107666,1027.9077243804932
1702290761589,510.7769584655762,1024.0542697906494
1702290761601,517.2101402282715,1016.5437841415405
1702290761612,516.4447593688965,1014.0225076675415
1702290761648,524.1720008850098,1021.4917945861816
1702290761649,718.271369934082,1099.941644668579
1702290761655,863.9828109741211,1149.8615026474
1702290761666,nan,nan
1702290761677,nan,nan
1702290761688,nan,nan
1702290761699,nan,nan
1702290761710,nan,nan
1702290761721,nan,nan
1702290761732,nan,nan
1702290761743,nan,nan
1702290761780,nan,nan
1702290761781,nan,nan
1702290761787,nan,nan
1702290761798,nan,nan
1702290761809,nan,nan
1702290761820,nan,nan
1702290761832,nan,nan
1702290761843,nan,nan
1702290761854,nan,nan
1702290761865,nan,nan
1702290761876,nan,nan
1702290761916,nan,nan
1702290761917,nan,nan
1702290761919,nan,nan
1702290761932,nan,nan
1702290761942,nan,nan
1702290761953,nan,nan
1702290761964,nan,nan
1702290761975,nan,nan
1702290761986,nan,nan
1702290761998,nan,nan
1702290762008,nan,nan
1702290762020,nan,nan
1702290762031,nan,nan
1702290762064,nan,nan
1702290762065,nan,nan
1702290762080,nan,nan
1702290762087,nan,nan
1702290762098,nan,nan
1702290762109,nan,nan
1702290762120,nan,nan
1702290762131,nan,nan
1702290762142,nan,nan
1702290762153,nan,nan
1702290762164,nan,nan
1702290762197,nan,nan
1702290762198,nan,nan
1702290762212,nan,nan
1702290762219,nan,nan
1702290762231,nan,nan
1702290762242,nan,nan
1702290762253,nan,nan
1702290762265,nan,nan
1702290762275,nan,nan
1702290762287,nan,nan
1702290762298,nan,nan
1702290762309,nan,nan
1702290762328,nan,nan
1702290762347,nan,nan
1702290762348,nan,nan
1702290762353,nan,nan
1702290762365,nan,nan
1702290762377,nan,nan
1702290762387,nan,nan
1702290762398,nan,nan
1702290762409,nan,nan
1702290762420,nan,nan
1702290762431,nan,nan
1702290762442,nan,nan
1702290762481,nan,nan
1702290762486,nan,nan
1702290762497,nan,nan
1702290762510,nan,nan
1702290762519,nan,nan
1702290762531,nan,nan
1702290762542,nan,nan
1702290762553,nan,nan
1702290762564,nan,nan
1702290762575,nan,nan
1702290762615,nan,nan
1702290762620,nan,nan
1702290762631,nan,nan
1702290762643,nan,nan
1702290762653,nan,nan
1702290762664,nan,nan
1702290762675,nan,nan
1702290762686,nan,nan
1702290762697,nan,nan
1702290762709,nan,nan
1702290762720,nan,nan
1702290762731,nan,nan
1702290762764,nan,nan
1702290762765,nan,nan
1702290762779,nan,nan
1702290762785,nan,nan
1702290762797,nan,nan
1702290762808,nan,nan
1702290762819,nan,nan
1702290762830,nan,nan
1702290762840,nan,nan
1702290762860,nan,nan
1702290762899,nan,nan
1702290762914,nan,nan
1702290762927,568.5840034484863,927.1147727966309
1702290762936,496.7193603515625,946.7839050292969
1702290762948,481.7142105102539,947.4397802352905
1702290762959,479.9130058288574,950.2291059494019
1702290762970,492.4824905395508,953.7630128860474
1702290762981,496.8699073791504,955.1581478118896
1702290762992,498.73632431030273,957.950005531311
1702290763003,504.4169616699219,965.6255435943604
1702290763015,511.37779235839844,969.7731828689575
1702290763050,580.2645492553711,950.9815406799316
1702290763051,905.435791015625,832.9119443893433
1702290763067,1246.8732070922852,711.6219592094421
1702290763070,1405.0769805908203,681.2654256820679
1702290763082,1420.4035186767578,685.2007412910461
1702290763093,1420.965576171875,688.8780283927917
1702290763104,1425.3369903564453,693.3551073074341
1702290763115,1426.855697631836,697.7540373802185
1702290763125,1425.453872680664,703.1098508834839
1702290763136,1424.8072052001953,704.3757891654968
1702290763147,1426.404037475586,700.3795552253723
1702290763182,1427.7535247802734,695.705258846283
1702290763183,1430.6317901611328,693.1236004829407
1702290763197,1431.1052703857422,697.0199918746948
1702290763203,1432.9236602783203,697.2244191169739
1702290763216,1435.1386260986328,698.4954214096069
1702290763225,1435.5889129638672,702.4976849555969
1702290763236,1434.9276733398438,710.4497051239014
1702290763247,1431.497802734375,708.7471461296082
1702290763258,1428.0318450927734,705.6027603149414
1702290763270,1423.1494903564453,701.2032508850098
