timestamp,x,y
1706174632579,1027.7212142944336,521.4925646781921
1706174632580,970.0149917602539,430.0903272628784
1706174632586,917.3552322387695,338.80842447280884
1706174632607,920.1093292236328,338.575222492218
1706174632608,927.6964569091797,332.9546642303467
1706174632619,931.5677642822266,329.2388069629669
1706174632630,929.6134567260742,328.21348428726196
1706174632641,928.8084030151367,328.2086992263794
1706174632652,923.2969665527344,325.8986520767212
1706174632664,919.6001052856445,326.7504572868347
1706174632675,917.3549652099609,328.7234902381897
1706174632686,921.5378570556641,332.08301067352295
1706174632697,928.4593200683594,341.6719722747803
1706174632708,945.9732437133789,404.5677351951599
1706174632747,1027.1619415283203,580.2846336364746
1706174632748,1072.0746612548828,692.7044677734375
1706174632753,1122.1804809570312,848.7338018417358
1706174632764,1124.1556549072266,852.0390558242798
1706174632775,1124.85107421875,839.8800230026245
1706174632786,1123.7474060058594,852.0369100570679
1706174632797,1122.1481704711914,853.4986066818237
1706174632808,1127.4274444580078,850.7196235656738
1706174632819,1135.0797653198242,853.2233905792236
1706174632831,1140.9454345703125,855.8970165252686
1706174632842,1136.5802383422852,865.1805067062378
1706174632853,1126.5101623535156,866.6073989868164
1706174632895,1109.7333908081055,847.2787570953369
1706174632897,824.2008590698242,436.2803077697754
1706174632913,712.9567718505859,313.3562135696411
1706174632919,559.834041595459,188.26858520507812
1706174632932,549.6461486816406,180.65356314182281
1706174632941,555.1614379882812,185.51349520683289
1706174632952,569.1333198547363,190.38536310195923
1706174632963,566.4631843566895,191.24979615211487
1706174632974,569.6870422363281,190.22715032100677
1706174632985,575.6020736694336,187.34956920146942
1706174632997,578.5029220581055,190.58904469013214
1706174633008,576.638011932373,194.54923510551453
1706174633043,581.0664367675781,197.24502682685852
1706174633053,454.6015739440918,151.46656930446625
1706174633064,415.27679443359375,138.37571024894714
1706174633077,385.76196670532227,135.3910231590271
1706174633086,372.80019760131836,126.46032929420471
1706174633097,371.61413192749023,128.58135044574738
1706174633108,371.9991874694824,133.74628722667694
1706174633120,371.23836517333984,139.5618098974228
1706174633130,369.15266036987305,139.75530982017517
1706174633141,363.8068962097168,137.51281142234802
1706174633152,365.18381118774414,133.48713755607605
1706174633163,364.36986923217773,133.54264855384827
1706174633198,366.9365692138672,132.32424437999725
1706174633199,372.3801803588867,132.88467586040497
1706174633208,379.59205627441406,133.39392006397247
1706174633229,411.2030601501465,123.08179199695587
1706174633230,422.155704498291,121.14615976810455
1706174633242,428.9863586425781,118.82782459259033
1706174633253,419.0668296813965,123.57065141201019
1706174633263,417.5510025024414,118.25993120670319
1706174633274,420.93130111694336,116.74162924289703
1706174633285,424.69640731811523,120.82756698131561
1706174633297,424.63884353637695,122.06517040729523
1706174633308,422.57240295410156,123.15743565559387
1706174633319,429.41699981689453,119.032182097435
1706174633330,437.0248794555664,123.16608309745789
1706174633341,479.9578666687012,119.40570116043091
1706174633377,598.8814353942871,106.59719288349152
1706174633378,646.009635925293,102.52466082572937
1706174633386,679.4287872314453,106.17389738559723
1706174633397,682.2272109985352,103.77624928951263
1706174633409,690.7931137084961,102.72706031799316
1706174633419,685.6918716430664,101.98251664638519
1706174633430,682.1316909790039,105.75934588909149
1706174633441,679.1604232788086,104.95444178581238
1706174633452,682.2311782836914,103.82224380970001
1706174633464,685.442008972168,101.93304598331451
1706174633475,687.0946884155273,104.21261787414551
1706174633486,691.3766479492188,106.79172277450562
1706174633527,693.7665176391602,107.88520038127899
1706174633528,695.5034637451172,107.64268040657043
1706174633530,746.2320327758789,110.35218894481659
1706174633544,838.2655715942383,107.93130218982697
1706174633552,1052.8312683105469,95.7812574505806
1706174633563,1089.6750259399414,86.40313893556595
1706174633574,1099.2897415161133,81.81417971849442
1706174633585,1084.787826538086,75.01105427742004
1706174633597,1084.6776962280273,71.26478880643845
1706174633608,1084.3527221679688,66.18691921234131
1706174633618,1088.2612228393555,63.2251113653183
1706174633630,1093.8082885742188,67.85123527050018
1706174633641,1091.5817260742188,69.95311081409454
1706174633678,1091.4287185668945,75.62132924795151
1706174633679,1088.13232421875,77.4089303612709
1706174633685,1094.8260116577148,86.97196304798126
1706174633697,1095.0465393066406,84.63558465242386
1706174633708,1112.081184387207,84.89646703004837
1706174633721,1199.7775268554688,79.62878286838531
1706174633730,1272.5984191894531,85.58447241783142
1706174633741,1339.934310913086,81.16900116205215
1706174633752,1428.3220672607422,80.90481162071228
1706174633763,1430.4718780517578,80.92560410499573
1706174633774,1434.7972869873047,82.28215545415878
1706174633785,1432.4906158447266,84.27482217550278
1706174633797,1434.5450592041016,81.5765118598938
1706174633808,1437.3953247070312,84.90320473909378
1706174633847,1441.0877990722656,83.75413835048676
1706174633852,1448.8575744628906,66.6077470779419
1706174633868,1450.6602478027344,70.71454167366028
1706174633875,1449.412841796875,75.52346616983414
1706174633884,1447.9452514648438,76.20573699474335
1706174633896,1444.3839263916016,74.85505431890488
1706174633907,1442.5700378417969,75.9184992313385
1706174633918,1444.5320129394531,74.66459602117538
1706174633929,1449.5267486572266,75.03137737512589
1706174633941,1454.587173461914,73.74699085950851
1706174633951,1475.8610534667969,71.87690913677216
1706174633994,1500.2452087402344,69.4280469417572
1706174633996,1572.6355743408203,62.614557445049286
1706174634012,1569.452133178711,62.49891936779022
1706174634018,1569.8534393310547,70.97417145967484
1706174634029,1573.6270141601562,71.10114991664886
1706174634041,1576.893310546875,71.6572093963623
1706174634051,1577.2640991210938,69.67626124620438
1706174634063,1576.3202667236328,64.73091155290604
1706174634074,1575.98388671875,67.03145295381546
1706174634085,1576.1957550048828,63.569885194301605
1706174634096,1575.4400634765625,68.02837640047073
1706174634107,1572.2261047363281,69.2452946305275
1706174634145,1594.0951538085938,74.03197020292282
1706174634146,1625.2252960205078,82.60255873203278
1706174634152,1720.1203918457031,84.3979811668396
1706174634163,1717.3126983642578,77.50319123268127
1706174634175,1714.7782135009766,78.84201049804688
1706174634185,1707.8292083740234,74.63105231523514
1706174634197,1706.5840148925781,75.95202684402466
1706174634208,1709.3562316894531,76.37128561735153
1706174634218,1713.3409118652344,79.74448531866074
1706174634230,1718.1063842773438,82.82911688089371
1706174634241,1720.1400756835938,83.56912225484848
1706174634251,1722.2223663330078,85.32052159309387
1706174634262,1721.2728881835938,82.55072772502899
1706174634308,1718.6681365966797,85.68697035312653
1706174634309,1718.92333984375,87.24036365747452
1706174634318,1506.1019897460938,119.30391132831573
1706174634329,1402.8115844726562,126.49599730968475
1706174634340,1191.0174942016602,163.04799377918243
1706174634351,797.2211456298828,237.26794123649597
1706174634362,736.483268737793,246.86062574386597
1706174634374,650.6034088134766,258.53729009628296
1706174634385,583.038272857666,254.04982566833496
1706174634396,585.4360198974609,254.98826622962952
1706174634407,584.4096565246582,260.3210234642029
1706174634418,584.6592330932617,271.25298857688904
1706174634430,581.434497833252,269.01134848594666
1706174634469,580.3657531738281,263.94927978515625
1706174634470,576.7083168029785,267.3164927959442
1706174634474,573.3369827270508,271.33591175079346
1706174634490,573.5288429260254,273.64977836608887
1706174634496,564.0888404846191,268.12581181526184
1706174634507,523.1254768371582,263.9012145996094
1706174634518,413.19313049316406,255.07376432418823
1706174634530,366.4889907836914,258.8421070575714
1706174634541,343.93564224243164,264.11335587501526
1706174634552,328.00670623779297,264.92931604385376
1706174634563,329.734411239624,262.42563486099243
1706174634574,334.0043067932129,258.29556941986084
1706174634585,332.4715328216553,255.10777473449707
1706174634624,330.982084274292,253.41649174690247
1706174634625,328.9850425720215,258.1001114845276
1706174634630,331.21365547180176,245.78364372253418
1706174634641,324.60256576538086,238.81958842277527
1706174634653,325.5148220062256,238.13767433166504
1706174634662,320.82268714904785,235.88167905807495
1706174634673,318.5026454925537,237.90229439735413
1706174634685,278.18861961364746,236.1408019065857
1706174634695,261.73155784606934,240.07810235023499
1706174634707,254.3101978302002,238.43050718307495
1706174634718,261.0462951660156,233.37753653526306
1706174634729,259.9246406555176,231.90691351890564
1706174634740,260.91151237487793,232.39288687705994
1706174634751,265.13309478759766,238.02830457687378
1706174634776,267.3918151855469,237.6370882987976
1706174634800,264.1469097137451,238.000248670578
1706174634801,260.6946849822998,240.7622480392456
1706174634807,264.7075653076172,244.87820506095886
1706174634818,269.6437358856201,240.35895109176636
1706174634830,269.0878391265869,236.50169849395752
1706174634841,270.9355163574219,230.68085432052612
1706174634851,353.12463760375977,225.60290694236755
1706174634862,421.1045265197754,222.75887489318848
1706174634873,500.03164291381836,215.88728070259094
1706174634884,577.2927474975586,224.33428645133972
1706174634896,581.3428497314453,221.82828783988953
1706174634906,579.6841049194336,227.46095895767212
1706174634948,584.3546104431152,237.09782481193542
1706174634949,584.4825553894043,238.3696746826172
1706174634951,592.1094703674316,233.96955370903015
1706174634964,593.1337547302246,230.88372588157654
1706174634973,593.2608032226562,234.1553235054016
1706174634986,590.1728820800781,225.09536862373352
1706174634995,590.1043891906738,227.28036046028137
1706174635006,600.6615829467773,231.17440223693848
1706174635018,661.9194412231445,212.74274468421936
1706174635028,700.9951782226562,216.82003498077393
1706174635039,727.584228515625,215.70375323295593
1706174635051,725.2505874633789,226.61184668540955
1706174635072,722.4904632568359,226.59093618392944
1706174635094,726.2536239624023,225.80453395843506
1706174635095,729.5899200439453,218.17532300949097
1706174635112,726.4653778076172,215.56446075439453
1706174635117,729.1535949707031,216.77211999893188
1706174635128,757.9302215576172,259.4663643836975
1706174635140,830.7038497924805,347.34696865081787
1706174635151,1038.8769149780273,558.0585622787476
1706174635162,1111.768684387207,643.6937284469604
1706174635173,1149.4513320922852,690.6557321548462
1706174635184,1155.8933639526367,728.0548238754272
1706174635195,1157.5082778930664,718.9189195632935
1706174635206,1160.2819061279297,714.4992828369141
1706174635244,1160.771598815918,713.8921165466309
1706174635251,1169.8442840576172,722.0943117141724
1706174635266,1171.3177108764648,722.2104835510254
1706174635273,1166.8825912475586,724.7587966918945
1706174635285,1163.862075805664,724.1892242431641
1706174635296,1165.4125595092773,721.4097261428833
1706174635306,1170.3461837768555,736.5002202987671
1706174635317,1171.4345932006836,819.2996692657471
1706174635329,1171.8318176269531,876.7693662643433
1706174635340,1175.3203964233398,919.635443687439
1706174635350,1184.3812561035156,929.5784568786621
1706174635362,1190.7841873168945,929.7389602661133
1706174635373,1190.0275421142578,928.2058095932007
1706174635415,1192.2515869140625,933.4225559234619
1706174635417,1184.6766662597656,923.6732196807861
1706174635434,1182.0348739624023,922.8192043304443
1706174635440,1176.6178131103516,924.1168785095215
1706174635451,1181.2439727783203,922.5306844711304
1706174635462,1180.6510162353516,923.9735412597656
1706174635473,1184.633560180664,917.7148103713989
1706174635484,1202.9399490356445,979.9397420883179
1706174635494,1214.1191482543945,993.5807275772095
1706174635505,1227.276954650879,1050.9149837493896
1706174635516,nan,nan
1706174635527,nan,nan
1706174635561,nan,nan
1706174635562,nan,nan
1706174635571,nan,nan
1706174635582,nan,nan
1706174635596,887.9138946533203,1283.298568725586
1706174635605,1204.3143463134766,1104.0399742126465
1706174635616,1232.096176147461,1120.5038452148438
1706174635628,1279.2301940917969,1045.022792816162
1706174635639,1239.4670104980469,1013.3580923080444
1706174635650,1238.4269332885742,984.1944980621338
1706174635662,1227.4624252319336,966.6327667236328
1706174635673,1231.0702514648438,957.7790307998657
1706174635713,1222.1427536010742,927.8527450561523
1706174635714,1230.7059860229492,943.3526086807251
1706174635717,1230.0225448608398,965.6925344467163
1706174635729,1230.2098846435547,970.1637125015259
1706174635741,1229.8038864135742,972.267165184021
1706174635750,1234.7626113891602,978.683009147644
1706174635761,1232.5426483154297,976.5148830413818
1706174635772,1229.6920013427734,973.5969829559326
1706174635783,1227.7412033081055,965.8822631835938
1706174635795,1234.0320587158203,958.9695882797241
1706174635806,1230.3952026367188,963.0422115325928
1706174635818,1231.5578079223633,962.6440000534058
1706174635828,1226.7818450927734,968.2570266723633
1706174635840,1232.587547302246,957.6453924179077
1706174635886,1239.311637878418,962.9780960083008
1706174635888,1244.0605545043945,962.1151113510132
1706174635895,1242.997932434082,969.6224212646484
1706174635908,1241.5706634521484,969.5745277404785
1706174635917,1244.7323608398438,971.7281913757324
1706174635929,1240.592041015625,975.9996843338013
1706174635940,1241.6902542114258,969.0269708633423
1706174635950,1242.7047729492188,963.3797407150269
1706174635961,1246.2784957885742,953.7627983093262
1706174635972,1247.0849609375,955.6169986724854
1706174635983,1239.6898651123047,950.0405359268188
1706174635995,1243.4153747558594,956.3552713394165
1706174636032,1242.4861907958984,957.3152875900269
1706174636039,1252.6974868774414,961.3515186309814
1706174636050,1248.4146118164062,959.4890785217285
1706174636061,1217.2559356689453,953.9882755279541
1706174636073,1311.6595458984375,992.9904270172119
1706174636082,1402.180404663086,1064.8791217803955
1706174636093,1683.9710235595703,1152.4465084075928
1706174636104,nan,nan
1706174636115,nan,nan
1706174636126,nan,nan
1706174636137,nan,nan
1706174636148,nan,nan
1706174636160,nan,nan
1706174636199,nan,nan
1706174636200,nan,nan
1706174636204,nan,nan
1706174636217,nan,nan
1706174636226,nan,nan
1706174636238,1684.761962890625,1327.2708320617676
1706174636248,1684.761962890625,1327.2708320617676
1706174636260,1684.761962890625,1327.2708320617676
1706174636272,1423.0254364013672,871.3836193084717
1706174636283,1305.9389114379883,957.8685522079468
1706174636294,1269.4524765014648,917.5249528884888
1706174636306,1220.414924621582,894.749436378479
1706174636323,1197.7581405639648,790.5347585678101
1706174636367,1207.5292587280273,800.1111888885498
1706174636368,1209.3187713623047,812.7539205551147
1706174636372,1194.4598007202148,821.404881477356
1706174636385,1186.4863586425781,822.8700971603394
1706174636395,1191.3134002685547,821.7948532104492
1706174636406,1189.1839599609375,816.9571352005005
1706174636417,1194.8527908325195,816.5590524673462
1706174636428,1196.4469909667969,816.9878196716309
1706174636439,1202.414779663086,820.3829383850098
1706174636450,1203.2347106933594,817.2385311126709
1706174636462,1206.8414306640625,817.0634365081787
1706174636473,1209.3468856811523,825.0455188751221
1706174636483,1209.081039428711,824.7766542434692
1706174636495,1208.0816650390625,829.6899032592773
1706174636534,1200.5874252319336,815.5486536026001
1706174636539,1434.7100067138672,962.2306394577026
1706174636550,1875.5322265625,1107.6402711868286
1706174636559,1952.6375579833984,1120.3984451293945
1706174636570,1834.8680114746094,869.8639869689941
1706174636581,nan,nan
1706174636593,nan,nan
1706174636604,nan,nan
1706174636615,nan,nan
1706174636626,nan,nan
1706174636637,nan,nan
1706174636648,nan,nan
1706174636658,nan,nan
1706174636695,nan,nan
1706174636696,nan,nan
1706174636702,nan,nan
1706174636713,nan,nan
1706174636726,nan,nan
1706174636735,nan,nan
1706174636746,nan,nan
1706174636758,nan,nan
1706174636769,nan,nan
1706174636780,nan,nan
1706174636791,nan,nan
1706174636802,nan,nan
1706174636825,nan,nan
1706174636845,nan,nan
1706174636846,nan,nan
1706174636847,nan,nan
1706174636858,nan,nan
1706174636877,nan,nan
1706174636880,nan,nan
1706174636893,nan,nan
1706174636902,nan,nan
1706174636913,nan,nan
1706174636925,nan,nan
1706174636936,nan,nan
1706174636947,nan,nan
1706174636957,nan,nan
1706174636974,nan,nan
1706174637017,nan,nan
1706174637018,nan,nan
1706174637036,nan,nan
1706174637038,nan,nan
1706174637049,nan,nan
1706174637059,nan,nan
1706174637071,nan,nan
1706174637082,nan,nan
1706174637093,nan,nan
1706174637106,nan,nan
1706174637115,nan,nan
1706174637127,nan,nan
1706174637138,nan,nan
1706174637182,nan,nan
1706174637198,nan,nan
1706174637205,nan,nan
1706174637216,nan,nan
1706174637227,nan,nan
1706174637238,nan,nan
1706174637249,nan,nan
1706174637260,nan,nan
1706174637271,nan,nan
1706174637282,nan,nan
1706174637294,nan,nan
1706174637330,nan,nan
1706174637331,nan,nan
1706174637339,nan,nan
1706174637348,nan,nan
1706174637361,nan,nan
1706174637372,nan,nan
1706174637382,nan,nan
1706174637394,nan,nan
1706174637405,nan,nan
1706174637414,nan,nan
1706174637427,nan,nan
1706174637467,nan,nan
1706174637468,nan,nan
1706174637471,nan,nan
1706174637489,nan,nan
1706174637493,nan,nan
1706174637505,nan,nan
1706174637516,nan,nan
1706174637527,nan,nan
1706174637537,nan,nan
1706174637556,nan,nan
1706174637575,nan,nan
1706174637593,nan,nan
1706174637624,nan,nan
1706174637625,nan,nan
1706174637629,nan,nan
1706174637641,1297.6621627807617,821.458568572998
1706174637654,1313.436508178711,795.081467628479
1706174637664,1312.12646484375,795.6429719924927
1706174637675,1315.6333923339844,790.9564447402954
1706174637686,1323.6231231689453,793.4984064102173
1706174637697,1326.7173767089844,798.294882774353
1706174637708,1326.2470245361328,798.3806276321411
1706174637719,1261.5512466430664,783.2364463806152
1706174637761,1241.5127563476562,778.4306144714355
1706174637762,1214.4096755981445,779.0110874176025
1706174637764,1183.7585067749023,776.8806409835815
1706174637777,1193.8010025024414,772.0205640792847
1706174637786,1210.742073059082,758.9469623565674
1706174637797,1205.5826568603516,756.6459703445435
1706174637809,1199.5356750488281,760.5299377441406
1706174637820,1196.828498840332,766.9214487075806
1706174637831,1194.975700378418,773.085036277771
1706174637842,1192.5539779663086,772.2233390808105
1706174637853,1192.246437072754,770.6274461746216
1706174637864,1196.4594650268555,768.604588508606
1706174637876,1204.713249206543,762.4074411392212
1706174637912,1205.4232025146484,770.5630302429199
1706174637913,1197.2299575805664,770.3894376754761
1706174637920,1190.6393432617188,759.5640420913696
1706174637931,1194.3284606933594,756.5031909942627
1706174637944,1196.6815567016602,759.2746210098267
1706174637953,1244.862289428711,771.6680145263672
1706174637965,1262.9763412475586,774.7694635391235
1706174637975,1276.1920166015625,776.2961339950562
1706174637986,1264.3735885620117,777.8692388534546
1706174637997,1264.88037109375,783.1970500946045
1706174638008,1261.6793823242188,786.6595458984375
1706174638019,1268.153953552246,782.4533700942993
1706174638041,1264.2221450805664,777.8193283081055
1706174638062,1270.6328964233398,775.6775522232056
1706174638064,1264.042854309082,772.2173309326172
1706174638079,1263.3133697509766,776.5413093566895
1706174638086,1267.6591110229492,788.182225227356
1706174638098,1266.8307876586914,790.2718162536621
1706174638108,1265.2725219726562,785.6013822555542
1706174638119,1265.8315658569336,784.2555141448975
1706174638131,1269.962501525879,779.0681219100952
1706174638142,1272.9631042480469,778.8154792785645
1706174638153,1269.729881286621,776.246395111084
1706174638164,1264.148292541504,781.6097831726074
1706174638175,1261.574478149414,783.8997459411621
1706174638210,1260.1456451416016,782.7440786361694
1706174638211,1264.578514099121,776.0236644744873
1706174638226,1263.2534408569336,786.3496541976929
1706174638232,1275.4819107055664,826.4536571502686
1706174638242,1328.4478759765625,899.6020889282227
1706174638253,1499.6092987060547,1046.3542413711548
1706174638264,1540.7064819335938,1068.4074068069458
1706174638275,1571.2188720703125,1069.8737382888794
1706174638286,1553.8119506835938,1060.1214408874512
1706174638298,1560.0093078613281,1060.8822441101074
1706174638309,1560.8275604248047,1056.0307502746582
1706174638320,1564.7762298583984,1062.0962762832642
1706174638338,1559.8030090332031,1061.4996671676636
1706174638362,1559.2930603027344,1064.4724559783936
1706174638363,1558.4664916992188,1062.945055961609
1706174638378,1561.2598419189453,1133.5977029800415
1706174638384,1552.476577758789,1238.3998489379883
1706174638397,1747.5430297851562,1314.2646932601929
1706174638406,nan,nan
1706174638417,nan,nan
1706174638429,nan,nan
1706174638439,nan,nan
1706174638450,nan,nan
1706174638462,nan,nan
1706174638473,nan,nan
1706174638484,nan,nan
1706174638516,nan,nan
1706174638518,1718.067626953125,1307.2274351119995
1706174638534,1683.2733154296875,1299.6398735046387
1706174638541,1546.366195678711,1068.9239358901978
1706174638553,1421.4292907714844,1052.6589345932007
1706174638564,1398.7638092041016,1017.6725435256958
1706174638575,1368.5182189941406,1026.5508270263672
1706174638586,1369.3323516845703,987.3602771759033
1706174638597,1377.8713989257812,1000.166130065918
1706174638608,1385.608901977539,1004.390459060669
1706174638645,1377.8571319580078,1014.8463535308838
1706174638646,1378.641128540039,1014.9013710021973
1706174638653,1373.0252075195312,1015.1624250411987
1706174638664,1373.6443328857422,1011.3689661026001
1706174638675,1443.1326293945312,1040.1224184036255
1706174638686,1585.4435729980469,1126.7826175689697
1706174638697,1585.6193542480469,1190.472207069397
1706174638708,1464.2256164550781,1271.3181495666504
1706174638719,1587.1955871582031,1416.6417789459229
1706174638728,1678.2463073730469,1343.0763816833496
1706174638739,1747.462158203125,1375.8861064910889
1706174638750,nan,nan
1706174638761,nan,nan
1706174638800,nan,nan
1706174638801,nan,nan
1706174638806,nan,nan
1706174638817,nan,nan
1706174638827,nan,nan
1706174638838,nan,nan
1706174638849,nan,nan
1706174638860,nan,nan
1706174638871,nan,nan
1706174638883,nan,nan
1706174638894,nan,nan
1706174638905,nan,nan
1706174638928,nan,nan
1706174638949,nan,nan
1706174638950,1710.028076171875,1073.8616466522217
1706174638968,1445.3765869140625,1063.6432456970215
1706174638974,1264.487190246582,896.0547924041748
1706174638986,1196.3737869262695,888.5643911361694
1706174638997,1216.6606140136719,867.9043436050415
1706174639008,1215.6835174560547,884.4497537612915
1706174639019,1210.8413696289062,877.3546457290649
1706174639030,1218.3654403686523,895.5225563049316
1706174639041,1216.2852478027344,894.0079021453857
1706174639052,1219.6326065063477,886.4955282211304
1706174639064,1213.183708190918,882.8656625747681
1706174639098,1216.4160537719727,893.5699510574341
1706174639099,1219.3428039550781,897.4866628646851
1706174639108,1220.2502059936523,889.9446773529053
1706174639119,1219.7703170776367,890.3260231018066
1706174639131,1222.0627975463867,896.8846893310547
1706174639141,1228.099479675293,898.5089063644409
1706174639152,1220.1520919799805,896.9343852996826
1706174639164,1217.263069152832,892.4033403396606
1706174639175,1216.9801712036133,890.5996084213257
1706174639185,1216.3621520996094,889.1574382781982
1706174639197,1220.9483337402344,894.3156909942627
1706174639208,1219.9065399169922,896.3634395599365
1706174639249,1218.7716674804688,897.8581809997559
1706174639251,1213.4024810791016,904.0778589248657
1706174639268,1216.6027069091797,906.7708826065063
1706174639276,1275.1432418823242,969.6507883071899
1706174639285,1410.1835632324219,1136.9306802749634
1706174639296,1558.8185119628906,1319.820556640625
1706174639306,nan,nan
1706174639316,nan,nan
1706174639328,nan,nan
1706174639339,nan,nan
1706174639350,nan,nan
1706174639361,nan,nan
1706174639400,nan,nan
1706174639401,nan,nan
1706174639404,nan,nan
1706174639419,nan,nan
1706174639426,nan,nan
1706174639443,nan,nan
1706174639464,nan,nan
1706174639475,nan,nan
1706174639485,nan,nan
1706174639497,nan,nan
1706174639508,nan,nan
1706174639547,nan,nan
1706174639552,nan,nan
1706174639564,nan,nan
1706174639576,nan,nan
1706174639585,nan,nan
1706174639597,nan,nan
1706174639608,nan,nan
1706174639618,nan,nan
1706174639631,nan,nan
1706174639642,nan,nan
1706174639652,nan,nan
1706174639664,nan,nan
1706174639698,nan,nan
1706174639699,nan,nan
1706174639714,nan,nan
1706174639718,nan,nan
1706174639732,nan,nan
1706174639742,nan,nan
1706174639750,nan,nan
1706174639763,nan,nan
1706174639774,nan,nan
1706174639784,nan,nan
1706174639797,nan,nan
1706174639834,nan,nan
1706174639841,nan,nan
1706174639851,nan,nan
1706174639865,nan,nan
1706174639875,nan,nan
1706174639885,nan,nan
1706174639896,nan,nan
1706174639908,nan,nan
1706174639918,nan,nan
1706174639930,nan,nan
1706174639941,nan,nan
1706174639959,nan,nan
1706174639981,nan,nan
1706174639982,nan,nan
1706174639985,nan,nan
1706174639997,nan,nan
1706174640009,nan,nan
1706174640018,nan,nan
1706174640030,nan,nan
1706174640041,nan,nan
1706174640052,nan,nan
1706174640063,nan,nan
1706174640081,nan,nan
1706174640114,nan,nan
1706174640118,nan,nan
1706174640132,nan,nan
1706174640141,nan,nan
1706174640152,nan,nan
1706174640163,nan,nan
1706174640174,nan,nan
1706174640185,nan,nan
1706174640197,nan,nan
1706174640208,1351.3751220703125,805.1936531066895
1706174640220,1387.1871948242188,782.3408031463623
1706174640232,1397.0365905761719,782.0583343505859
1706174640280,1394.4481658935547,812.1532773971558
1706174640281,1401.0252380371094,803.8289022445679
1706174640287,1402.3023223876953,811.2062215805054
1706174640299,1400.6981658935547,815.6631517410278
1706174640313,1405.7659149169922,814.1678094863892
1706174640321,1408.6488342285156,818.306393623352
1706174640332,1391.4756774902344,819.0023946762085
1706174640343,1346.1592864990234,830.6226682662964
1706174640354,1240.8192443847656,858.5379838943481
1706174640366,1220.6832122802734,863.1693649291992
1706174640377,1225.366439819336,865.7371187210083
1706174640388,1222.3766708374023,861.7230319976807
1706174640399,1227.1208953857422,857.7259826660156
1706174640440,1223.9793395996094,860.870475769043
1706174640443,1220.8195495605469,858.4262323379517
1706174640459,1221.4938354492188,854.3612909317017
1706174640466,1222.4588775634766,854.0772342681885
1706174640477,1220.790023803711,853.2617568969727
1706174640488,1223.4999084472656,852.3804473876953
1706174640499,1219.0441513061523,849.1582345962524
1706174640509,1224.1843032836914,851.1068487167358
1706174640520,1228.2092666625977,848.4851932525635
1706174640532,1226.842155456543,847.7386379241943
1706174640543,1223.5097122192383,854.5099067687988
1706174640554,1224.747314453125,858.6076354980469
1706174640581,1228.620719909668,856.8528699874878
1706174640608,1227.220802307129,852.2210168838501
1706174640609,1217.222785949707,844.8097944259644
1706174640610,1203.0799865722656,835.9167051315308
1706174640626,1175.0482559204102,821.1429691314697
1706174640632,1169.3584823608398,825.331335067749
1706174640643,1173.6816787719727,821.5857696533203
1706174640654,1174.459114074707,824.4837999343872
1706174640665,1175.4877471923828,825.3848934173584
1706174640676,1173.5734939575195,825.715126991272
1706174640688,1173.9383697509766,826.7405033111572
1706174640698,1170.0738906860352,817.4014806747437
1706174640709,1170.3041458129883,819.8173570632935
1706174640721,1169.249267578125,817.1487951278687
1706174640732,1169.4546508789062,818.8032674789429
1706174640780,1166.6522598266602,817.8496885299683
1706174640781,1106.7195129394531,817.0015096664429
1706174640788,701.7076873779297,786.4213228225708
1706174640803,683.5319900512695,776.935830116272
1706174640811,679.9288940429688,777.2119045257568
1706174640821,692.1682357788086,785.0228404998779
1706174640832,690.7149505615234,783.6915636062622
1706174640843,690.6328201293945,773.4787845611572
1706174640854,690.1421737670898,766.2355756759644
1706174640866,695.5123519897461,769.7050666809082
1706174640877,697.4366760253906,777.0135927200317
1706174640887,696.3445663452148,777.7222537994385
1706174640898,690.9680557250977,775.6022357940674
1706174640935,689.3872451782227,767.5300312042236
1706174640936,687.9624176025391,761.1660289764404
1706174640942,663.8919830322266,775.9798049926758
1706174640954,607.3068428039551,793.5866403579712
1706174640965,583.6259078979492,796.5053129196167
1706174640976,581.8355560302734,797.5135660171509
1706174640987,589.0741157531738,796.7064142227173
1706174640998,590.0760269165039,792.6967477798462
1706174641009,597.6517105102539,788.2738924026489
1706174641020,600.0497245788574,788.8960790634155
1706174641031,600.607738494873,793.2441759109497
1706174641043,599.7297668457031,788.3472347259521
1706174641054,600.3376770019531,787.4790143966675
1706174641085,598.2019805908203,784.7876214981079
1706174641087,594.2839241027832,788.5361909866333
1706174641103,591.5735244750977,789.1516399383545
1706174641109,586.9476127624512,786.9062662124634
1706174641120,588.7070846557617,786.83434009552
1706174641132,557.863655090332,819.0881824493408
1706174641143,516.64306640625,859.6545553207397
1706174641154,410.4397201538086,942.4657201766968
1706174641165,398.1485939025879,943.1902599334717
1706174641176,401.71255111694336,944.889965057373
1706174641187,414.4978904724121,944.3511199951172
1706174641198,412.3476219177246,945.1393890380859
1706174641234,411.7970275878906,941.8043947219849
1706174641251,412.42528915405273,947.7772235870361
1706174641253,409.75337982177734,937.3754453659058
1706174641264,410.9088706970215,936.2091779708862
1706174641275,408.10827255249023,934.3972063064575
1706174641286,410.08419036865234,944.4348478317261
1706174641297,410.48688888549805,948.2628107070923
1706174641309,412.87206649780273,952.1466064453125
1706174641320,410.54832458496094,954.679856300354
1706174641331,409.55013275146484,953.9867305755615
1706174641342,412.19173431396484,952.3096418380737
1706174641361,417.4408149719238,946.2896490097046
1706174641383,421.5299987792969,943.9106369018555
1706174641387,426.9961738586426,953.0339241027832
1706174641400,449.466495513916,950.33935546875
1706174641409,526.4774894714355,925.1699781417847
1706174641420,822.9515838623047,851.7129850387573
1706174641431,955.6974029541016,835.0078868865967
1706174641442,1009.4829559326172,829.3209171295166
1706174641454,1035.3251266479492,825.7149124145508
1706174641465,1029.237289428711,824.1227102279663
1706174641476,1034.1017150878906,813.7098169326782
1706174641514,1036.7448425292969,816.718053817749
1706174641515,1039.2491149902344,823.3605766296387
1706174641520,1045.9870910644531,825.3148984909058
1706174641531,1053.9730072021484,818.0663681030273
1706174641542,1052.4877548217773,821.9185781478882
1706174641553,1049.0317153930664,820.3592920303345
1706174641565,1050.599365234375,826.2703227996826
1706174641576,1046.7527389526367,829.337568283081
1706174641587,1044.8408889770508,827.9485273361206
1706174641598,1040.7303619384766,821.5546560287476
1706174641609,1040.7925415039062,817.5696229934692
1706174641620,1038.5613632202148,813.50013256073
1706174641631,1038.5216522216797,816.3715124130249
1706174641664,1036.8594360351562,813.4663581848145
1706174641665,1043.3272171020508,814.0742111206055
1706174641680,1068.8917922973633,834.5509243011475
1706174641685,1075.0957870483398,879.1970872879028
1706174641696,1338.1092834472656,942.4516010284424
1706174641707,nan,nan
1706174641718,nan,nan
1706174641729,nan,nan
1706174641740,nan,nan
1706174641751,nan,nan
1706174641762,nan,nan
1706174641774,1462.47802734375,1074.4295024871826
1706174641815,1462.47802734375,1074.4295024871826
1706174641820,1128.9385986328125,932.5139951705933
1706174641832,1130.6339263916016,892.6173162460327
1706174641842,1132.5279235839844,841.2432718276978
1706174641853,1130.4604721069336,760.1260614395142
1706174641864,1152.7502059936523,746.9396781921387
1706174641875,1154.6969985961914,760.1848554611206
1706174641887,1151.865005493164,759.1184091567993
1706174641898,1152.6608276367188,754.3929147720337
1706174641909,1179.8053741455078,765.650897026062
1706174641951,1247.7740097045898,768.9375257492065
1706174641953,1259.975700378418,766.12961769104
1706174641970,1261.7772674560547,772.3212289810181
1706174641976,1261.2713241577148,760.5661153793335
1706174641987,1260.7176208496094,760.6677603721619
1706174641998,1265.4414367675781,761.5495204925537
1706174642008,1266.4385223388672,767.5305032730103
1706174642019,1271.843376159668,785.7827854156494
1706174642030,1244.3860626220703,805.3829097747803
1706174642042,1288.2614517211914,890.263237953186
1706174642052,1395.5343627929688,1258.3260869979858
1706174642063,1577.8569793701172,1342.3772478103638
1706174642106,nan,nan
1706174642107,nan,nan
1706174642124,nan,nan
1706174642129,nan,nan
1706174642140,nan,nan
1706174642151,nan,nan
1706174642162,nan,nan
1706174642173,nan,nan
1706174642184,nan,nan
1706174642196,nan,nan
1706174642207,nan,nan
1706174642231,nan,nan
1706174642251,nan,nan
1706174642252,nan,nan
1706174642269,nan,nan
1706174642274,nan,nan
1706174642285,nan,nan
1706174642296,nan,nan
1706174642307,nan,nan
1706174642318,nan,nan
1706174642330,nan,nan
1706174642341,nan,nan
1706174642352,nan,nan
1706174642363,nan,nan
1706174642402,nan,nan
1706174642406,nan,nan
1706174642418,nan,nan
1706174642427,nan,nan
1706174642440,nan,nan
1706174642451,nan,nan
1706174642462,nan,nan
1706174642473,nan,nan
1706174642484,nan,nan
1706174642496,nan,nan
1706174642507,nan,nan
1706174642546,nan,nan
1706174642547,nan,nan
1706174642551,nan,nan
1706174642562,nan,nan
1706174642576,nan,nan
1706174642585,nan,nan
1706174642595,nan,nan
1706174642605,nan,nan
1706174642617,nan,nan
1706174642628,nan,nan
1706174642639,nan,nan
1706174642650,nan,nan
1706174642686,nan,nan
1706174642694,nan,nan
1706174642705,nan,nan
1706174642717,nan,nan
1706174642728,nan,nan
1706174642739,nan,nan
1706174642749,nan,nan
1706174642760,nan,nan
1706174642771,nan,nan
1706174642782,nan,nan
1706174642795,nan,nan
1706174642834,nan,nan
1706174642835,nan,nan
1706174642840,nan,nan
1706174642850,nan,nan
1706174642863,nan,nan
1706174642874,841.9637298583984,813.4112548828125
1706174642885,851.3713073730469,891.6088485717773
1706174642897,847.6403045654297,883.4195709228516
1706174642908,846.5594863891602,885.1588869094849
1706174642919,839.6127700805664,870.8492374420166
1706174642930,842.8618240356445,874.6790027618408
1706174642942,848.4527587890625,887.4684619903564
1706174642962,846.685905456543,883.760232925415
1706174642985,845.4191970825195,881.2041521072388
1706174642986,839.9123764038086,871.9630193710327
1706174643002,845.961799621582,884.38645362854
1706174643008,841.7279815673828,884.6491813659668
1706174643019,842.3047256469727,876.6693305969238
1706174643030,838.1076812744141,871.6053199768066
1706174643041,797.6044082641602,867.3673009872437
1706174643052,647.4391937255859,863.0770969390869
1706174643064,578.3557891845703,854.0075397491455
1706174643075,547.9003524780273,854.1616487503052
1706174643086,526.0684013366699,852.2842311859131
1706174643097,523.135871887207,855.1581001281738
1706174643137,522.4215507507324,856.0661458969116
1706174643138,512.1681022644043,857.2067499160767
1706174643142,514.748649597168,856.1282014846802
1706174643154,519.397087097168,854.7514343261719
1706174643164,526.8673133850098,859.538984298706
1706174643175,527.0410346984863,866.3623094558716
1706174643186,521.4227294921875,878.7834692001343
1706174643196,495.60447692871094,896.7413091659546
1706174643207,466.7854690551758,918.3006906509399
1706174643218,429.4708824157715,952.9987335205078
1706174643230,434.31570053100586,952.0810747146606
1706174643241,437.0418167114258,954.1980886459351
1706174643252,438.54400634765625,950.206789970398
1706174643285,442.49996185302734,951.4737796783447
1706174643286,446.5170478820801,952.1715402603149
1706174643302,442.2220802307129,948.3023357391357
1706174643308,441.64831161499023,942.5096654891968
1706174643319,438.7783622741699,939.5939111709595
1706174643330,439.5587921142578,943.7248134613037
1706174643341,442.2744941711426,948.7074136734009
1706174643352,445.13572692871094,952.8441095352173
1706174643363,442.6115036010742,950.5312728881836
1706174643374,436.9948196411133,941.7458152770996
1706174643386,433.38483810424805,936.6665697097778
1706174643397,440.34740447998047,941.2179136276245
1706174643437,488.98847579956055,929.7958660125732
1706174643438,725.6815338134766,869.4349193572998
1706174643439,883.7654876708984,837.4839735031128
1706174643441,999.8323440551758,819.6819162368774
1706174643456,1128.1309509277344,797.5592279434204
1706174643464,1123.24462890625,804.1557455062866
1706174643476,1126.2892532348633,801.6556262969971
1706174643485,1131.2217330932617,803.5804224014282
1706174643497,1128.0434799194336,801.127552986145
1706174643508,1130.4978561401367,798.936595916748
1706174643519,1132.4926376342773,799.3260097503662
1706174643530,1136.86767578125,795.4610967636108
1706174643542,1140.3042221069336,796.4048480987549
1706174643552,1139.7365188598633,801.2497758865356
1706174643586,1139.9348068237305,806.3696193695068
1706174643587,1141.6274642944336,802.7716398239136
1706174643604,1150.0384140014648,801.0271739959717
1706174643607,1152.4280166625977,806.1095952987671
1706174643618,1155.4429244995117,808.3164310455322
1706174643629,1150.3248977661133,807.1842384338379
1706174643641,1147.598991394043,801.3817405700684
1706174643651,1145.0296783447266,803.3874320983887
1706174643663,1142.6467895507812,803.0534648895264
1706174643674,1144.083023071289,802.7264070510864
1706174643685,1142.3876571655273,791.7143726348877
1706174643696,1143.5329055786133,801.0841226577759
1706174643739,1142.3992156982422,804.472804069519
1706174643740,1143.9484786987305,817.1397829055786
1706174643741,1166.153907775879,815.1945161819458
1706174643756,1235.2523803710938,804.0639495849609
1706174643763,1255.903091430664,806.612606048584
1706174643775,1258.1839752197266,796.4008140563965
1706174643785,1245.9542083740234,804.5721530914307
1706174643796,1250.614013671875,801.3179683685303
1706174643807,1253.193702697754,802.9331731796265
1706174643818,1254.9793243408203,806.5950107574463
1706174643830,1250.7295227050781,800.4160165786743
1706174643841,1248.6588287353516,804.6831750869751
1706174643852,1248.5762786865234,794.4398832321167
1706174643885,1254.0961837768555,806.7100667953491
1706174643886,1254.5051574707031,798.5991525650024
1706174643904,1254.3364334106445,803.9217710494995
1706174643908,1252.630271911621,805.1813793182373
1706174643919,1258.5122680664062,805.6240081787109
1706174643930,1252.6826858520508,802.9103851318359
1706174643941,1252.788200378418,806.3437414169312
1706174643952,1240.1729583740234,798.0186796188354
1706174643962,1223.4576034545898,802.681474685669
1706174643973,1202.165756225586,792.9772853851318
1706174643984,1165.2008056640625,798.4446144104004
1706174643996,1161.635627746582,793.6190414428711
1706174644037,1162.6114654541016,798.3602428436279
1706174644040,1170.1031875610352,803.5013723373413
1706174644054,1166.3614654541016,799.9431753158569
1706174644062,1162.1516418457031,784.6393918991089
1706174644074,1166.9715118408203,778.1169033050537
1706174644085,1188.2888412475586,913.0849742889404
1706174644095,1158.445167541504,992.0167207717896
1706174644106,1150.4216766357422,1069.0903615951538
1706174644116,739.8036956787109,1396.65696144104
1706174644128,nan,nan
1706174644139,nan,nan
1706174644149,nan,nan
1706174644183,nan,nan
1706174644184,nan,nan
1706174644198,750.9395599365234,1364.68674659729
1706174644207,1128.3886337280273,1012.6916170120239
1706174644219,1172.6076126098633,1087.2725200653076
1706174644229,1199.5384979248047,999.5154047012329
1706174644241,1171.5945434570312,956.9784450531006
1706174644251,1158.7640762329102,792.1793603897095
1706174644263,1167.2796630859375,795.0174379348755
1706174644274,1167.3614501953125,800.862979888916
1706174644285,1169.244384765625,796.4579343795776
1706174644296,1172.9316711425781,795.5912160873413
1706174644335,1178.1918716430664,799.6732807159424
1706174644340,1171.3582229614258,804.7706365585327
1706174644355,1171.4316940307617,804.6638631820679
1706174644363,1173.3773803710938,803.4847211837769
1706174644373,1169.7108840942383,805.3812789916992
1706174644384,1170.7775115966797,800.9908246994019
1706174644395,1171.610107421875,798.010139465332
1706174644406,1175.6996154785156,794.9307060241699
1706174644417,1180.5432891845703,797.3109197616577
1706174644429,1180.4812240600586,802.5207567214966
1706174644440,1177.8582000732422,809.8770904541016
1706174644451,1169.4290924072266,812.3290586471558
1706174644485,1170.9991073608398,813.0147171020508
1706174644502,1187.0143508911133,795.7585430145264
1706174644507,1176.9205856323242,796.442141532898
1706174644519,1175.0167083740234,796.3170862197876
1706174644529,1178.8685989379883,799.4235992431641
1706174644540,1179.4570922851562,811.9389581680298
1706174644551,1176.7055130004883,818.5924243927002
1706174644562,1177.8010940551758,827.4886894226074
1706174644573,1161.4645385742188,812.3409461975098
1706174644584,1133.4432983398438,813.2312679290771
1706174644596,1114.0525436401367,813.1126928329468
1706174644635,1118.7994766235352,822.5801610946655
1706174644636,1123.7544250488281,820.6873369216919
1706174644640,1126.3634872436523,817.6634359359741
1706174644652,1120.4119491577148,851.1642694473267
1706174644661,1120.7738876342773,856.5117359161377
1706174644673,1208.0551528930664,915.2907371520996
1706174644683,1709.2131042480469,1116.6768264770508
1706174644694,1709.2131042480469,1116.6768264770508
1706174644705,nan,nan
1706174644716,nan,nan
1706174644728,nan,nan
1706174644738,nan,nan
1706174644771,nan,nan
1706174644772,nan,nan
1706174644788,nan,nan
1706174644793,nan,nan
1706174644804,nan,nan
1706174644815,nan,nan
1706174644826,nan,nan
1706174644837,nan,nan
1706174644848,nan,nan
1706174644859,nan,nan
1706174644871,nan,nan
1706174644882,nan,nan
1706174644918,nan,nan
1706174644919,nan,nan
1706174644934,nan,nan
1706174644941,nan,nan
1706174644951,nan,nan
1706174644964,nan,nan
1706174644974,nan,nan
1706174644984,nan,nan
1706174644997,nan,nan
1706174645007,nan,nan
1706174645018,nan,nan
1706174645030,nan,nan
1706174645070,nan,nan
1706174645071,nan,nan
1706174645074,nan,nan
1706174645087,nan,nan
1706174645097,nan,nan
1706174645108,nan,nan
1706174645118,nan,nan
1706174645130,nan,nan
1706174645141,nan,nan
1706174645151,nan,nan
1706174645164,nan,nan
1706174645174,nan,nan
1706174645184,nan,nan
1706174645220,nan,nan
1706174645221,nan,nan
1706174645236,nan,nan
1706174645242,nan,nan
1706174645251,nan,nan
1706174645264,nan,nan
1706174645275,nan,nan
1706174645284,nan,nan
1706174645297,nan,nan
1706174645309,nan,nan
1706174645317,nan,nan
1706174645358,nan,nan
1706174645359,nan,nan
1706174645363,nan,nan
1706174645376,nan,nan
1706174645385,nan,nan
1706174645397,nan,nan
1706174645409,nan,nan
1706174645418,nan,nan
1706174645431,nan,nan
1706174645443,nan,nan
1706174645452,nan,nan
1706174645463,nan,nan
1706174645476,nan,nan
1706174645485,nan,nan
1706174645518,nan,nan
1706174645519,nan,nan
1706174645538,nan,nan
1706174645542,nan,nan
1706174645552,nan,nan
1706174645563,nan,nan
1706174645576,nan,nan
1706174645585,nan,nan
1706174645597,nan,nan
1706174645609,nan,nan
1706174645618,nan,nan
1706174645631,nan,nan
1706174645651,nan,nan
1706174645671,nan,nan
1706174645672,nan,nan
1706174645676,nan,nan
1706174645689,nan,nan
1706174645697,nan,nan
1706174645708,nan,nan
1706174645718,nan,nan
1706174645730,nan,nan
1706174645741,nan,nan
1706174645751,nan,nan
1706174645763,nan,nan
1706174645776,nan,nan
1706174645784,nan,nan
1706174645817,nan,nan
1706174645818,nan,nan
1706174645836,nan,nan
1706174645842,nan,nan
1706174645851,nan,nan
1706174645864,nan,nan
1706174645875,nan,nan
1706174645884,nan,nan
1706174645897,nan,nan
1706174645909,nan,nan
1706174645918,nan,nan
1706174645930,nan,nan
1706174645950,nan,nan
1706174645972,nan,nan
1706174645973,nan,nan
1706174645975,nan,nan
1706174645990,nan,nan
1706174645997,nan,nan
1706174646009,nan,nan
1706174646018,nan,nan
1706174646030,nan,nan
1706174646043,nan,nan
1706174646052,nan,nan
1706174646062,nan,nan
1706174646075,nan,nan
1706174646084,nan,nan
1706174646118,nan,nan
1706174646119,nan,nan
1706174646135,nan,nan
1706174646142,nan,nan
1706174646151,nan,nan
1706174646163,nan,nan
1706174646176,nan,nan
1706174646185,nan,nan
1706174646197,nan,nan
1706174646209,nan,nan
1706174646219,nan,nan
1706174646230,nan,nan
1706174646269,nan,nan
1706174646270,nan,nan
1706174646277,nan,nan
1706174646287,nan,nan
1706174646297,nan,nan
1706174646310,nan,nan
1706174646319,nan,nan
1706174646331,nan,nan
1706174646344,nan,nan
1706174646352,nan,nan
1706174646364,nan,nan
1706174646377,nan,nan
1706174646385,nan,nan
1706174646417,nan,nan
1706174646418,nan,nan
1706174646433,nan,nan
1706174646442,nan,nan
1706174646453,nan,nan
1706174646463,nan,nan
1706174646476,nan,nan
1706174646484,nan,nan
1706174646496,nan,nan
1706174646508,nan,nan
1706174646517,nan,nan
1706174646550,nan,nan
1706174646566,nan,nan
1706174646575,nan,nan
1706174646584,nan,nan
1706174646595,nan,nan
1706174646607,nan,nan
1706174646617,nan,nan
1706174646629,nan,nan
1706174646640,nan,nan
1706174646651,nan,nan
1706174646662,nan,nan
1706174646701,nan,nan
1706174646702,nan,nan
1706174646708,nan,nan
1706174646717,nan,nan
1706174646729,nan,nan
1706174646748,nan,nan
1706174646762,nan,nan
1706174646773,nan,nan
1706174646784,nan,nan
1706174646796,nan,nan
1706174646807,nan,nan
1706174646818,nan,nan
1706174646854,nan,nan
1706174646855,nan,nan
1706174646858,nan,nan
1706174646878,nan,nan
1706174646894,nan,nan
1706174646909,nan,nan
1706174646922,nan,nan
1706174646932,nan,nan
1706174646943,1164.4714736938477,807.5286769866943
1706174646955,1164.4714736938477,807.5286769866943
1706174646965,1164.4714736938477,807.5286769866943
1706174647002,1218.399887084961,799.6178770065308
1706174647003,1209.2704391479492,791.5551137924194
1706174647011,1205.349998474121,795.0723266601562
1706174647022,1201.850814819336,788.0197906494141
1706174647033,1202.9985046386719,788.1193971633911
1706174647044,1201.378059387207,786.3856172561646
1706174647055,1218.791847229004,856.1519765853882
1706174647065,1224.2343139648438,866.3239431381226
1706174647076,1231.2532424926758,892.6056861877441
1706174647087,nan,nan
1706174647098,nan,nan
1706174647109,nan,nan
1706174647120,nan,nan
1706174647152,nan,nan
1706174647153,nan,nan
1706174647169,nan,nan
1706174647177,nan,nan
1706174647189,218.07276725769043,1336.4506816864014
1706174647200,313.1891059875488,1200.3066444396973
1706174647210,313.1891059875488,1200.3066444396973
1706174647222,507.449893951416,930.2682781219482
1706174647233,495.394229888916,880.0326919555664
1706174647244,501.08287811279297,884.3172740936279
1706174647285,498.88341903686523,866.7925786972046
1706174647288,508.88301849365234,864.3423700332642
1706174647300,500.9785842895508,862.1435165405273
1706174647311,495.39133071899414,869.8731708526611
1706174647322,435.77550888061523,913.7680149078369
1706174647333,404.32655334472656,925.5070781707764
1706174647344,376.07866287231445,940.1002264022827
1706174647355,366.41857147216797,940.9784889221191
1706174647366,361.77391052246094,942.5642538070679
1706174647377,361.4162254333496,941.094274520874
1706174647388,359.7748565673828,947.3420190811157
1706174647400,363.62260818481445,942.7950954437256
1706174647440,362.8213310241699,938.1083536148071
1706174647444,372.61180877685547,944.2535305023193
1706174647459,364.35497283935547,939.7519254684448
1706174647466,365.4247283935547,943.5554695129395
1706174647479,363.8441467285156,949.0725374221802
1706174647488,361.36905670166016,956.570405960083
1706174647500,361.79203033447266,953.404541015625
1706174647510,363.4886932373047,944.6844863891602
1706174647522,366.9819641113281,937.9539012908936
1706174647533,366.83767318725586,937.3395681381226
1706174647544,366.43728256225586,941.8289852142334
1706174647555,362.83716201782227,934.183874130249
1706174647588,366.3690948486328,935.2344417572021
1706174647603,365.3084373474121,942.9566287994385
1706174647610,369.5658874511719,949.1948890686035
1706174647621,368.52184295654297,942.420916557312
1706174647633,369.69762802124023,944.3679857254028
1706174647644,373.85833740234375,940.2372980117798
1706174647655,375.53030014038086,948.5533905029297
1706174647666,379.0357971191406,946.3426923751831
1706174647677,372.02239990234375,948.030595779419
1706174647688,379.2407989501953,942.4339628219604
1706174647699,377.6721954345703,943.0066251754761
1706174647737,379.64895248413086,943.1300067901611
1706174647744,383.92337799072266,948.1155681610107
1706174647755,374.4490623474121,946.4933252334595
1706174647768,379.84228134155273,946.0109996795654
1706174647777,377.2829246520996,947.6439714431763
1706174647787,460.58956146240234,909.9899625778198
1706174647799,561.9781112670898,885.5164575576782
1706174647810,722.7817916870117,813.9969205856323
1706174647821,1029.3507385253906,694.4786524772644
1706174647832,1086.5655517578125,668.2402110099792
1706174647843,1096.3646697998047,673.0390691757202
1706174647886,1080.4377365112305,683.6958932876587
1706174647887,1078.3617401123047,681.7621922492981
1706174647888,1084.266586303711,686.0521602630615
1706174647902,1089.737205505371,686.1721515655518
1706174647910,1086.0613632202148,683.831570148468
1706174647921,1082.2636413574219,684.1055417060852
1706174647932,1084.3593978881836,686.0754632949829
1706174647943,1082.4777221679688,684.3436145782471
1706174647955,1033.9540100097656,714.2441511154175
1706174647966,947.1378326416016,749.3237113952637
1706174647977,793.6083221435547,802.9901647567749
1706174647988,443.1675148010254,898.2566070556641
1706174648022,355.79479217529297,911.4065551757812
1706174648023,307.01104164123535,920.9145784378052
1706174648033,286.3160037994385,936.2704181671143
1706174648044,277.4359893798828,932.4929666519165
1706174648056,280.7971000671387,936.1954879760742
1706174648066,277.9408073425293,936.0348987579346
1706174648077,282.5160789489746,941.0564231872559
1706174648088,278.117151260376,938.024754524231
1706174648099,272.7630138397217,940.7995748519897
1706174648110,272.8297710418701,944.9826622009277
1706174648121,272.4049949645996,949.426417350769
1706174648133,272.05267906188965,950.8203935623169
1706174648171,271.03370666503906,947.4654006958008
1706174648173,268.8925361633301,956.2544202804565
1706174648176,236.7088508605957,968.2448387145996
1706174648191,209.1614532470703,973.9366149902344
1706174648199,216.52628898620605,979.7031497955322
1706174648210,220.41443824768066,975.422773361206
1706174648221,228.29724311828613,981.6724920272827
1706174648233,227.43266105651855,978.103437423706
1706174648243,226.89411163330078,981.4439678192139
1706174648254,220.38907051086426,980.4237842559814
1706174648266,221.37394905090332,984.9889898300171
1706174648276,223.62923622131348,985.5802345275879
1706174648288,224.31321144104004,977.4267911911011
1706174648305,227.29384422302246,975.8893060684204
1706174648326,230.68867683410645,978.0405235290527
1706174648327,233.58887672424316,984.0883684158325
1706174648332,232.80878067016602,984.7196531295776
1706174648344,230.3512668609619,986.2376117706299
1706174648354,235.4122829437256,987.0177698135376
1706174648367,240.8483123779297,988.2898235321045
1706174648377,238.28797340393066,984.6652364730835
1706174648388,240.472993850708,984.4249963760376
1706174648399,239.18131828308105,984.8482275009155
1706174648410,240.97431182861328,983.52707862854
1706174648421,235.71208953857422,989.7587728500366
1706174648432,237.6303482055664,988.8625288009644
1706174648443,236.21145248413086,986.8942594528198
1706174648455,245.60362815856934,991.105842590332
1706174648489,250.40910720825195,994.8576307296753
1706174648505,264.7730350494385,1099.4509506225586
1706174648509,275.0954341888428,1106.0804271697998
1706174648521,378.15135955810547,1008.878288269043
1706174648531,nan,nan
1706174648540,nan,nan
1706174648552,nan,nan
1706174648563,nan,nan
1706174648574,nan,nan
1706174648585,nan,nan
1706174648596,nan,nan
1706174648637,nan,nan
1706174648638,nan,nan
1706174648641,nan,nan
1706174648653,nan,nan
1706174648663,nan,nan
1706174648674,nan,nan
1706174648686,nan,nan
1706174648697,nan,nan
1706174648708,nan,nan
1706174648719,nan,nan
1706174648730,nan,nan
1706174648741,nan,nan
1706174648752,nan,nan
1706174648790,nan,nan
1706174648791,nan,nan
1706174648797,nan,nan
1706174648808,nan,nan
1706174648820,nan,nan
1706174648831,nan,nan
1706174648841,nan,nan
1706174648852,nan,nan
1706174648862,nan,nan
1706174648873,nan,nan
1706174648885,nan,nan
1706174648896,nan,nan
1706174648907,nan,nan
1706174648939,nan,nan
1706174648940,nan,nan
1706174648941,nan,nan
1706174648957,nan,nan
1706174648964,nan,nan
1706174648977,nan,nan
1706174648985,nan,nan
1706174648997,nan,nan
1706174649008,nan,nan
1706174649019,nan,nan
1706174649029,nan,nan
1706174649041,nan,nan
1706174649051,nan,nan
1706174649090,nan,nan
1706174649092,nan,nan
1706174649097,nan,nan
1706174649109,nan,nan
1706174649119,nan,nan
1706174649131,707.2878265380859,1189.1080570220947
1706174649142,707.2878265380859,1189.1080570220947
1706174649153,779.8318481445312,1110.8823108673096
1706174649165,806.3930511474609,959.028639793396
1706174649176,781.2585067749023,955.9835815429688
1706174649187,770.5495071411133,930.0658464431763
1706174649199,769.3910980224609,937.5223016738892
1706174649218,773.4245681762695,943.5559844970703
1706174649238,765.3544998168945,946.0708665847778
1706174649242,759.7194671630859,930.3061723709106
1706174649256,749.8827362060547,915.0233316421509
1706174649265,753.3919525146484,918.5084438323975
1706174649275,753.6569595336914,926.3054752349854
1706174649287,757.4283981323242,933.803858757019
1706174649298,749.2237854003906,931.050238609314
1706174649309,745.4742813110352,926.4688110351562
1706174649320,743.9947891235352,929.7129964828491
1706174649331,745.8161163330078,931.4700365066528
1706174649343,746.7276000976562,933.8564300537109
1706174649353,747.8893661499023,923.7109422683716
1706174649390,711.8623352050781,920.4668855667114
1706174649391,640.9307670593262,921.7395401000977
1706174649398,394.1611862182617,951.091833114624
1706174649409,381.7677879333496,958.5844659805298
1706174649421,379.96021270751953,958.361177444458
1706174649431,376.8731498718262,962.3137664794922
1706174649442,378.6586570739746,962.289776802063
1706174649454,380.61975479125977,959.9227809906006
1706174649465,383.9995765686035,955.5187654495239
1706174649476,383.99499893188477,955.1223134994507
1706174649487,388.2164001464844,959.0617275238037
1706174649498,383.4942436218262,957.4130487442017
1706174649517,381.6844177246094,951.0029983520508
1706174649537,368.1171226501465,934.7861051559448
1706174649543,360.46911239624023,938.7287378311157
1706174649554,358.5742950439453,941.1680459976196
1706174649566,360.5510139465332,941.8618583679199
1706174649576,365.3468322753906,937.5992918014526
1706174649587,423.3659362792969,918.6462450027466
1706174649597,531.0814476013184,894.6901702880859
1706174649609,695.2606582641602,850.651216506958
1706174649619,1079.1752243041992,746.1844968795776
1706174649631,1144.2939376831055,732.5089859962463
1706174649642,1160.9131240844727,722.9426193237305
1706174649653,1141.8360137939453,718.1500267982483
1706174649690,1148.990478515625,719.6683073043823
1706174649691,1146.5325927734375,720.4981398582458
1706174649698,1143.9744186401367,715.8218479156494
1706174649709,1146.5320205688477,716.1256885528564
1706174649720,1141.6385650634766,705.2670335769653
1706174649731,1142.8579711914062,705.9775400161743
1706174649742,1141.9360733032227,704.4977760314941
1706174649753,1144.586410522461,704.3434524536133
1706174649764,1149.5925521850586,702.0481467247009
1706174649775,1149.8440170288086,709.419264793396
1706174649786,1160.1255798339844,724.1998243331909
1706174649798,1159.3119049072266,728.2375574111938
1706174649819,1155.924949645996,727.5441098213196
1706174649840,1145.3156280517578,718.7814831733704
1706174649841,1141.456069946289,714.0858364105225
1706174649842,1143.179931640625,712.5798940658569
1706174649859,1151.0869598388672,720.1086401939392
1706174649866,1156.875114440918,716.7649984359741
1706174649876,1154.5023727416992,716.5685963630676
1706174649887,1151.0090637207031,712.7545380592346
1706174649898,1149.4354629516602,711.7723774909973
1706174649909,1145.2462768554688,712.2121524810791
1706174649920,1143.9468383789062,710.6876492500305
1706174649931,1143.9269256591797,706.6521048545837
1706174649943,1149.3823623657227,705.4236531257629
1706174649954,1154.4581985473633,714.3921446800232
1706174649989,1149.2840194702148,711.4302778244019
1706174649990,1151.2413787841797,704.3238401412964
1706174649996,1172.0967864990234,989.3741226196289
1706174650006,1188.0707550048828,1159.5652198791504
1706174650017,nan,nan
1706174650030,nan,nan
1706174650040,nan,nan
1706174650051,nan,nan
1706174650062,nan,nan
1706174650073,nan,nan
1706174650084,nan,nan
1706174650094,nan,nan
1706174650105,nan,nan
1706174650141,nan,nan
1706174650142,nan,nan
1706174650150,nan,nan
1706174650160,nan,nan
1706174650178,nan,nan
1706174650198,nan,nan
1706174650210,nan,nan
1706174650220,nan,nan
1706174650231,nan,nan
1706174650243,nan,nan
1706174650254,nan,nan
1706174650289,nan,nan
1706174650290,nan,nan
1706174650304,nan,nan
1706174650311,nan,nan
1706174650321,nan,nan
1706174650331,nan,nan
1706174650343,nan,nan
1706174650353,nan,nan
1706174650364,nan,nan
1706174650377,nan,nan
1706174650386,nan,nan
1706174650397,nan,nan
1706174650440,nan,nan
1706174650445,nan,nan
1706174650457,nan,nan
1706174650467,nan,nan
1706174650480,nan,nan
1706174650487,nan,nan
1706174650499,nan,nan
1706174650511,nan,nan
1706174650520,nan,nan
1706174650533,nan,nan
1706174650544,nan,nan
1706174650554,nan,nan
1706174650592,nan,nan
1706174650593,nan,nan
1706174650600,nan,nan
1706174650611,nan,nan
1706174650621,nan,nan
1706174650633,nan,nan
1706174650645,nan,nan
1706174650653,nan,nan
1706174650667,nan,nan
1706174650679,nan,nan
1706174650687,nan,nan
1706174650700,nan,nan
1706174650741,nan,nan
1706174650742,nan,nan
1706174650757,nan,nan
1706174650764,nan,nan
1706174650776,nan,nan
1706174650786,nan,nan
1706174650797,nan,nan
1706174650808,nan,nan
1706174650819,nan,nan
1706174650830,nan,nan
1706174650842,1286.9454956054688,781.7733764648438
1706174650854,1286.9454956054688,781.7733764648438
1706174650890,1286.9454956054688,781.7733764648438
1706174650891,1271.119613647461,776.1756277084351
1706174650906,1271.119613647461,776.1756277084351
1706174650910,1293.8381958007812,798.6868715286255
1706174650924,1301.053237915039,783.403172492981
1706174650932,1301.053237915039,783.403172492981
1706174650944,1270.1139450073242,782.713565826416
1706174650955,1201.3191223144531,783.8553285598755
1706174650966,1203.8331985473633,782.1827030181885
1706174650977,1198.9071655273438,791.6672086715698
1706174650989,1199.0916061401367,792.2910690307617
1706174650999,1197.1142578125,794.7132968902588
1706174651018,1204.011116027832,783.4430408477783
1706174651040,1196.5236282348633,783.8463163375854
1706174651041,1197.439193725586,782.7780675888062
1706174651044,1196.2933731079102,783.4662580490112
1706174651057,1196.3292694091797,781.6729974746704
1706174651066,1194.0135192871094,781.8192958831787
1706174651078,1192.5870895385742,785.7167387008667
1706174651088,1191.220474243164,786.7011737823486
1706174651099,1193.0348205566406,782.7696132659912
1706174651110,1194.860954284668,775.3165912628174
1706174651121,1193.5147094726562,779.2205572128296
1706174651132,1192.0562362670898,779.4695091247559
1706174651143,1193.1726837158203,783.3612871170044
1706174651154,1189.2088317871094,783.2263612747192
1706174651190,1189.2728424072266,780.1510047912598
1706174651191,1182.8216171264648,772.6139974594116
1706174651205,1180.7968521118164,770.4919195175171
1706174651210,1182.2947311401367,771.4535665512085
1706174651222,1181.8053436279297,780.687403678894
1706174651233,1185.7509994506836,786.492133140564
1706174651244,1182.8180694580078,786.0946083068848
1706174651254,1189.8401641845703,781.322808265686
1706174651266,1196.458511352539,773.974027633667
1706174651277,1201.274528503418,769.9593830108643
1706174651288,1205.9841918945312,760.1324558258057
1706174651299,1210.140037536621,762.7262592315674
1706174651341,1214.4325256347656,758.6588287353516
1706174651342,1212.084846496582,763.8708543777466
1706174651344,1204.6123504638672,761.3172197341919
1706174651358,1210.0271606445312,760.3586626052856
1706174651366,1203.0205535888672,752.2108840942383
1706174651377,1204.379653930664,762.3732376098633
1706174651388,1201.941032409668,753.5911273956299
1706174651399,1204.2668533325195,765.0702095031738
1706174651410,1201.7602920532227,749.9548673629761
1706174651421,1217.179946899414,843.5589838027954
1706174651431,1222.804069519043,870.4369068145752
1706174651442,1239.1152572631836,924.786057472229
1706174651453,nan,nan
1706174651492,nan,nan
1706174651493,nan,nan
1706174651497,nan,nan
1706174651509,nan,nan
1706174651519,nan,nan
1706174651530,nan,nan
1706174651541,nan,nan
1706174651551,nan,nan
1706174651563,nan,nan
1706174651574,nan,nan
1706174651585,nan,nan
1706174651596,nan,nan
1706174651607,nan,nan
1706174651639,nan,nan
1706174651640,nan,nan
1706174651646,nan,nan
1706174651671,nan,nan
1706174651682,nan,nan
1706174651689,nan,nan
1706174651702,nan,nan
1706174651715,nan,nan
1706174651722,nan,nan
1706174651736,nan,nan
1706174651748,nan,nan
1706174651756,nan,nan
1706174651790,nan,nan
1706174651791,nan,nan
1706174651807,nan,nan
1706174651815,nan,nan
1706174651823,nan,nan
1706174651835,nan,nan
1706174651848,nan,nan
1706174651856,nan,nan
1706174651868,nan,nan
1706174651882,nan,nan
1706174651889,nan,nan
1706174651925,nan,nan
1706174651926,nan,nan
1706174651940,nan,nan
1706174651947,nan,nan
1706174651955,nan,nan
1706174651969,nan,nan
1706174651980,nan,nan
1706174651987,nan,nan
1706174652002,nan,nan
1706174652013,nan,nan
1706174652021,nan,nan
1706174652035,nan,nan
1706174652072,nan,nan
1706174652075,nan,nan
1706174652088,nan,nan
1706174652098,nan,nan
1706174652109,nan,nan
1706174652120,nan,nan
1706174652131,nan,nan
1706174652142,nan,nan
1706174652153,nan,nan
1706174652170,nan,nan
1706174652208,nan,nan
1706174652223,nan,nan
1706174652224,nan,nan
1706174652238,nan,nan
1706174652250,nan,nan
1706174652257,nan,nan
1706174652271,nan,nan
1706174652283,nan,nan
1706174652291,nan,nan
1706174652304,nan,nan
1706174652316,nan,nan
1706174652324,nan,nan
1706174652356,nan,nan
1706174652357,nan,nan
1706174652372,nan,nan
1706174652380,nan,nan
1706174652389,nan,nan
1706174652403,nan,nan
1706174652414,nan,nan
1706174652424,nan,nan
1706174652437,nan,nan
1706174652448,nan,nan
1706174652457,nan,nan
1706174652493,nan,nan
1706174652494,nan,nan
1706174652511,nan,nan
1706174652514,nan,nan
1706174652526,nan,nan
1706174652538,nan,nan
1706174652548,nan,nan
1706174652557,nan,nan
1706174652571,nan,nan
1706174652581,nan,nan
1706174652591,nan,nan
1706174652604,nan,nan
1706174652640,nan,nan
1706174652641,nan,nan
1706174652648,nan,nan
1706174652658,nan,nan
1706174652673,nan,nan
1706174652681,nan,nan
1706174652690,nan,nan
1706174652704,nan,nan
1706174652714,nan,nan
1706174652723,nan,nan
1706174652736,nan,nan
1706174652772,nan,nan
1706174652788,nan,nan
1706174652790,nan,nan
1706174652803,nan,nan
1706174652815,nan,nan
1706174652823,nan,nan
1706174652836,nan,nan
1706174652848,nan,nan
1706174652857,nan,nan
1706174652869,nan,nan
1706174652882,nan,nan
1706174652890,nan,nan
1706174652924,nan,nan
1706174652925,nan,nan
1706174652940,nan,nan
1706174652949,nan,nan
1706174652958,nan,nan
1706174652970,nan,nan
1706174652982,nan,nan
1706174652991,nan,nan
1706174653003,nan,nan
1706174653015,nan,nan
1706174653024,nan,nan
1706174653060,nan,nan
1706174653061,nan,nan
1706174653075,nan,nan
1706174653082,nan,nan
1706174653091,nan,nan
1706174653102,nan,nan
1706174653115,nan,nan
1706174653123,nan,nan
1706174653136,nan,nan
1706174653148,nan,nan
1706174653156,nan,nan
1706174653170,nan,nan
1706174653208,nan,nan
1706174653209,nan,nan
1706174653215,nan,nan
1706174653225,nan,nan
1706174653239,nan,nan
1706174653249,nan,nan
1706174653257,nan,nan
1706174653271,nan,nan
1706174653281,nan,nan
1706174653290,nan,nan
1706174653304,nan,nan
1706174653316,nan,nan
1706174653324,nan,nan
1706174653357,nan,nan
1706174653358,nan,nan
1706174653373,nan,nan
1706174653383,nan,nan
1706174653393,nan,nan
1706174653403,nan,nan
1706174653416,nan,nan
1706174653424,nan,nan
1706174653437,nan,nan
1706174653448,nan,nan
1706174653457,nan,nan
1706174653470,nan,nan
1706174653506,nan,nan
1706174653507,nan,nan
1706174653522,nan,nan
1706174653524,nan,nan
1706174653538,nan,nan
1706174653549,nan,nan
1706174653558,nan,nan
1706174653571,nan,nan
1706174653582,nan,nan
1706174653592,nan,nan
1706174653604,nan,nan
1706174653642,nan,nan
1706174653644,nan,nan
1706174653648,nan,nan
1706174653660,nan,nan
1706174653670,nan,nan
1706174653680,nan,nan
1706174653689,nan,nan
1706174653701,nan,nan
1706174653713,nan,nan
1706174653722,nan,nan
1706174653734,nan,nan
1706174653745,nan,nan
1706174653755,nan,nan
1706174653792,nan,nan
1706174653793,nan,nan
1706174653808,nan,nan
1706174653811,nan,nan
1706174653823,nan,nan
1706174653833,nan,nan
1706174653846,nan,nan
1706174653856,nan,nan
1706174653866,nan,nan
1706174653879,nan,nan
1706174653889,nan,nan
1706174653900,nan,nan
1706174653920,nan,nan
1706174653941,nan,nan
1706174653958,nan,nan
1706174653966,nan,nan
1706174653977,nan,nan
1706174653988,nan,nan
1706174654000,nan,nan
1706174654011,nan,nan
1706174654022,nan,nan
1706174654033,nan,nan
1706174654073,1419.5054626464844,742.0854377746582
1706174654074,1419.5054626464844,742.0854377746582
1706174654079,1367.4121856689453,745.6958198547363
1706174654090,1367.4121856689453,745.6958198547363
1706174654102,1367.4121856689453,745.6958198547363
1706174654113,1349.0937042236328,732.5048875808716
1706174654124,1401.1901092529297,721.9871735572815
1706174654135,1397.8901672363281,723.9338135719299
1706174654147,1411.988296508789,719.6190404891968
1706174654158,1402.7147674560547,727.9154992103577
1706174654169,1384.9787139892578,731.7024564743042
1706174654180,1350.58349609375,741.914849281311
1706174654191,1262.5562286376953,740.467700958252
1706174654224,1253.4260559082031,739.6130418777466
1706174654240,1218.9866256713867,740.4204511642456
1706174654246,1213.7734603881836,748.4906387329102
1706174654257,1097.755355834961,831.2240409851074
1706174654267,1309.0277099609375,742.3373508453369
1706174654278,nan,nan
1706174654289,nan,nan
1706174654300,nan,nan
1706174654311,nan,nan
1706174654322,nan,nan
1706174654360,nan,nan
1706174654367,nan,nan
1706174654379,1690.3616333007812,1078.695888519287
1706174654391,1690.3616333007812,1078.695888519287
1706174654402,1390.7783126831055,980.1650476455688
1706174654413,1195.7597351074219,730.988495349884
1706174654424,1171.6034317016602,740.061764717102
1706174654436,1175.1482772827148,695.1807689666748
1706174654447,1164.639015197754,700.8882737159729
1706174654458,1152.6761627197266,676.2134313583374
1706174654469,1144.0383529663086,701.3940954208374
1706174654507,1146.5916061401367,696.0183906555176
1706174654513,1163.7001419067383,702.0884871482849
1706174654525,1159.1295623779297,702.1270251274109
1706174654537,1156.4304733276367,704.9262642860413
1706174654547,1158.942527770996,706.680793762207
1706174654558,1158.1608963012695,709.3047451972961
1706174654568,1162.1918869018555,714.0910291671753
1706174654579,1164.381332397461,708.4477257728577
1706174654590,1167.6168060302734,713.4727907180786
1706174654602,1167.7399063110352,708.8011121749878
1706174654613,1167.9136657714844,717.5040221214294
1706174654624,1173.3445739746094,711.4926338195801
1706174654661,1174.2021942138672,706.6469120979309
1706174654669,1162.802963256836,712.6561760902405
1706174654680,1160.895767211914,709.7082567214966
1706174654693,1166.2347793579102,707.1794486045837
1706174654702,1162.2087478637695,708.3060622215271
1706174654713,1157.2526550292969,711.342236995697
1706174654724,1162.3299026489258,716.8179559707642
1706174654736,1168.4687423706055,718.8416075706482
1706174654747,1171.8500137329102,717.9628944396973
1706174654757,1172.523422241211,716.0325193405151
1706174654792,1165.3104400634766,714.1838765144348
1706174654793,1166.2419128417969,718.461742401123
1706174654802,1160.314064025879,718.3740234375
1706174654815,1158.97216796875,720.9595656394958
1706174654824,1163.7735748291016,726.6441106796265
1706174654837,1169.7357177734375,723.1353521347046
1706174654846,1167.2180938720703,720.8096194267273
1706174654857,1166.4915466308594,723.0979299545288
1706174654868,1160.7039642333984,725.2845311164856
1706174654879,1159.1129684448242,725.1907181739807
1706174654890,1159.5613479614258,720.5292963981628
1706174654902,1161.2830352783203,714.1105127334595
1706174654913,1162.6913452148438,711.6003513336182
1706174654946,1161.8947982788086,708.2041168212891
1706174654947,1163.0277633666992,717.0041227340698
1706174654962,1165.1582336425781,719.0452194213867
1706174654969,1162.8467559814453,713.6554384231567
1706174654981,1169.0156173706055,711.6901087760925
1706174654991,1165.6660842895508,718.5163950920105
1706174655002,1171.9390869140625,719.296338558197
1706174655013,1171.390724182129,718.5898017883301
1706174655024,1171.4217376708984,720.9246325492859
1706174655035,1169.7522354125977,723.3099102973938
1706174655047,1172.2015380859375,720.5309915542603
1706174655057,1165.2353286743164,712.1091556549072
1706174655093,1166.6630554199219,713.8242030143738
1706174655094,1164.827537536621,721.3952851295471
1706174655109,1172.3269271850586,725.942702293396
1706174655113,1173.3505249023438,711.6295552253723
1706174655125,1170.5622863769531,673.9832067489624
1706174655134,1169.210205078125,651.4898157119751
1706174655146,1165.9906005859375,641.7977929115295
1706174655157,1165.7551574707031,645.0228810310364
1706174655168,1164.6810150146484,650.1733446121216
1706174655179,1164.5486068725586,651.0154294967651
1706174655190,1168.7384033203125,643.7903738021851
1706174655201,1169.117088317871,641.63649559021
1706174655241,1175.772476196289,643.8069176673889
1706174655246,1167.9350662231445,649.8537540435791
1706174655261,1175.9446334838867,649.3146729469299
1706174655268,1176.835060119629,645.0962233543396
1706174655279,1175.6373596191406,642.9043650627136
1706174655290,1175.069808959961,643.0693316459656
1706174655301,1174.111442565918,645.7846927642822
1706174655312,1174.833641052246,645.9161424636841
1706174655323,1183.2986068725586,630.6543946266174
1706174655334,1183.3624649047852,627.163360118866
1706174655346,1181.4680862426758,630.9110283851624
1706174655357,1178.058738708496,639.0879464149475
1706174655393,1183.124656677246,644.8587942123413
1706174655409,1175.250129699707,634.4722509384155
1706174655413,1171.9122314453125,636.9565558433533
1706174655424,1177.475471496582,644.9690651893616
1706174655434,1169.2851638793945,653.9050269126892
1706174655446,1057.6528549194336,674.6530723571777
1706174655457,726.5721130371094,720.7084465026855
1706174655468,671.3557052612305,724.7407078742981
1706174655479,612.5529289245605,734.5036268234253
1706174655490,579.1711235046387,746.5224123001099
1706174655508,579.6491432189941,750.2164363861084
1706174655529,578.3464813232422,743.1236886978149
1706174655530,576.1936569213867,745.2233648300171
1706174655534,571.5277290344238,743.4529781341553
1706174655548,572.4210548400879,738.862795829773
1706174655557,570.2710151672363,735.1201486587524
1706174655568,572.934455871582,738.6533689498901
1706174655579,548.5584831237793,741.4209365844727
1706174655590,516.884708404541,763.5337114334106
1706174655600,413.92794609069824,803.290958404541
1706174655611,520.7804870605469,907.9025173187256
1706174655622,344.2195510864258,1078.0210876464844
1706174655633,nan,nan
1706174655644,nan,nan
1706174655679,nan,nan
1706174655680,nan,nan
1706174655688,nan,nan
1706174655699,nan,nan
1706174655711,nan,nan
1706174655721,nan,nan
1706174655732,nan,nan
1706174655743,nan,nan
1706174655754,nan,nan
1706174655765,nan,nan
1706174655776,nan,nan
1706174655787,nan,nan
1706174655805,nan,nan
1706174655830,nan,nan
1706174655831,nan,nan
1706174655848,nan,nan
1706174655853,nan,nan
1706174655865,nan,nan
1706174655875,nan,nan
1706174655887,nan,nan
1706174655898,nan,nan
1706174655909,nan,nan
1706174655920,nan,nan
1706174655931,nan,nan
1706174655942,nan,nan
1706174655976,nan,nan
1706174655977,nan,nan
1706174655993,nan,nan
1706174655998,nan,nan
1706174656009,nan,nan
1706174656020,nan,nan
1706174656031,nan,nan
1706174656042,nan,nan
1706174656054,nan,nan
1706174656064,nan,nan
1706174656075,nan,nan
1706174656087,nan,nan
1706174656127,nan,nan
1706174656131,nan,nan
1706174656144,nan,nan
1706174656153,nan,nan
1706174656164,nan,nan
1706174656175,nan,nan
1706174656187,nan,nan
1706174656198,nan,nan
1706174656209,nan,nan
1706174656220,nan,nan
1706174656231,nan,nan
1706174656242,nan,nan
1706174656277,nan,nan
1706174656278,nan,nan
1706174656294,nan,nan
1706174656298,nan,nan
1706174656310,nan,nan
1706174656321,nan,nan
1706174656331,nan,nan
1706174656343,nan,nan
1706174656354,nan,nan
1706174656365,nan,nan
1706174656376,nan,nan
1706174656409,nan,nan
1706174656410,nan,nan
1706174656425,nan,nan
1706174656430,nan,nan
1706174656443,nan,nan
1706174656453,nan,nan
1706174656464,nan,nan
1706174656475,nan,nan
1706174656486,nan,nan
1706174656498,nan,nan
1706174656509,nan,nan
1706174656521,nan,nan
1706174656559,nan,nan
1706174656560,nan,nan
1706174656566,944.4624328613281,827.8634262084961
1706174656577,928.6447143554688,812.1338367462158
1706174656588,891.123046875,774.8210906982422
1706174656600,938.3159637451172,796.496171951294
1706174656611,927.2516632080078,818.1761455535889
1706174656621,933.3840179443359,822.0400714874268
1706174656633,940.7859039306641,845.4987144470215
1706174656644,935.3170394897461,835.1645708084106
1706174656656,930.2777099609375,826.2595510482788
1706174656695,913.9529037475586,828.0477905273438
1706174656696,715.7697677612305,841.4406824111938
1706174656701,657.0201110839844,837.2027921676636
1706174656714,641.2948226928711,836.0781097412109
1706174656723,636.1397171020508,836.7984008789062
1706174656734,637.1131706237793,833.5695362091064
1706174656745,638.3736038208008,831.2287616729736
1706174656756,639.5019912719727,816.2029409408569
1706174656766,639.1925239562988,808.4495544433594
1706174656778,636.2943077087402,798.552074432373
1706174656789,629.6352386474609,803.9668321609497
1706174656800,625.2483177185059,808.9807605743408
1706174656811,620.7814025878906,815.4168605804443
1706174656846,623.8650703430176,812.5898551940918
1706174656847,622.943115234375,808.5202789306641
1706174656856,617.1711349487305,805.0793695449829
1706174656867,614.9487686157227,801.0012531280518
1706174656880,614.5748519897461,806.7661142349243
1706174656889,620.0091743469238,805.4101181030273
1706174656900,625.4744338989258,806.0095596313477
1706174656911,688.1437301635742,781.3498878479004
1706174656922,926.0452270507812,701.0454726219177
1706174656933,1044.391975402832,672.1812343597412
1706174656945,1105.1992416381836,661.9050478935242
1706174656956,1134.818992614746,659.2598104476929
1706174656993,1132.498435974121,652.5072526931763
1706174657000,1136.5071487426758,653.1961941719055
1706174657011,1136.8880462646484,646.1715745925903
1706174657023,1138.5721969604492,648.2695555686951
1706174657034,1135.6592559814453,644.212167263031
1706174657045,1136.2398529052734,647.8462171554565
1706174657056,1138.3614349365234,657.2380256652832
1706174657067,1137.0151138305664,662.2810077667236
1706174657078,1134.621810913086,667.8817820549011
1706174657089,1137.0381546020508,665.1986718177795
1706174657128,1135.305404663086,663.4287357330322
1706174657133,1135.4755020141602,664.0369749069214
1706174657144,1139.1046905517578,659.8236107826233
1706174657156,1142.1545028686523,650.2180194854736
1706174657166,1143.7772750854492,649.5323395729065
1706174657177,1146.523323059082,648.583824634552
1706174657188,1144.2900466918945,650.4625725746155
1706174657200,1144.5181274414062,643.5072827339172
1706174657211,1142.2394180297852,640.9678101539612
1706174657222,1142.3298645019531,642.1946310997009
1706174657233,1140.0545501708984,646.3035178184509
1706174657244,1144.4277954101562,649.8617362976074
1706174657278,1145.4671478271484,665.6063890457153
1706174657295,1135.2269744873047,660.6185960769653
1706174657300,1138.3127212524414,662.5610303878784
1706174657312,1140.1077270507812,661.5580129623413
1706174657322,1143.8090515136719,666.7226600646973
1706174657333,1141.1272811889648,662.8894829750061
1706174657344,1137.496681213379,663.3479046821594
1706174657355,1136.1493301391602,664.1187286376953
1706174657367,1136.826515197754,663.9152240753174
1706174657378,1136.2577438354492,664.6232414245605
1706174657413,1142.7109146118164,655.7629823684692
1706174657414,1147.2290420532227,656.0311388969421
1706174657422,1143.6214065551758,655.0139808654785
1706174657434,1139.9797821044922,657.2549557685852
1706174657445,1157.1921920776367,659.5361423492432
1706174657456,1185.058364868164,650.3633093833923
1706174657467,1194.2391204833984,643.7793016433716
1706174657478,1190.4838562011719,640.9437346458435
1706174657489,1182.061424255371,636.0962104797363
1706174657500,1182.7542877197266,638.1341743469238
1706174657512,1181.162109375,643.347487449646
1706174657522,1187.105941772461,650.8461499214172
1706174657562,1188.5347366333008,654.3588352203369
1706174657566,1182.9960250854492,645.2160859107971
1706174657581,1190.5479049682617,646.330554485321
1706174657588,1191.2326049804688,642.5482106208801
1706174657601,1189.4123077392578,646.2427926063538
1706174657610,1187.4126052856445,644.2663264274597
1706174657622,1184.3451690673828,645.5734419822693
1706174657633,1183.936882019043,638.542857170105
1706174657644,1185.2195358276367,640.5742764472961
1706174657656,1188.7892150878906,637.932858467102
1706174657666,1191.2537384033203,644.2286896705627
1706174657677,1190.8839797973633,639.4440579414368
1706174657711,1169.4991302490234,643.6072754859924
1706174657728,1159.983901977539,656.1988091468811
1706174657733,1166.1759567260742,652.4631571769714
1706174657744,1162.9840469360352,655.2239656448364
1706174657755,1163.2141494750977,653.1101703643799
1706174657767,1160.4758834838867,649.9933791160583
1706174657778,1157.0495986938477,643.3716917037964
1706174657789,1159.7227096557617,645.8927965164185
1706174657800,1160.030517578125,654.833242893219
1706174657811,1163.2442092895508,661.5925168991089
1706174657822,1157.567024230957,658.304386138916
1706174657864,1159.831428527832,658.4448266029358
1706174657867,1164.526252746582,657.2597193717957
1706174657882,1157.9026412963867,658.0768489837646
1706174657888,1152.9048919677734,648.1029796600342
1706174657901,1148.9813613891602,640.4357028007507
1706174657910,1149.8348999023438,643.0674648284912
1706174657922,1155.9747314453125,649.5675086975098
1706174657933,1158.4010696411133,657.5656628608704
1706174657944,1161.9759368896484,658.5190486907959
1706174657955,1161.2133407592773,656.9306659698486
1706174657966,1162.6354598999023,660.5409836769104
1706174657978,1159.737777709961,653.3978962898254
1706174658012,1159.7162246704102,649.0720725059509
1706174658029,1153.2412719726562,650.3974056243896
1706174658033,1153.9261627197266,650.8173322677612
1706174658046,1163.805046081543,651.5177536010742
1706174658055,1158.4339904785156,651.0723996162415
1706174658066,1163.0081176757812,651.0864758491516
1706174658077,1154.3666076660156,655.4311180114746
1706174658088,1161.5342712402344,655.2434706687927
1706174658099,1158.772315979004,659.5501971244812
1706174658110,1163.3177185058594,657.9626727104187
1706174658121,1164.5416259765625,660.4331588745117
1706174658163,1168.969841003418,660.1351118087769
1706174658166,1158.6599731445312,660.5879974365234
1706174658181,1161.9371032714844,655.3326487541199
1706174658190,1165.4563522338867,662.0437717437744
1706174658199,1166.5261459350586,658.1262445449829
1706174658211,1165.3171157836914,654.8383069038391
1706174658222,1161.3969039916992,645.2478647232056
1706174658233,1160.090675354004,644.3081903457642
1706174658244,1164.4137573242188,640.4403162002563
1706174658255,1162.360954284668,644.9667692184448
1706174658266,1159.8433303833008,645.4124450683594
1706174658277,1157.9970932006836,655.7752346992493
1706174658309,1168.6041259765625,655.8476543426514
1706174658310,1167.269287109375,656.3116979598999
1706174658325,1155.3743362426758,661.3435220718384
1706174658333,1155.357666015625,664.7117328643799
1706174658345,1154.3247604370117,665.332760810852
1706174658355,1150.982894897461,664.093987941742
1706174658366,1139.9819946289062,661.5195178985596
1706174658377,1144.1620635986328,661.3279438018799
1706174658388,1149.950180053711,650.9369802474976
1706174658399,1157.9536437988281,649.831223487854
1706174658410,1153.1059265136719,648.1620740890503
1706174658422,1155.7298278808594,644.8001289367676
1706174658461,1155.0071334838867,643.5687804222107
1706174658465,1145.8724212646484,655.0059342384338
1706174658476,1144.8483276367188,658.9801740646362
1706174658487,1148.619728088379,666.8396043777466
1706174658499,1149.4621276855469,664.307599067688
1706174658510,1157.2584533691406,659.0971183776855
1706174658521,1157.888412475586,655.2340078353882
1706174658532,1154.5195388793945,650.2909970283508
1706174658543,1152.706298828125,651.4926910400391
1706174658554,1154.4536590576172,646.590621471405
1706174658566,1154.8022079467773,645.8974957466125
1706174658577,1156.4709854125977,643.8204145431519
1706174658614,1152.298355102539,645.6141257286072
1706174658621,1146.1633682250977,654.7968935966492
1706174658633,1147.3859786987305,649.1293430328369
1706174658644,1147.1918487548828,652.2825479507446
1706174658654,1150.8322525024414,652.5725698471069
1706174658665,1164.014778137207,675.056734085083
1706174658676,1235.5653381347656,678.7387418746948
1706174658686,1278.4505462646484,737.6602220535278
1706174658697,1760.1814270019531,721.0011291503906
1706174658708,nan,nan
1706174658719,nan,nan
1706174658730,nan,nan
1706174658765,nan,nan
1706174658766,nan,nan
1706174658773,nan,nan
1706174658784,nan,nan
1706174658797,nan,nan
1706174658807,nan,nan
1706174658818,nan,nan
1706174658828,nan,nan
1706174658846,nan,nan
1706174658867,nan,nan
1706174658890,nan,nan
1706174658911,nan,nan
1706174658914,nan,nan
1706174658928,nan,nan
1706174658934,nan,nan
1706174658947,nan,nan
1706174658956,nan,nan
1706174658968,nan,nan
1706174658981,nan,nan
1706174658988,nan,nan
1706174659001,nan,nan
1706174659015,nan,nan
1706174659022,nan,nan
1706174659042,nan,nan
1706174659065,nan,nan
1706174659068,nan,nan
1706174659081,nan,nan
1706174659088,nan,nan
1706174659101,nan,nan
1706174659114,nan,nan
1706174659122,nan,nan
1706174659135,nan,nan
1706174659147,nan,nan
1706174659155,nan,nan
1706174659199,nan,nan
1706174659200,nan,nan
1706174659201,nan,nan
1706174659217,nan,nan
1706174659221,nan,nan
1706174659236,nan,nan
1706174659248,nan,nan
1706174659255,nan,nan
1706174659268,nan,nan
1706174659281,nan,nan
1706174659289,nan,nan
1706174659303,nan,nan
1706174659314,nan,nan
1706174659348,nan,nan
1706174659349,nan,nan
1706174659355,nan,nan
1706174659369,nan,nan
1706174659381,nan,nan
1706174659389,nan,nan
1706174659403,nan,nan
1706174659414,nan,nan
1706174659422,nan,nan
1706174659436,nan,nan
1706174659448,nan,nan
1706174659456,nan,nan
1706174659496,nan,nan
1706174659497,nan,nan
1706174659503,nan,nan
1706174659515,nan,nan
1706174659522,nan,nan
1706174659535,nan,nan
1706174659548,nan,nan
1706174659556,nan,nan
1706174659569,nan,nan
1706174659580,nan,nan
1706174659588,nan,nan
1706174659601,nan,nan
1706174659615,nan,nan
1706174659647,nan,nan
1706174659648,nan,nan
1706174659655,nan,nan
1706174659668,nan,nan
1706174659682,nan,nan
1706174659688,nan,nan
1706174659701,nan,nan
1706174659714,nan,nan
1706174659722,nan,nan
1706174659734,nan,nan
1706174659745,nan,nan
1706174659755,nan,nan
1706174659778,nan,nan
1706174659799,nan,nan
1706174659801,nan,nan
1706174659818,nan,nan
1706174659822,nan,nan
1706174659835,nan,nan
1706174659846,nan,nan
1706174659855,nan,nan
1706174659868,nan,nan
1706174659880,nan,nan
1706174659889,nan,nan
1706174659902,nan,nan
1706174659913,nan,nan
1706174659948,nan,nan
1706174659949,nan,nan
1706174659955,nan,nan
1706174659969,nan,nan
1706174659980,nan,nan
1706174659988,nan,nan
1706174660002,nan,nan
1706174660013,nan,nan
1706174660022,nan,nan
1706174660036,nan,nan
1706174660045,nan,nan
1706174660055,nan,nan
1706174660099,nan,nan
1706174660100,nan,nan
1706174660101,nan,nan
1706174660116,nan,nan
1706174660122,nan,nan
1706174660136,nan,nan
1706174660146,nan,nan
1706174660155,nan,nan
1706174660167,nan,nan
1706174660182,nan,nan
1706174660188,nan,nan
1706174660201,nan,nan
1706174660245,nan,nan
1706174660246,nan,nan
1706174660247,nan,nan
1706174660262,nan,nan
1706174660268,nan,nan
1706174660281,nan,nan
1706174660288,nan,nan
1706174660300,nan,nan
1706174660314,nan,nan
1706174660321,nan,nan
1706174660334,nan,nan
1706174660347,nan,nan
1706174660382,nan,nan
1706174660389,nan,nan
1706174660401,nan,nan
1706174660414,nan,nan
1706174660422,nan,nan
1706174660434,nan,nan
1706174660447,nan,nan
1706174660455,nan,nan
1706174660467,nan,nan
1706174660480,nan,nan
1706174660488,nan,nan
1706174660538,nan,nan
1706174660539,nan,nan
1706174660553,nan,nan
1706174660568,nan,nan
1706174660580,nan,nan
1706174660586,nan,nan
1706174660601,nan,nan
1706174660613,nan,nan
1706174660620,nan,nan
1706174660635,nan,nan
1706174660647,nan,nan
1706174660655,nan,nan
1706174660702,nan,nan
1706174660703,nan,nan
1706174660708,nan,nan
1706174660718,nan,nan
1706174660730,nan,nan
1706174660741,nan,nan
1706174660752,nan,nan
1706174660763,nan,nan
1706174660775,nan,nan
1706174660784,nan,nan
1706174660802,nan,nan
1706174660849,nan,nan
1706174660850,nan,nan
1706174660857,nan,nan
1706174660872,nan,nan
1706174660885,nan,nan
1706174660890,nan,nan
1706174660904,nan,nan
1706174660916,nan,nan
1706174660925,nan,nan
1706174660937,nan,nan
1706174660948,nan,nan
1706174660958,nan,nan
1706174660978,nan,nan
1706174660998,nan,nan
1706174660999,nan,nan
1706174661003,nan,nan
1706174661014,nan,nan
1706174661022,nan,nan
1706174661036,nan,nan
1706174661047,nan,nan
1706174661056,nan,nan
1706174661069,nan,nan
1706174661080,nan,nan
1706174661089,nan,nan
1706174661101,nan,nan
1706174661133,nan,nan
1706174661134,nan,nan
1706174661151,nan,nan
1706174661155,nan,nan
1706174661168,nan,nan
1706174661180,nan,nan
1706174661189,nan,nan
1706174661200,nan,nan
1706174661212,nan,nan
1706174661223,nan,nan
1706174661233,nan,nan
1706174661245,nan,nan
1706174661282,nan,nan
1706174661283,nan,nan
1706174661289,nan,nan
1706174661300,nan,nan
1706174661312,nan,nan
1706174661322,nan,nan
1706174661333,nan,nan
1706174661345,nan,nan
1706174661356,nan,nan
1706174661367,nan,nan
1706174661386,nan,nan
1706174661431,nan,nan
1706174661434,nan,nan
1706174661446,nan,nan
1706174661455,nan,nan
1706174661467,nan,nan
1706174661477,nan,nan
1706174661496,nan,nan
1706174661519,nan,nan
1706174661533,nan,nan
1706174661578,nan,nan
1706174661579,1496.3969421386719,761.9901752471924
1706174661584,1505.3535461425781,767.2820663452148
1706174661595,1517.6986694335938,754.8483753204346
1706174661608,1471.6722869873047,748.2104444503784
1706174661618,1473.8497161865234,760.9946250915527
1706174661629,1404.4351196289062,737.3204612731934
1706174661640,1362.5591278076172,724.2626523971558
1706174661651,1321.3249969482422,703.8905668258667
1706174661662,1254.3016815185547,675.576696395874
1706174661674,1256.319236755371,673.2296991348267
1706174661685,1252.6930236816406,664.8874068260193
1706174661695,1248.697624206543,671.5543484687805
1706174661707,1244.966926574707,664.0716934204102
1706174661746,1249.5209884643555,676.1360764503479
1706174661747,1249.5584869384766,676.8716669082642
1706174661750,1252.0979690551758,675.1372647285461
1706174661764,1251.698112487793,673.8208365440369
1706174661773,1255.362548828125,678.3817720413208
1706174661784,1248.90869140625,674.8753523826599
1706174661795,1246.3293075561523,674.9424076080322
1706174661806,1246.4030075073242,669.9450445175171
1706174661817,1246.6267395019531,675.8089756965637
1706174661828,1229.1497421264648,668.184700012207
1706174661840,1216.9843673706055,667.335319519043
1706174661880,1206.3706588745117,665.7052445411682
1706174661881,1207.6363372802734,662.8834104537964
1706174661884,1206.7462539672852,662.426061630249
1706174661896,1206.1123275756836,668.9894270896912
1706174661906,1206.0069274902344,667.7409768104553
1706174661918,1206.31591796875,671.7893099784851
1706174661929,1200.068473815918,672.0700192451477
1706174661939,1200.7909774780273,676.9693207740784
1706174661950,1201.459846496582,668.7178158760071
1706174661961,1205.925064086914,666.6671276092529
1706174661972,1208.2803344726562,664.2635679244995
1706174661984,1205.7759094238281,673.3743453025818
1706174661995,1202.6512145996094,694.988272190094
1706174662031,1209.8078918457031,741.1094570159912
1706174662032,1215.5445098876953,776.0114765167236
1706174662046,1235.3118896484375,826.1194753646851
1706174662051,1235.0492858886719,830.9686088562012
1706174662062,1235.2012634277344,829.3899250030518
1706174662073,1230.8386611938477,816.1474514007568
1706174662084,1234.649772644043,813.4338712692261
1706174662095,1238.384666442871,817.5600099563599
1706174662106,1244.2618942260742,823.710765838623
1706174662117,1239.1023635864258,824.3994283676147
1706174662128,1229.8834991455078,819.0439796447754
1706174662140,1229.6965789794922,819.4329214096069
1706174662181,1234.7715377807617,818.4642791748047
1706174662182,1234.1902542114258,815.4939794540405
1706174662184,1230.2377319335938,813.6832094192505
1706174662199,1236.0268020629883,820.6841611862183
1706174662206,1232.1698379516602,823.9947366714478
1706174662218,1234.4115829467773,825.2551174163818
1706174662229,1228.7776947021484,823.5841226577759
1706174662240,1232.5674057006836,824.4247913360596
1706174662251,1231.335334777832,824.4988203048706
1706174662262,1234.0365982055664,822.8516006469727
1706174662273,1234.8871612548828,819.302544593811
1706174662285,1235.989990234375,820.2028226852417
1706174662295,1230.1434326171875,825.2450323104858
1706174662333,1229.2041397094727,823.5105657577515
1706174662334,1232.2148132324219,814.1366958618164
1706174662339,1319.3811798095703,829.5305585861206
1706174662350,1475.8943939208984,846.0535669326782
1706174662361,1783.1726837158203,888.0393648147583
1706174662372,1961.2625122070312,886.0067224502563
1706174662384,2071.3316345214844,897.5122404098511
1706174662394,2087.100143432617,903.1115770339966
1706174662406,2086.772003173828,897.1579742431641
1706174662417,2089.121627807617,893.9528846740723
1706174662428,2087.956314086914,896.4374256134033
1706174662467,2092.3006439208984,899.1907453536987
1706174662468,2092.0438385009766,902.0518255233765
1706174662473,2090.2843475341797,895.524787902832
1706174662486,2084.459915161133,899.5355701446533
1706174662495,2081.0689544677734,899.2179536819458
1706174662506,2065.0042724609375,900.902681350708
1706174662517,2043.1571197509766,904.9401140213013
1706174662528,1997.8941345214844,924.8040819168091
1706174662539,1996.9353485107422,927.8332614898682
1706174662550,2002.4063110351562,931.7005777359009
1706174662562,2000.3199768066406,935.8293342590332
1706174662573,2000.6422424316406,938.241777420044
1706174662584,1993.7916564941406,937.2379446029663
1706174662615,1990.9015655517578,936.8587875366211
1706174662616,1991.71875,936.4210081100464
1706174662617,1994.0437316894531,933.2791328430176
1706174662634,1991.0713958740234,933.232569694519
1706174662640,1990.4924774169922,930.8632135391235
1706174662652,1990.4199981689453,935.3307008743286
1706174662662,1998.5700988769531,941.8334054946899
1706174662673,1998.6214447021484,945.5229663848877
1706174662684,1969.752426147461,938.426570892334
1706174662695,1823.4003448486328,910.9983444213867
1706174662705,1747.3451232910156,908.6096334457397
1706174662717,1567.667465209961,886.6877460479736
1706174662728,1260.612678527832,860.0204515457153
1706174662771,1233.4527587890625,864.286322593689
1706174662772,1218.4930801391602,867.9070472717285
1706174662790,1237.3335647583008,870.2065801620483
1706174662794,1230.1179504394531,867.8015613555908
1706174662806,1228.6127853393555,870.2400970458984
1706174662817,1228.377571105957,872.9517889022827
1706174662828,1236.5620803833008,868.5544681549072
1706174662839,1239.2418670654297,864.3561887741089
1706174662850,1238.4304809570312,858.1371545791626
1706174662861,1240.0074768066406,856.8758296966553
1706174662872,1236.0470581054688,862.5143909454346
1706174662884,1233.501205444336,864.2837047576904
1706174662919,1222.2777938842773,867.3431396484375
1706174662920,1224.549446105957,860.1379108428955
1706174662928,1237.5331115722656,901.1675119400024
1706174662939,1240.234718322754,886.2087249755859
1706174662951,1254.3266677856445,932.5276851654053
1706174662960,1306.7483520507812,853.8367366790771
1706174662971,1369.532470703125,1045.1590061187744
1706174662982,nan,nan
1706174662993,nan,nan
1706174663004,nan,nan
1706174663015,nan,nan
1706174663026,nan,nan
1706174663047,nan,nan
1706174663067,nan,nan
1706174663068,nan,nan
1706174663082,nan,nan
1706174663091,nan,nan
1706174663101,nan,nan
1706174663121,nan,nan
1706174663140,nan,nan
1706174663151,nan,nan
1706174663161,nan,nan
1706174663201,nan,nan
1706174663202,nan,nan
1706174663206,nan,nan
1706174663219,nan,nan
1706174663227,nan,nan
1706174663240,nan,nan
1706174663251,nan,nan
1706174663261,nan,nan
1706174663272,nan,nan
1706174663284,nan,nan
1706174663294,nan,nan
1706174663306,nan,nan
1706174663328,nan,nan
1706174663350,nan,nan
1706174663351,nan,nan
1706174663367,nan,nan
1706174663373,nan,nan
1706174663386,nan,nan
1706174663394,nan,nan
1706174663406,nan,nan
1706174663418,nan,nan
1706174663428,nan,nan
1706174663439,nan,nan
1706174663451,nan,nan
1706174663460,nan,nan
1706174663502,nan,nan
1706174663503,nan,nan
1706174663505,nan,nan
1706174663519,nan,nan
1706174663527,nan,nan
1706174663539,nan,nan
1706174663551,nan,nan
1706174663561,nan,nan
1706174663572,nan,nan
1706174663584,nan,nan
1706174663594,nan,nan
1706174663606,nan,nan
1706174663628,nan,nan
1706174663648,nan,nan
1706174663650,nan,nan
1706174663664,nan,nan
1706174663672,nan,nan
1706174663684,nan,nan
1706174663693,nan,nan
1706174663705,nan,nan
1706174663717,nan,nan
1706174663727,nan,nan
1706174663738,nan,nan
1706174663751,nan,nan
1706174663783,nan,nan
1706174663784,nan,nan
1706174663800,nan,nan
1706174663806,nan,nan
1706174663817,nan,nan
1706174663826,nan,nan
1706174663838,nan,nan
1706174663850,nan,nan
1706174663860,nan,nan
1706174663872,nan,nan
1706174663884,nan,nan
1706174663893,nan,nan
1706174663934,nan,nan
1706174663935,nan,nan
1706174663939,nan,nan
1706174663951,nan,nan
1706174663961,nan,nan
1706174663972,nan,nan
1706174663984,nan,nan
1706174663995,nan,nan
1706174664006,nan,nan
1706174664027,nan,nan
1706174664040,nan,nan
1706174664052,nan,nan
1706174664085,nan,nan
1706174664086,nan,nan
1706174664103,nan,nan
1706174664107,nan,nan
1706174664119,nan,nan
1706174664134,nan,nan
1706174664156,nan,nan
1706174664171,nan,nan
1706174664189,nan,nan
1706174664199,nan,nan
1706174664235,nan,nan
1706174664236,1368.3796691894531,845.0473308563232
1706174664252,1319.8551940917969,806.5222263336182
1706174664256,1312.3422241210938,778.379716873169
1706174664269,1307.4897003173828,808.6181259155273
1706174664278,1304.1373443603516,808.5978269577026
1706174664290,1310.931167602539,813.5442066192627
1706174664300,1309.168472290039,812.6187372207642
1706174664311,1294.607925415039,812.2497081756592
1706174664322,1298.10546875,814.1923999786377
1706174664333,1294.365005493164,816.2964534759521
1706174664345,1299.7736358642578,821.2421464920044
1706174664363,1291.0426330566406,824.7888851165771
1706174664384,1291.6706085205078,837.5439691543579
1706174664389,1290.8869171142578,834.3763446807861
1706174664401,1287.5902557373047,835.6708860397339
1706174664412,1292.0950317382812,840.8676338195801
1706174664423,1292.4122619628906,843.4641408920288
1706174664434,1288.616714477539,844.0315675735474
1706174664445,1287.424545288086,843.53675365448
1706174664456,1288.483009338379,846.4171457290649
1706174664467,1303.036880493164,832.666425704956
1706174664478,1307.4851989746094,823.5847234725952
1706174664516,1310.5793762207031,809.5672416687012
1706174664522,1311.9660949707031,819.8191595077515
1706174664535,1315.3217315673828,815.6852531433105
1706174664544,1313.686752319336,816.2486028671265
1706174664556,1313.1565856933594,811.4390802383423
1706174664566,1310.0926208496094,810.5120658874512
1706174664577,1311.1077880859375,815.0511360168457
1706174664589,1313.1108856201172,824.9808883666992
1706174664600,1316.3738250732422,828.4223985671997
1706174664611,1314.9010467529297,823.863115310669
1706174664623,1317.4470520019531,818.9748001098633
1706174664633,1316.6805267333984,822.048397064209
1706174664670,1304.1679382324219,818.2142114639282
