timestamp,x,y
1706174632579,1070.860787874163,744.0402336418629
1706174632580,1017.614325444715,683.740146458149
1706174632586,966.925085721901,623.5194467008114
1706174632607,969.3177751094001,623.3655981719494
1706174632608,975.618496779924,619.6575909852982
1706174632619,978.7900606720482,617.2061573714018
1706174632630,977.0191982447722,616.5297292172909
1706174632641,976.3139153817982,616.526572406292
1706174632652,971.3501551394859,615.0025829672813
1706174632664,968.1623959039796,615.5645377933979
1706174632675,966.3150091149843,616.8661914765835
1706174632686,970.1783578214754,619.0825417637825
1706174632697,976.7959887811247,625.4085928201675
1706174632708,995.5777289331104,666.9023253023624
1706174632747,1072.806971771256,782.8266680240631
1706174632748,1113.873037166378,856.9925308227539
1706174632753,1158.3316907713643,959.9285498261452
1706174632764,1159.9594608929092,962.1090993285179
1706174632775,1160.2138148103595,954.0875151753426
1706174632786,1159.6396037746567,962.1076837182045
1706174632797,1158.4224357355101,963.0719974637032
1706174632808,1162.4915324506776,961.2386405467987
1706174632819,1168.5431119855616,962.8904312849045
1706174632831,1173.1930820858374,964.6542817354202
1706174632842,1169.97906524895,970.7788065075874
1706174632853,1162.147577279121,971.7201590538025
1706174632895,1148.5352654002468,958.9686244726181
1706174632897,893.0169845381116,687.8238141536713
1706174632913,785.8543033187851,606.7280575633049
1706174632919,635.910646329861,524.2049694061279
1706174632932,625.7832807973303,519.1811701282859
1706174632941,631.3608941125458,522.3873753100634
1706174632952,644.5416661580693,525.6014548242092
1706174632963,642.2442352271764,526.1717405170202
1706174632974,645.0207637263707,525.4970783367753
1706174632985,649.9971906151882,523.5986741259694
1706174632997,652.9990219300006,525.7358280941844
1706174633008,651.7980144760899,528.3484537154436
1706174633043,656.1033182957341,530.1269274204969
1706174633053,535.9313093903227,499.9258616939187
1706174633064,498.31766863656094,491.28953106701374
1706174633077,471.0226917848484,489.3204666674137
1706174633086,457.8335445381036,483.4286894649267
1706174633097,457.0850472611849,484.8279742524028
1706174633108,458.2447863707316,488.2353978231549
1706174633120,458.4640946324372,492.0720273628831
1706174633130,456.5986238227094,492.1996835619211
1706174633141,451.3851015053535,490.7202575355768
1706174633152,452.00181629922196,488.06443102657795
1706174633163,451.26985225177964,488.101052865386
1706174633198,453.4137437162924,487.2972445562482
1706174633199,458.4565978926592,487.66697365790606
1706174633208,465.09966176293875,488.0029333755374
1706174633229,492.3240857286262,481.19979333132505
1706174633230,502.02564944326207,479.9228137359023
1706174633242,507.91697063672973,478.3933565020561
1706174633253,499.5675032374215,481.52230475097895
1706174633263,497.3962013120212,478.01870461553335
1706174633274,500.25682909348757,477.0170470699668
1706174633285,504.29642102209453,479.71263099461794
1706174633297,504.4262649722942,480.52910547703505
1706174633308,502.7028663475413,481.24969713389874
1706174633319,508.3399312357267,478.52817568928003
1706174633330,515.8830193971279,481.2554020434618
1706174633341,554.5152006509197,478.77459451556206
1706174633377,661.5438819821889,470.3245369717479
1706174633378,704.2155539063097,467.6377970725298
1706174633386,735.18509368365,470.0452795252204
1706174633397,737.5009046934923,468.4634977951646
1706174633409,745.235878673825,467.7713245153427
1706174633419,740.4903549043271,467.280132509768
1706174633430,737.6156447711535,469.7717906907201
1706174633441,734.8146170917228,469.240777567029
1706174633452,737.5092240906935,468.49384140223265
1706174633464,740.2565632230627,467.2474956139922
1706174633475,742.0001892574592,468.75137984752655
1706174633486,746.1778438912062,470.45287266373634
1706174633527,748.4732428403368,471.1742641404271
1706174633528,750.0376512367166,471.0142683237791
1706174633530,796.6802998330744,472.80179131776094
1706174633544,880.6313211758475,471.20467852801085
1706174633552,1076.420660353121,463.1890240125358
1706174633563,1109.9133702152044,457.002070825547
1706174633574,1118.6128425885508,453.9746324531734
1706174633585,1105.0726015704163,449.4864594191313
1706174633597,1104.855227814271,447.0149648375809
1706174633608,1104.3983764429124,443.6649814248085
1706174633618,1107.9118656952096,441.71101097017527
1706174633630,1113.1645452465436,444.7629677131772
1706174633641,1111.175010171326,446.1496217176318
1706174633678,1111.2028352673137,449.8890713788569
1706174633679,1108.22356478737,451.0683915577829
1706174633685,1114.6604207412886,457.3773367330432
1706174633697,1114.7948413020047,455.8359759859741
1706174633708,1130.450885317582,456.00808588787913
1706174633721,1210.954671125472,452.532877586782
1706174633730,1277.9044562413594,456.46197833120823
1706174633741,1339.8146798840885,453.5489938221872
1706174633752,1421.0757555619912,453.3747021108866
1706174633763,1423.051513620195,453.38841937482357
1706174633774,1426.9862320760208,454.283366445452
1706174633785,1424.805706941848,455.5979729630053
1706174633797,1426.7760921086278,453.8178376853466
1706174633808,1429.2922091010155,456.01253090426326
1706174633847,1432.720829519226,455.25446627289057
1706174633852,1440.4299464005735,443.94261091947556
1706174633868,1441.953900260697,446.6519545763731
1706174633875,1440.6445357785733,449.8245089314878
1706174633884,1439.2713729999875,450.2746181562543
1706174633896,1436.0382344139473,449.3835427798331
1706174633907,1434.3345642919276,450.0851210206747
1706174633918,1436.18071921718,449.2578932084143
1706174633929,1440.7657796233232,449.4998670183122
1706174633941,1445.4672101665467,448.65252869203687
1706174633951,1465.1228164418199,447.4187942221761
1706174633994,1487.68227941903,445.8032254129648
1706174633996,1554.7545073185363,441.3082149811089
1706174634012,1551.8239164995396,441.23192597180605
1706174634018,1551.7315693905316,446.8232381157577
1706174634029,1555.2003161037771,446.90700862556696
1706174634041,1558.177720898003,447.27385342121124
1706174634051,1558.6299110845387,445.96697790548205
1706174634063,1558.0359081090967,442.7044208161533
1706174634074,1557.597654201376,444.2221391014755
1706174634085,1557.9857533916186,441.9384659267962
1706174634096,1557.0409774158354,444.87983165308833
1706174634107,1554.012068283555,445.6826596520841
1706174634145,1573.8801454359518,448.8405358977616
1706174634146,1601.9852283308114,454.4947436079383
1706174634152,1689.0510034898134,455.6792236864567
1706174634163,1687.0271287826276,451.13057754933834
1706174634175,1684.5883000605002,452.01382637023926
1706174634185,1678.529636623673,449.23576368018985
1706174634197,1677.2795712220498,450.1072399318218
1706174634208,1679.797373512168,450.3838342614472
1706174634218,1683.1943350351492,452.60920906439424
1706174634230,1687.3273497834223,454.6442090533674
1706174634241,1689.1362906471502,455.1324070431292
1706174634251,1690.9069757416737,456.287844106555
1706174634262,1690.2599592905283,454.46054954081774
1706174634308,1687.612622705238,456.5295984968543
1706174634309,1687.7214081734796,457.5544065795839
1706174634318,1490.9168468470239,478.7074415013194
1706174634329,1396.4776848272425,483.45222044736147
1706174634340,1203.918529217603,507.5663847848773
1706174634351,853.6543590776287,556.5309334546328
1706174634362,800.3768917986488,562.8594405949116
1706174634374,725.1934224072291,570.5627955496311
1706174634385,664.6591893253842,567.6023155450821
1706174634396,666.90197443796,568.2214256376028
1706174634407,666.625455288731,571.7395640909672
1706174634418,668.1493592873276,578.9516244083643
1706174634430,665.0246727201784,577.4727646261454
1706174634469,663.4707021640668,574.1332054138184
1706174634470,660.6322279211297,576.354630663991
1706174634474,658.1305461271206,579.0063306689262
1706174634490,658.5806851568159,580.5328398942947
1706174634496,649.5449252826236,576.8885564059019
1706174634507,612.6892834232046,574.1014957427979
1706174634518,513.8539857225442,568.2778306305408
1706174634530,472.9457346193061,570.7638900727034
1706174634541,453.77112349009195,574.2414500564337
1706174634552,439.77590355610323,574.7797571122646
1706174634563,440.8973617532327,573.1280229985714
1706174634574,444.0115726808204,570.4033270478249
1706174634585,442.12887072375594,568.3002680540085
1706174634624,440.52819123517554,567.1844910830259
1706174634625,439.5221176044424,570.2743791043758
1706174634630,439.4836136065308,562.1489316225052
1706174634641,432.44907061685655,557.5545895844698
1706174634653,433.1499353004678,557.1047157049179
1706174634662,428.59269352092053,555.6163854897022
1706174634673,426.85875995827547,556.9494303315878
1706174634685,390.60788405171706,555.7873345911503
1706174634695,376.622151883135,558.3848591893911
1706174634707,369.7155211572207,557.2979040443897
1706174634718,374.8308066233102,553.9643470197916
1706174634729,373.57038793388165,552.9941443353891
1706174634740,374.5370082443305,553.3147517591715
1706174634751,379.294129355113,557.0325620472431
1706174634776,381.2395659233392,556.7744679749012
1706174634800,378.4098954409259,557.0140529423952
1706174634801,375.81861069430585,558.836205303669
1706174634807,380.1172033964171,561.5515936166048
1706174634818,383.72303563543534,558.5701413452625
1706174634830,382.5534595800598,556.0254260897636
1706174634841,383.1859443654138,552.1852858364582
1706174634851,455.7619330654951,548.8352511078119
1706174634862,516.1025140874501,546.9589799642563
1706174634873,585.767132169248,542.425636574626
1706174634884,655.9738784367747,547.9983139783144
1706174634896,659.2948126035297,546.3450510054827
1706174634906,658.4870758763228,550.0610493123531
1706174634948,663.8086970489597,556.4187038689852
1706174634949,664.0743555629828,557.2577714920044
1706174634951,670.3558157202955,554.354913905263
1706174634964,670.9068123960694,552.3191247135401
1706174634973,671.405044878643,554.4774703681469
1706174634986,667.5791418063841,548.5004168003798
1706174634995,667.7761222989346,549.9419044703245
1706174635006,677.6620946268065,552.5108903646469
1706174635018,730.4103575882189,540.351116284728
1706174635028,765.8275305544732,543.0409952998161
1706174635039,789.5295338903161,542.3045594245195
1706174635051,788.46872366294,549.5008710771799
1706174635072,786.0001924565806,549.4870759546757
1706174635094,789.2890521203229,548.968268930912
1706174635095,791.5570360587783,543.9351089298725
1706174635112,788.5144244214414,542.2126650810242
1706174635117,791.035053784988,543.0093847215176
1706174635128,820.5827329744914,571.1757265031338
1706174635140,891.8512382046881,629.1525140404701
1706174635151,1081.6775614135572,768.1636348366737
1706174635162,1144.7992519193003,824.6590569615364
1706174635173,1176.6205598788506,855.640934407711
1706174635184,1182.5388407160895,880.3139463067055
1706174635195,1183.6736050779987,874.286787211895
1706174635206,1185.8335061981331,871.371054649353
1706174635244,1186.2183310495388,870.970493555069
1706174635251,1193.677330498012,876.3816639780998
1706174635266,1194.8671351836101,876.4583051204681
1706174635273,1191.333294684232,878.1394839286804
1706174635285,1188.8896727485735,877.7637243270874
1706174635296,1190.0927033024054,875.9300276637077
1706174635306,1194.310509478032,885.8855620026588
1706174635317,1196.4828020338864,940.5101984739304
1706174635329,1197.6928147563224,978.424234688282
1706174635340,1201.052772499872,1006.7039385437965
1706174635350,1208.1757968798265,1013.2635653018951
1706174635362,1213.1060170840262,1013.3694529533386
1706174635373,1212.5046596546872,1012.3579993844032
1706174635415,1214.279616704971,1015.7996028661728
1706174635417,1208.3244206458744,1009.3677490949631
1706174635434,1206.2765302718017,1008.8043361902237
1706174635440,1202.1197821866676,1009.6604406833649
1706174635451,1205.6628191338812,1008.6139932274818
1706174635462,1205.22595680737,1009.5658779144287
1706174635473,1208.2116936299662,1005.4368540644646
1706174635484,1222.9696001806922,1046.4880242943764
1706174635494,1231.5859080176756,1055.487285554409
1706174635505,1241.898733251834,1093.311968445778
1706174635516,nan,nan
1706174635527,nan,nan
1706174635561,nan,nan
1706174635562,nan,nan
1706174635571,nan,nan
1706174635582,nan,nan
1706174635596,1003.2146640990557,1246.6205835342407
1706174635605,1225.240487805544,1128.359705209732
1706174635616,1245.8510804166867,1139.2212867736816
1706174635628,1280.7946089155698,1089.4247591495514
1706174635639,1250.8824493122672,1068.5348525643349
1706174635650,1249.984763813472,1049.2949813604355
1706174635662,1241.549407302494,1037.70911693573
1706174635673,1244.257088889215,1031.8681105971336
1706174635713,1237.2287160473497,1012.1250748634338
1706174635714,1243.9032313221314,1022.3506793379784
1706174635717,1243.4981504744994,1037.0888248085976
1706174635729,1243.6648788854427,1040.0385603308678
1706174635741,1243.366606243369,1041.4262548089027
1706174635750,1247.1748459709765,1045.6589296460152
1706174635761,1245.4747760928726,1044.2285686731339
1706174635772,1243.2885106477188,1042.3035651445389
1706174635783,1241.7578481633675,1037.2139930725098
1706174635795,1246.5275417939367,1032.653547823429
1706174635806,1243.7686287510573,1035.3403478860855
1706174635818,1244.6545923270273,1035.0776389241219
1706174635828,1241.0396219110603,1038.780677318573
1706174635840,1245.4167338697548,1031.7799463868141
1706174635886,1250.5786442760027,1035.2980494499207
1706174635888,1254.2033841417683,1034.7287192940712
1706174635895,1253.4145072692168,1039.6814584732056
1706174635908,1252.325876240894,1039.6498620510101
1706174635917,1254.7430109881377,1041.070681810379
1706174635929,1251.6018808305516,1043.8886806368828
1706174635940,1252.415282840284,1039.2886266112328
1706174635950,1253.1715600338644,1035.5630233883858
1706174635961,1255.8771193659195,1029.2185127735138
1706174635972,1256.498729119345,1030.4417699575424
1706174635983,1250.8205000296866,1026.7628535628319
1706174635995,1253.6933433073075,1030.9288248419762
1706174636032,1252.9855662821305,1031.5621688961983
1706174636039,1260.8005437535958,1034.2249602079391
1706174636050,1257.5241592269513,1032.996267080307
1706174636061,1233.6643051205792,1029.3672651052475
1706174636073,1305.566069552323,1055.0978511571884
1706174636082,1372.4283427243456,1102.524420619011
1706174636093,1576.0548535795372,1160.294571518898
1706174636104,nan,nan
1706174636115,nan,nan
1706174636126,nan,nan
1706174636137,nan,nan
1706174636148,nan,nan
1706174636160,nan,nan
1706174636199,nan,nan
1706174636200,nan,nan
1706174636204,nan,nan
1706174636217,nan,nan
1706174636226,nan,nan
1706174636238,1563.54845353371,1275.6300628185272
1706174636248,1563.54845353371,1275.6300628185272
1706174636260,1563.54845353371,1275.6300628185272
1706174636272,1393.5267787043751,974.8711377382278
1706174636283,1301.5095204623744,1031.9271698594093
1706174636294,1273.673441333326,1005.3116008639336
1706174636306,1235.6654527423525,990.286086499691
1706174636323,1216.938301100262,921.5333476662636
1706174636367,1224.787678153156,927.8511315584183
1706174636368,1226.319559199385,936.1918225884438
1706174636372,1214.677166582277,941.8990537524223
1706174636385,1208.4071020800466,942.865689098835
1706174636395,1212.2001542231956,942.1563267707825
1706174636406,1210.4600132938272,938.9647766947746
1706174636417,1214.931214719602,938.7021526694298
1706174636428,1216.1948469942513,938.9850199222565
1706174636439,1220.9413081190478,941.224855184555
1706174636450,1221.5565419112772,939.1504198312759
1706174636462,1224.4023791863879,939.0349060297012
1706174636473,1226.4522249633305,944.3008631467819
1706174636483,1226.2402780729446,944.123487174511
1706174636495,1225.497849739941,947.364866733551
1706174636534,1219.4487282694222,938.0355700850487
1706174636539,1399.8464752257958,1034.8049357533455
1706174636550,1720.829767649113,1130.7349011301994
1706174636559,1776.198451414078,1139.1517519950867
1706174636570,1714.8965613609355,973.868602514267
1706174636581,nan,nan
1706174636593,nan,nan
1706174636604,nan,nan
1706174636615,nan,nan
1706174636626,nan,nan
1706174636637,nan,nan
1706174636648,nan,nan
1706174636658,nan,nan
1706174636695,nan,nan
1706174636696,nan,nan
1706174636702,nan,nan
1706174636713,nan,nan
1706174636726,nan,nan
1706174636735,nan,nan
1706174636746,nan,nan
1706174636758,nan,nan
1706174636769,nan,nan
1706174636780,nan,nan
1706174636791,nan,nan
1706174636802,nan,nan
1706174636825,nan,nan
1706174636845,nan,nan
1706174636846,nan,nan
1706174636847,nan,nan
1706174636858,nan,nan
1706174636877,nan,nan
1706174636880,nan,nan
1706174636893,nan,nan
1706174636902,nan,nan
1706174636913,nan,nan
1706174636925,nan,nan
1706174636936,nan,nan
1706174636947,nan,nan
1706174636957,nan,nan
1706174636974,nan,nan
1706174637017,nan,nan
1706174637018,nan,nan
1706174637036,nan,nan
1706174637038,nan,nan
1706174637049,nan,nan
1706174637059,nan,nan
1706174637071,nan,nan
1706174637082,nan,nan
1706174637093,nan,nan
1706174637106,nan,nan
1706174637115,nan,nan
1706174637127,nan,nan
1706174637138,nan,nan
1706174637182,nan,nan
1706174637198,nan,nan
1706174637205,nan,nan
1706174637216,nan,nan
1706174637227,nan,nan
1706174637238,nan,nan
1706174637249,nan,nan
1706174637260,nan,nan
1706174637271,nan,nan
1706174637282,nan,nan
1706174637294,nan,nan
1706174637330,nan,nan
1706174637331,nan,nan
1706174637339,nan,nan
1706174637348,nan,nan
1706174637361,nan,nan
1706174637372,nan,nan
1706174637382,nan,nan
1706174637394,nan,nan
1706174637405,nan,nan
1706174637414,nan,nan
1706174637427,nan,nan
1706174637467,nan,nan
1706174637468,nan,nan
1706174637471,nan,nan
1706174637489,nan,nan
1706174637493,nan,nan
1706174637505,nan,nan
1706174637516,nan,nan
1706174637527,nan,nan
1706174637537,nan,nan
1706174637556,nan,nan
1706174637575,nan,nan
1706174637593,nan,nan
1706174637624,nan,nan
1706174637625,nan,nan
1706174637629,nan,nan
1706174637641,1296.0787630282316,941.934472322464
1706174637654,1308.767892134709,924.532912671566
1706174637664,1307.723370764327,924.9033495783806
1706174637675,1310.5511449407345,921.811543405056
1706174637686,1316.8676459228557,923.4885320067406
1706174637697,1319.2673316476516,926.6528740525246
1706174637708,1318.8934228789424,926.7094418406487
1706174637719,1267.6046203194824,916.7184889316559
1706174637761,1251.648264445666,913.5479748249054
1706174637762,1230.0697512690604,913.9309257268906
1706174637764,1205.6354449128605,912.5254228711128
1706174637777,1213.578416918518,909.3191221356392
1706174637786,1226.974123304056,900.6941765546799
1706174637797,1222.8255567103165,899.1761609911919
1706174637809,1218.028507290216,901.7385005950928
1706174637820,1215.9356750135069,905.9551224112511
1706174637831,1214.5274633518734,910.0213780999184
1706174637842,1212.5863770234748,909.452897310257
1706174637853,1212.3219819276069,908.4000512957573
1706174637864,1215.659999222263,907.0655271410942
1706174637876,1222.1863524273922,902.9771313071251
1706174637912,1222.8326462059968,908.3575546741486
1706174637913,1216.294757864137,908.2430317997932
1706174637920,1210.9040760889231,901.1012777686119
1706174637931,1213.818523447917,899.0819662809372
1706174637944,1215.7325729827248,900.9103402495384
1706174637953,1254.2972074355525,909.086537361145
1706174637965,1268.7422536967538,911.1326321959496
1706174637975,1279.270652570161,912.1398106217384
1706174637986,1269.8536144311597,913.1776228547096
1706174637997,1270.2529390754326,916.6924983263016
1706174638008,1267.70572312485,918.9767837524414
1706174638019,1272.8580945463523,916.201876103878
1706174638041,1269.7330337028152,913.1446957588196
1706174638062,1274.8427483303649,911.731718480587
1706174638064,1269.5939278021328,909.4489336013794
1706174638079,1269.0099208120953,912.3015582561493
1706174638086,1272.4569577586703,919.9813291430473
1706174638098,1271.7963533092566,921.3598787784576
1706174638108,1270.5627893175579,918.2786896824837
1706174638119,1271.0085811806755,917.3907905817032
1706174638131,1274.3027900109068,913.9685526490211
1706174638142,1276.6925102036707,913.8018786907196
1706174638153,1274.122259735031,912.1069967746735
1706174638164,1269.671647310503,915.6453430652618
1706174638175,1267.6229526053485,917.1560823917389
1706174638210,1266.486463560154,916.3936629891396
1706174638211,1270.018214496134,911.9600564241409
1706174638226,1268.9570826887316,918.7723413109779
1706174638232,1278.5707008182019,945.2298432588577
1706174638242,1319.422153440059,993.4874892234802
1706174638253,1445.8754067362604,1090.3031453490257
1706174638264,1475.5708373535824,1104.85210865736
1706174638275,1498.2285322015248,1105.8194801211357
1706174638286,1485.7659524821547,1099.3856728076935
1706174638298,1490.3531234615803,1099.887591600418
1706174638309,1491.2210524598272,1096.6869533061981
1706174638320,1493.8466220960704,1100.6885156035423
1706174638338,1490.1665092025037,1100.2949193120003
1706174638362,1489.629149985502,1102.2561341524124
1706174638363,1489.0929100813787,1101.248474419117
1706174638378,1487.4280434486757,1147.8595957159996
1706174638384,1475.5846225776058,1216.999900341034
1706174638397,1608.5852214701658,1267.0496240258217
1706174638406,nan,nan
1706174638417,nan,nan
1706174638429,nan,nan
1706174638439,nan,nan
1706174638450,nan,nan
1706174638462,nan,nan
1706174638473,nan,nan
1706174638484,nan,nan
1706174638516,nan,nan
1706174638518,1588.4656902399481,1262.4069884419441
1706174638534,1564.567735345489,1257.401305437088
1706174638541,1479.7624487822852,1105.1928743720055
1706174638553,1387.1319141989172,1094.4624915719032
1706174638564,1371.0326017619377,1071.3811919093132
1706174638575,1348.0533742429818,1077.238392829895
1706174638586,1349.4194661246015,1051.3835161924362
1706174638597,1355.6394048877214,1059.8318219184875
1706174638608,1361.4052263373883,1062.6187056303024
1706174638645,1355.324327860246,1069.5166915655136
1706174638646,1355.9148246661925,1069.5529878139496
1706174638653,1351.6716236009722,1069.7252109646797
1706174638664,1352.2146216926117,1067.2225818037987
1706174638675,1403.769816654325,1086.1918732523918
1706174638686,1505.5626770477058,1143.363532423973
1706174638697,1502.0386148182433,1185.380969941616
1706174638708,1411.2809024788287,1238.716834783554
1706174638719,1490.143324379795,1334.5900624990463
1706174638728,1557.825582567832,1286.057335138321
1706174638739,1603.2353715821605,1307.7026396989822
1706174638750,nan,nan
1706174638761,nan,nan
1706174638800,nan,nan
1706174638801,nan,nan
1706174638806,nan,nan
1706174638817,nan,nan
1706174638827,nan,nan
1706174638838,nan,nan
1706174638849,nan,nan
1706174638860,nan,nan
1706174638871,nan,nan
1706174638883,nan,nan
1706174638894,nan,nan
1706174638905,nan,nan
1706174638928,nan,nan
1706174638949,nan,nan
1706174638950,1601.3181614002756,1108.4503918886185
1706174638968,1404.6856905638551,1101.7090857028961
1706174638974,1269.8569947645253,991.1472588777542
1706174638986,1216.9439370919542,986.2056747078896
1706174638997,1232.5461525969877,972.5757822394371
1706174639008,1231.9136528795907,983.4911569952965
1706174639019,1228.0863004342805,978.8103565573692
1706174639030,1234.081122724234,990.7961308956146
1706174639041,1232.4557773047861,989.7968798875809
1706174639052,1234.9993114256818,984.8407998681068
1706174639064,1229.9565283092275,982.4460968375206
1706174639098,1232.5538879951841,989.5079538226128
1706174639099,1234.8534425738485,992.0918956398964
1706174639108,1235.5037229612658,987.1162801980972
1706174639119,1235.1337308223497,987.3678624629974
1706174639131,1236.9583179788858,991.6947603225708
1706174639141,1241.6486971275167,992.7662923932076
1706174639152,1235.4770100669705,991.7275458574295
1706174639164,1233.202348188741,988.738314807415
1706174639175,1232.9689710498885,987.5483527779579
1706174639185,1232.4778673602636,986.5969210863113
1706174639197,1236.0762763592438,989.9999350309372
1706174639208,1235.2825312298569,991.3508802652359
1706174639249,1234.413335396063,992.3369944095612
1706174639251,1230.302152450307,996.4402541518211
1706174639268,1232.8004669646016,998.2169017195702
1706174639276,1277.9292900231117,1039.700172841549
1706174639285,1376.4932568071797,1150.0584349036217
1706174639296,1475.835049171851,1270.7149505615234
1706174639306,nan,nan
1706174639316,nan,nan
1706174639328,nan,nan
1706174639339,nan,nan
1706174639350,nan,nan
1706174639361,nan,nan
1706174639400,nan,nan
1706174639401,nan,nan
1706174639404,nan,nan
1706174639419,nan,nan
1706174639426,nan,nan
1706174639443,nan,nan
1706174639464,nan,nan
1706174639475,nan,nan
1706174639485,nan,nan
1706174639497,nan,nan
1706174639508,nan,nan
1706174639547,nan,nan
1706174639552,nan,nan
1706174639564,nan,nan
1706174639576,nan,nan
1706174639585,nan,nan
1706174639597,nan,nan
1706174639608,nan,nan
1706174639618,nan,nan
1706174639631,nan,nan
1706174639642,nan,nan
1706174639652,nan,nan
1706174639664,nan,nan
1706174639698,nan,nan
1706174639699,nan,nan
1706174639714,nan,nan
1706174639718,nan,nan
1706174639732,nan,nan
1706174639742,nan,nan
1706174639750,nan,nan
1706174639763,nan,nan
1706174639774,nan,nan
1706174639784,nan,nan
1706174639797,nan,nan
1706174639834,nan,nan
1706174639841,nan,nan
1706174639851,nan,nan
1706174639865,nan,nan
1706174639875,nan,nan
1706174639885,nan,nan
1706174639896,nan,nan
1706174639908,nan,nan
1706174639918,nan,nan
1706174639930,nan,nan
1706174639941,nan,nan
1706174639959,nan,nan
1706174639981,nan,nan
1706174639982,nan,nan
1706174639985,nan,nan
1706174639997,nan,nan
1706174640009,nan,nan
1706174640018,nan,nan
1706174640030,nan,nan
1706174640041,nan,nan
1706174640052,nan,nan
1706174640063,nan,nan
1706174640081,nan,nan
1706174640114,nan,nan
1706174640118,nan,nan
1706174640132,nan,nan
1706174640141,nan,nan
1706174640152,nan,nan
1706174640163,nan,nan
1706174640174,nan,nan
1706174640185,nan,nan
1706174640197,nan,nan
1706174640208,1338.706088439927,931.2041461467743
1706174640220,1367.5668652265076,916.1276131868362
1706174640232,1375.4103316901635,915.9412622451782
1706174640280,1372.6389163747615,935.7955649495125
1706174640281,1378.0439234827659,930.3037896752357
1706174640287,1378.870488810423,935.1707711815834
1706174640299,1377.4919811294512,938.1111070513725
1706174640313,1381.5327043105692,937.1245965361595
1706174640321,1383.7020669798667,939.8549124598503
1706174640332,1370.1310792562688,940.3140798211098
1706174640343,1334.192197878055,947.9802325367928
1706174640354,1251.371265675848,966.3965865969658
1706174640366,1235.6529561641128,969.4520115852356
1706174640377,1239.3282334519258,971.1460158228874
1706174640388,1236.9665454080673,968.497833609581
1706174640399,1240.6514863445343,965.8608913421631
1706174640440,1238.2138127299884,967.9353833198547
1706174640443,1235.7264646288722,966.3228616118431
1706174640459,1236.2260934883898,963.6411294341087
1706174640466,1236.9797770680218,963.4537309408188
1706174640477,1235.6673830401933,962.9157423973083
1706174640488,1237.7838915582695,962.3343229293823
1706174640499,1234.270258326495,960.2085575461388
1706174640509,1238.3118651392479,961.4941015839577
1706174640520,1241.4506801818234,959.7645372152328
1706174640532,1240.3744793910523,959.2720180749893
1706174640543,1237.8053875383198,963.7391746044159
1706174640554,1238.8000285339376,966.4425373077393
1706174640581,1241.820005221195,965.2848795056343
1706174640608,1240.6975331481628,962.2291430830956
1706174640609,1232.8095155703559,957.3397949337959
1706174640610,1221.622862055256,951.4728263020515
1706174640626,1199.3621687710713,941.7262643575668
1706174640632,1194.9412039544764,944.4894224405289
1706174640643,1198.2909669768349,942.0183897018433
1706174640654,1198.948020372134,943.930284678936
1706174640665,1199.7722836969501,944.5247560739517
1706174640676,1198.2687900248422,944.7426185011864
1706174640688,1198.5719277657686,945.4190820455551
1706174640698,1195.3788276283512,939.2579212784767
1706174640709,1195.5989457136577,940.851728618145
1706174640721,1194.7237583094563,939.0912190079689
1706174640732,1194.91241458695,940.1827111840248
1706174640780,1192.6849664995311,939.553613960743
1706174640781,1145.351841661085,938.9940515160561
1706174640788,822.5680603036827,918.819622695446
1706174640803,807.1550042930006,912.5618323683739
1706174640811,804.3130246264603,912.7439647912979
1706174640821,814.8447788447218,917.8970128297806
1706174640832,813.5554581735922,917.0187398791313
1706174640843,812.4642854221464,910.2811425924301
1706174640854,811.3449498293782,905.5026367306709
1706174640866,815.9784894233478,907.7915370464325
1706174640877,818.2392155215524,912.613134086132
1706174640887,817.4397236417225,913.0806535482407
1706174640898,812.9447082173024,911.6820305585861
1706174640935,810.8724570300668,906.356617808342
1706174640936,809.0928313229402,902.1581441164017
1706174640942,791.4092077798135,911.9311213493347
1706174640954,748.3511061997242,923.5467419028282
1706174640965,729.9046056603919,925.472255051136
1706174640976,728.6052045311442,926.1374220252037
1706174640987,734.2496579589408,925.6049260497093
1706174640998,734.5704356975293,922.9596599936485
1706174641009,740.067408163541,920.0418040156364
1706174641020,742.0453101543981,920.4522743821144
1706174641031,742.9944221573722,923.3208104968071
1706174641043,741.7271791271971,920.090189576149
1706174641054,742.1091846624696,919.5174053311348
1706174641085,740.0976493984523,917.741833627224
1706174641087,737.4221605437825,920.2148482203484
1706174641103,735.3411659699525,920.6208735704422
1706174641109,731.399529891143,919.1395506262779
1706174641120,732.7895171862743,919.0920993685722
1706174641132,712.2683110011857,940.3706759214401
1706174641143,685.0575958876802,967.1332135796547
1706174641154,614.4142715553318,1021.7655792832375
1706174641165,605.0920254065791,1022.2435742616653
1706174641176,608.0839226201374,1023.364907503128
1706174641187,617.8097525316705,1023.0094194412231
1706174641198,616.2781782902382,1023.5294580459595
1706174641234,615.3569465054017,1021.3292881846428
1706174641251,616.7321057523891,1025.2696961164474
1706174641253,613.1241603876339,1018.4074118733406
1706174641264,613.8372671300149,1017.637999355793
1706174641275,611.4126852456488,1016.4426013827324
1706174641286,614.4366338331827,1023.0646565556526
1706174641297,615.3191265628114,1025.5900487303734
1706174641309,617.7274373375305,1028.1522750854492
1706174641320,616.3276942506029,1029.8235163092613
1706174641331,615.4598420321206,1029.3662458658218
1706174641342,617.230882579521,1028.2598331570625
1706174641361,620.3553167840586,1024.288310110569
1706174641383,623.1388116577624,1022.7188229560852
1706174641387,628.6727504149874,1028.7376582622528
1706174641400,645.4896880933222,1026.9599914550781
1706174641409,701.2254272546287,1010.3551939129829
1706174641420,923.9833959533228,961.8939831852913
1706174641431,1027.0814285294387,950.8732587099075
1706174641442,1069.1248294823595,947.1214383840561
1706174641454,1089.3289942886367,944.742476940155
1706174641465,1084.4669036556024,943.6920657753944
1706174641476,1087.8861161159061,936.8224486708641
1706174641514,1090.0930800167785,938.8070493936539
1706174641515,1092.3293323156086,943.1892693042755
1706174641520,1097.7155118886026,944.4785788655281
1706174641531,1103.7452676824537,939.6965622901917
1706174641542,1102.7140437523365,942.237950861454
1706174641553,1099.9302812353062,941.2092551589012
1706174641565,1101.3856401933183,945.1088935136795
1706174641576,1098.4703697621208,947.1324235200882
1706174641587,1096.912279767048,946.2160423398018
1706174641598,1093.4272513638061,941.9978633522987
1706174641609,1093.3220508475606,939.368848502636
1706174641620,1091.4015630231602,936.6841152310371
1706174641631,1091.482473828466,938.5784283280373
1706174641664,1090.0554472075446,936.661833524704
1706174641665,1095.189286660824,937.0628476142883
1706174641680,1116.0777717969609,950.5717903375626
1706174641685,1122.4148789247936,980.0258561968803
1706174641696,1326.321657369324,1021.7562645673752
1706174641707,nan,nan
1706174641718,nan,nan
1706174641729,nan,nan
1706174641740,nan,nan
1706174641751,nan,nan
1706174641762,nan,nan
1706174641774,1417.059686086006,1108.8250190019608
1706174641815,1417.059686086006,1108.8250190019608
1706174641820,1165.5703038207312,1015.2002051472664
1706174641832,1165.9620776006498,988.8794794678688
1706174641842,1166.2747172773106,954.9868807196617
1706174641853,1162.7940340861733,901.4720544219017
1706174641864,1180.3660560946237,892.7727043628693
1706174641875,1182.1738180408797,901.5108421444893
1706174641887,1179.8890920246963,900.8072838187218
1706174641898,1180.4358521044692,897.6897701621056
1706174641909,1202.326934823402,905.1169112324715
1706174641951,1256.6133583109258,907.2851732373238
1706174641953,1266.3502867770092,905.4327338933945
1706174641970,1267.7872460996437,909.517477452755
1706174641976,1267.38579657521,901.762367784977
1706174641987,1266.9431101587415,901.8294252455235
1706174641998,1270.7188607770872,902.4111419916153
1706174642008,1271.509380179279,906.3569292426109
1706174642019,1275.786732646577,918.3983653783798
1706174642030,1254.0120520315438,931.3290029764175
1706174642042,1288.3248099512193,987.3264417052269
1706174642052,1362.85903655439,1230.1456823945045
1706174642063,1487.915709226629,1285.5961009860039
1706174642106,nan,nan
1706174642107,nan,nan
1706174642124,nan,nan
1706174642129,nan,nan
1706174642140,nan,nan
1706174642151,nan,nan
1706174642162,nan,nan
1706174642173,nan,nan
1706174642184,nan,nan
1706174642196,nan,nan
1706174642207,nan,nan
1706174642231,nan,nan
1706174642251,nan,nan
1706174642252,nan,nan
1706174642269,nan,nan
1706174642274,nan,nan
1706174642285,nan,nan
1706174642296,nan,nan
1706174642307,nan,nan
1706174642318,nan,nan
1706174642330,nan,nan
1706174642341,nan,nan
1706174642352,nan,nan
1706174642363,nan,nan
1706174642402,nan,nan
1706174642406,nan,nan
1706174642418,nan,nan
1706174642427,nan,nan
1706174642440,nan,nan
1706174642451,nan,nan
1706174642462,nan,nan
1706174642473,nan,nan
1706174642484,nan,nan
1706174642496,nan,nan
1706174642507,nan,nan
1706174642546,nan,nan
1706174642547,nan,nan
1706174642551,nan,nan
1706174642562,nan,nan
1706174642576,nan,nan
1706174642585,nan,nan
1706174642595,nan,nan
1706174642605,nan,nan
1706174642617,nan,nan
1706174642628,nan,nan
1706174642639,nan,nan
1706174642650,nan,nan
1706174642686,nan,nan
1706174642694,nan,nan
1706174642705,nan,nan
1706174642717,nan,nan
1706174642728,nan,nan
1706174642739,nan,nan
1706174642749,nan,nan
1706174642760,nan,nan
1706174642771,nan,nan
1706174642782,nan,nan
1706174642795,nan,nan
1706174642834,nan,nan
1706174642835,nan,nan
1706174642840,nan,nan
1706174642850,nan,nan
1706174642863,nan,nan
1706174642874,936.0525362237433,936.6254806518555
1706174642885,949.1245757397523,988.2141709327698
1706174642897,945.6320156496618,982.8115224838257
1706174642908,944.9182167628315,983.958987891674
1706174642919,938.4555429281877,974.5185941457748
1706174642930,941.2718348116819,977.0451754331589
1706174642942,946.5579933042629,985.4826658964157
1706174642962,944.9145042773782,983.0362647771835
1706174642985,943.7423124740301,981.3499614596367
1706174642986,938.7718083961564,975.2533808350563
1706174643002,944.3970706035645,983.4493964910507
1706174643008,941.1240099691125,983.6227238178253
1706174643019,940.9843455450057,978.3582389354706
1706174643030,937.337795704777,975.0173985958099
1706174643041,905.4031672084244,972.2214832901955
1706174643052,787.712138154041,969.3911403417587
1706174643064,732.6389235070376,963.407751917839
1706174643075,708.8113121932918,963.5094210505486
1706174643086,691.4741699999745,962.2708469629288
1706174643097,689.5506215845371,964.1668021678925
1706174643137,689.1095875427075,964.7658601403236
1706174643138,681.2351996406069,965.5183419585228
1706174643142,683.1125575011595,964.8067995905876
1706174643154,686.5707401762892,963.898515701294
1706174643164,693.0381767221975,967.0569688081741
1706174643175,694.056236904556,971.5584680438042
1706174643186,691.2875420318323,979.7529831528664
1706174643196,673.6056839766134,991.6001692414284
1706174643207,654.2737288354679,1005.8233723044395
1706174643218,630.5621112345681,1028.7144422531128
1706174643230,634.1374479305564,1028.1090423464775
1706174643241,636.5321960736599,1029.5056834816933
1706174643252,637.1035656585848,1026.8725350499153
1706174643285,640.316722747991,1027.7083963155746
1706174643286,643.4932349636167,1028.168724477291
1706174643302,639.6464394044837,1025.6161242723465
1706174643308,638.3705446056388,1021.7945709824562
1706174643319,635.7457636797117,1019.8709830641747
1706174643330,636.9428862080301,1022.5962311029434
1706174643341,639.7450366065602,1025.883363187313
1706174643352,642.5322242168775,1028.612433373928
1706174643363,640.2662543945539,1027.08660364151
1706174643374,634.6885349935553,1021.2906420230865
1706174643386,631.1771387910871,1017.9397508502007
1706174643397,637.1854599735946,1020.9423735737801
1706174643437,672.970611053392,1013.4069949388504
1706174643438,849.4510335070339,973.5855370759964
1706174643439,970.6812995044522,952.5067880749702
1706174643441,1061.0835778761261,940.7623752951622
1706174643456,1161.8038432040717,926.1675462126732
1706174643464,1158.0885816240439,930.5194154381752
1706174643476,1160.440241738494,928.8700312376022
1706174643485,1164.3917735119157,930.1398620009422
1706174643497,1161.817699821664,928.5216495394707
1706174643508,1163.712242376746,927.0762264728546
1706174643519,1165.3023261574735,927.3331314325333
1706174643530,1168.6860943125182,924.7833624482155
1706174643542,1171.4323961995406,925.4059761762619
1706174643552,1171.0851128513855,928.6022827029228
1706174643586,1171.3508858960295,931.9799572229385
1706174643587,1172.6151828159436,929.6062901616096
1706174643604,1179.243124206429,928.4554272890091
1706174643607,1181.233211055473,931.8084135651588
1706174643618,1183.660187069947,933.2643121480942
1706174643629,1179.58952203131,932.5173795223236
1706174643641,1177.3172852856064,928.6893427371979
1706174643651,1175.3224096519725,930.0125420093536
1706174643663,1173.428382184407,929.7922164201736
1706174643674,1174.5591713996293,929.5764490962029
1706174643685,1172.9873866697212,922.3115652799606
1706174643696,1174.0896337248737,928.4929975867271
1706174643739,1173.2618127626115,930.7285860180855
1706174643740,1174.7483227391003,939.0852734446526
1706174643741,1192.24749369025,937.8019377589226
1706174643756,1246.7761338387431,930.4588556289673
1706174643763,1263.1297210700382,932.1402609348297
1706174643775,1264.9309173252236,925.4033148288727
1706174643785,1255.2513216952605,930.7941287755966
1706174643796,1258.9350604163767,928.6472707986832
1706174643807,1260.980980107435,929.7128573060036
1706174643818,1262.3986641202205,932.1286529302597
1706174643830,1259.0250552233704,928.0522331595421
1706174643841,1257.3928748690296,930.8673724532127
1706174643852,1257.306330726811,924.1096451878548
1706174643885,1261.6998975386837,932.204557955265
1706174643886,1262.01524103827,926.8536075949669
1706174643904,1261.8870837386653,930.3650572896004
1706174643908,1260.537776468834,931.1960488557816
1706174643919,1265.1942289890444,931.4880609512329
1706174643930,1260.576215167609,929.6978235244751
1706174643941,1260.6643371144305,931.9628849625587
1706174643952,1250.6508747022526,926.4706566929817
1706174643962,1237.4278326904855,929.5468062162399
1706174643973,1220.4638859437127,923.1447368860245
1706174643984,1191.2137914240188,926.7516553401947
1706174643996,1188.3033299408235,923.5681176185608
1706174644037,1189.1594858707863,926.6959935426712
1706174644040,1195.1808725289648,930.087710916996
1706174644054,1192.1587965138533,927.7402892708778
1706174644062,1188.557456600175,917.6440432667732
1706174644074,1192.2830821298962,913.341012597084
1706174644085,1210.973969465376,1002.3824483156204
1706174644095,1189.3345680536831,1054.4554755091667
1706174644106,1184.7406668995238,1105.302669107914
1706174644116,908.8574201864121,1321.4056342840195
1706174644128,nan,nan
1706174644139,nan,nan
1706174644149,nan,nan
1706174644183,nan,nan
1706174644184,nan,nan
1706174644198,913.6400689231785,1300.3141731023788
1706174644207,1167.012256652673,1068.095164000988
1706174644219,1201.5522965193813,1117.2978430986404
1706174644229,1220.5915064301337,1059.4025239348412
1706174644241,1198.7626280570703,1031.3399463891983
1706174644251,1185.9985179864202,922.6183280348778
1706174644263,1192.8057120816432,924.4906708598137
1706174644274,1192.9664035020958,928.3471047878265
1706174644285,1194.3876778412944,925.4409983754158
1706174644296,1197.2989301520329,924.869205057621
1706174644335,1201.5310149354366,927.5622338056564
1706174644340,1196.1946638557436,930.9250727295876
1706174644355,1196.2511571866212,930.854631960392
1706174644363,1197.7735073857623,930.0767257809639
1706174644373,1194.900230936745,931.3279271125793
1706174644384,1195.675249171336,928.4314468502998
1706174644395,1196.2883484045017,926.4650225639343
1706174644406,1199.4849201098136,924.4334518909454
1706174644417,1203.3615053465537,926.0037317872047
1706174644429,1203.3856171964571,929.4407770037651
1706174644440,1201.4148904199858,934.2939138412476
1706174644451,1194.7885002466137,935.9115317463875
1706174644485,1196.0401757662066,936.3638758659363
1706174644502,1208.4730527622519,924.9795943498611
1706174644507,1200.475895533068,925.4305794835091
1706174644519,1198.963931644561,925.3480777144432
1706174644529,1202.0637984609486,927.3975133895874
1706174644540,1202.7086771852773,935.6541737914085
1706174644551,1200.6318265681475,940.0436133146286
1706174644562,1201.6259427238344,945.9126770496368
1706174644573,1188.4938361615339,935.9193742275238
1706174644584,1166.3669203942598,936.5067392587662
1706174644596,1151.041254542328,936.4285126328468
1706174644635,1155.0286137701983,942.6744118332863
1706174644636,1158.890280073665,941.4256736636162
1706174644640,1160.8771183285585,939.4307389855385
1706174644652,1157.0052169955156,961.5319833159447
1706174644661,1157.420364990507,965.0598257780075
1706174644673,1226.2656485064158,1003.837639093399
1706174644683,1597.3226843435398,1136.6965174674988
1706174644694,1597.3226843435398,1136.6965174674988
1706174644705,nan,nan
1706174644716,nan,nan
1706174644728,nan,nan
1706174644738,nan,nan
1706174644771,nan,nan
1706174644772,nan,nan
1706174644788,nan,nan
1706174644793,nan,nan
1706174644804,nan,nan
1706174644815,nan,nan
1706174644826,nan,nan
1706174644837,nan,nan
1706174644848,nan,nan
1706174644859,nan,nan
1706174644871,nan,nan
1706174644882,nan,nan
1706174644918,nan,nan
1706174644919,nan,nan
1706174644934,nan,nan
1706174644941,nan,nan
1706174644951,nan,nan
1706174644964,nan,nan
1706174644974,nan,nan
1706174644984,nan,nan
1706174644997,nan,nan
1706174645007,nan,nan
1706174645018,nan,nan
1706174645030,nan,nan
1706174645070,nan,nan
1706174645071,nan,nan
1706174645074,nan,nan
1706174645087,nan,nan
1706174645097,nan,nan
1706174645108,nan,nan
1706174645118,nan,nan
1706174645130,nan,nan
1706174645141,nan,nan
1706174645151,nan,nan
1706174645164,nan,nan
1706174645174,nan,nan
1706174645184,nan,nan
1706174645220,nan,nan
1706174645221,nan,nan
1706174645236,nan,nan
1706174645242,nan,nan
1706174645251,nan,nan
1706174645264,nan,nan
1706174645275,nan,nan
1706174645284,nan,nan
1706174645297,nan,nan
1706174645309,nan,nan
1706174645317,nan,nan
1706174645358,nan,nan
1706174645359,nan,nan
1706174645363,nan,nan
1706174645376,nan,nan
1706174645385,nan,nan
1706174645397,nan,nan
1706174645409,nan,nan
1706174645418,nan,nan
1706174645431,nan,nan
1706174645443,nan,nan
1706174645452,nan,nan
1706174645463,nan,nan
1706174645476,nan,nan
1706174645485,nan,nan
1706174645518,nan,nan
1706174645519,nan,nan
1706174645538,nan,nan
1706174645542,nan,nan
1706174645552,nan,nan
1706174645563,nan,nan
1706174645576,nan,nan
1706174645585,nan,nan
1706174645597,nan,nan
1706174645609,nan,nan
1706174645618,nan,nan
1706174645631,nan,nan
1706174645651,nan,nan
1706174645671,nan,nan
1706174645672,nan,nan
1706174645676,nan,nan
1706174645689,nan,nan
1706174645697,nan,nan
1706174645708,nan,nan
1706174645718,nan,nan
1706174645730,nan,nan
1706174645741,nan,nan
1706174645751,nan,nan
1706174645763,nan,nan
1706174645776,nan,nan
1706174645784,nan,nan
1706174645817,nan,nan
1706174645818,nan,nan
1706174645836,nan,nan
1706174645842,nan,nan
1706174645851,nan,nan
1706174645864,nan,nan
1706174645875,nan,nan
1706174645884,nan,nan
1706174645897,nan,nan
1706174645909,nan,nan
1706174645918,nan,nan
1706174645930,nan,nan
1706174645950,nan,nan
1706174645972,nan,nan
1706174645973,nan,nan
1706174645975,nan,nan
1706174645990,nan,nan
1706174645997,nan,nan
1706174646009,nan,nan
1706174646018,nan,nan
1706174646030,nan,nan
1706174646043,nan,nan
1706174646052,nan,nan
1706174646062,nan,nan
1706174646075,nan,nan
1706174646084,nan,nan
1706174646118,nan,nan
1706174646119,nan,nan
1706174646135,nan,nan
1706174646142,nan,nan
1706174646151,nan,nan
1706174646163,nan,nan
1706174646176,nan,nan
1706174646185,nan,nan
1706174646197,nan,nan
1706174646209,nan,nan
1706174646219,nan,nan
1706174646230,nan,nan
1706174646269,nan,nan
1706174646270,nan,nan
1706174646277,nan,nan
1706174646287,nan,nan
1706174646297,nan,nan
1706174646310,nan,nan
1706174646319,nan,nan
1706174646331,nan,nan
1706174646344,nan,nan
1706174646352,nan,nan
1706174646364,nan,nan
1706174646377,nan,nan
1706174646385,nan,nan
1706174646417,nan,nan
1706174646418,nan,nan
1706174646433,nan,nan
1706174646442,nan,nan
1706174646453,nan,nan
1706174646463,nan,nan
1706174646476,nan,nan
1706174646484,nan,nan
1706174646496,nan,nan
1706174646508,nan,nan
1706174646517,nan,nan
1706174646550,nan,nan
1706174646566,nan,nan
1706174646575,nan,nan
1706174646584,nan,nan
1706174646595,nan,nan
1706174646607,nan,nan
1706174646617,nan,nan
1706174646629,nan,nan
1706174646640,nan,nan
1706174646651,nan,nan
1706174646662,nan,nan
1706174646701,nan,nan
1706174646702,nan,nan
1706174646708,nan,nan
1706174646717,nan,nan
1706174646729,nan,nan
1706174646748,nan,nan
1706174646762,nan,nan
1706174646773,nan,nan
1706174646784,nan,nan
1706174646796,nan,nan
1706174646807,nan,nan
1706174646818,nan,nan
1706174646854,nan,nan
1706174646855,nan,nan
1706174646858,nan,nan
1706174646878,nan,nan
1706174646894,nan,nan
1706174646909,nan,nan
1706174646922,nan,nan
1706174646932,nan,nan
1706174646943,1190.7890748428727,932.7446132898331
1706174646955,1190.7890748428727,932.7446132898331
1706174646965,1190.7890748428727,932.7446132898331
1706174647002,1233.3991702064436,927.525682747364
1706174647003,1226.0905931390287,922.2064986824989
1706174647011,1223.0117531266878,924.5268821716309
1706174647022,1220.1627953875004,919.8741674423218
1706174647033,1221.0758103160033,919.9398800730705
1706174647044,1219.7701414470125,918.7960669398308
1706174647055,1234.1236813039186,964.8224845528603
1706174647065,1238.4478394452026,971.5331569314003
1706174647076,1244.063142357545,988.8718068599701
1706174647087,nan,nan
1706174647098,nan,nan
1706174647109,nan,nan
1706174647120,nan,nan
1706174647152,nan,nan
1706174647153,nan,nan
1706174647169,nan,nan
1706174647177,nan,nan
1706174647189,539.191992250803,1281.6862136125565
1706174647200,582.8420418613848,1191.8689668178558
1706174647210,582.8420418613848,1191.8689668178558
1706174647222,687.2421272946822,1013.718655705452
1706174647233,671.1891103312812,980.5771231651306
1706174647244,676.1908596697284,983.4037572145462
1706174647285,672.1275949461447,971.8423262238503
1706174647288,679.6102201878767,970.2258691191673
1706174647300,673.1409585231772,968.7752366065979
1706174647311,669.8166089904641,973.8746613264084
1706174647322,629.6851210053401,1002.8330653905869
1706174647333,607.163372903185,1010.5775862932205
1706174647344,587.6762880147955,1020.2050104737282
1706174647355,580.3973898113716,1020.7844197750092
1706174647366,577.083028363945,1021.8305841088295
1706174647377,576.5755560521484,1020.8608061075211
1706174647388,576.3075990182017,1024.9825820326805
1706174647400,578.5382115297969,1021.9828754663467
1706174647440,577.1816778311666,1018.8909277319908
1706174647444,585.6644105116279,1022.945037484169
1706174647459,578.6194431249496,1019.9752286076546
1706174647466,580.0410590557442,1022.4845111370087
1706174647479,579.7004723095467,1026.1242434382439
1706174647488,578.9923794707834,1031.0707539319992
1706174647500,578.8143567147961,1028.982162475586
1706174647510,578.7342213905329,1023.2293486595154
1706174647522,580.3534766739901,1018.7890321016312
1706174647533,580.1458488646433,1018.3837428689003
1706174647544,580.5458011248329,1021.3455110788345
1706174647555,576.5728081022366,1016.3018614053726
1706174647588,579.454015892185,1016.9949442148209
1706174647603,579.8573351041217,1022.0894426107407
1706174647610,584.1039707774962,1026.2049615383148
1706174647621,582.2388343929488,1021.7360213398933
1706174647633,583.446917781014,1023.0205461382866
1706174647644,585.9928762712199,1020.2954396605492
1706174647655,588.5739930095901,1025.781750679016
1706174647666,590.9168812581349,1024.3233039975166
1706174647677,585.8038612851688,1025.4368513822556
1706174647688,590.4668294674433,1021.7446282505989
1706174647699,589.3521746326439,1022.1224263310432
1706174647737,590.8881372055749,1022.2038239240646
1706174647744,594.9382990330109,1025.4929095506668
1706174647755,587.4236179490733,1024.4226798415184
1706174647768,591.4837434387125,1024.1044789552689
1706174647777,589.7755064534933,1025.1817867159843
1706174647787,648.3206085892646,1000.3406003117561
1706174647799,723.694766347614,984.1948851943016
1706174647810,841.9340528337087,937.0118573307991
1706174647821,1079.2768120217356,858.1629998981953
1706174647832,1124.8822612739345,840.8529169857502
1706174647843,1133.014780302266,844.0188303589821
1706174647886,1120.3735735526716,851.0493740439415
1706174647887,1118.6236656565366,849.7736684978008
1706174647888,1123.5597279507883,852.6038557291031
1706174647902,1128.0089065530224,852.6830166578293
1706174647910,1124.949986216041,851.1388830840588
1706174647921,1121.8709709596287,851.3196282088757
1706174647932,1123.6358720481662,852.6192292571068
1706174647943,1122.0524770963611,851.4766901731491
1706174647955,1083.7995840743502,871.2027385830879
1706174647966,1015.6190879507703,894.3455040454865
1706174647977,896.9859901747633,929.7504559159279
1706174647988,633.1603556607015,992.5998449325562
1706174648022,567.5254171887505,1001.2751579284668
1706174648023,531.4190836523471,1007.5478121638298
1706174648033,518.0959478746862,1017.6784008741379
1706174648044,510.61694840920626,1015.1863321661949
1706174648056,513.8416904197348,1017.6289677619934
1706174648066,511.6187553066767,1017.5230234861374
1706174648077,516.0008241642779,1020.8358347415924
1706174648088,512.0988944588121,1018.8357755541801
1706174648099,508.46903138652715,1020.6663861870766
1706174648110,509.2486232379204,1023.4260618686676
1706174648121,509.696893386343,1026.3577058911324
1706174648133,509.6698577668454,1027.2773429751396
1706174648171,508.30416461630585,1025.063979625702
1706174648173,508.1992957810255,1030.8622911572456
1706174648176,485.7434008697735,1038.7726366519928
1706174648191,465.78326658796897,1042.5276279449463
1706174648199,472.4555744685239,1046.3319391012192
1706174648210,474.6290272059067,1043.5080796480179
1706174648221,481.7698478355489,1047.6311579346657
1706174648233,480.4623340696732,1045.2765733003616
1706174648243,480.6611235506555,1047.480395436287
1706174648254,475.52670434445326,1046.8073576688766
1706174648266,477.1122170490516,1049.8191252350807
1706174648276,478.93412182639554,1050.2091825008392
1706174648288,477.9644214482563,1044.8301747441292
1706174648305,479.95338353573277,1043.8158616423607
1706174648326,482.92916634013557,1045.2350676059723
1706174648327,486.23150140143076,1049.224965274334
1706174648332,485.7529408807003,1049.6414378285408
1706174648344,484.1609883485095,1050.6428688764572
1706174648354,488.1468101092629,1051.1575564742088
1706174648367,492.5044533495252,1051.9967585802078
1706174648377,489.90712526947976,1049.6055379509926
1706174648388,491.5244834263333,1049.4470462203026
1706174648399,490.61899134283465,1049.7262611985207
1706174648410,491.74410801665533,1048.8546699285507
1706174648421,488.8697221022558,1052.9658570885658
1706174648432,490.1642128900447,1052.3745849728584
1706174648443,488.7315239814708,1051.0760739445686
1706174648455,496.6191620229656,1053.8545489311218
1706174648489,500.93382086587246,1056.3296869397163
1706174648505,530.1841549672679,1125.332224369049
1706174648509,538.9716371684528,1129.7058373689651
1706174648521,599.965863765663,1065.5794262886047
1706174648531,nan,nan
1706174648540,nan,nan
1706174648552,nan,nan
1706174648563,nan,nan
1706174648574,nan,nan
1706174648585,nan,nan
1706174648596,nan,nan
1706174648637,nan,nan
1706174648638,nan,nan
1706174648641,nan,nan
1706174648653,nan,nan
1706174648663,nan,nan
1706174648674,nan,nan
1706174648686,nan,nan
1706174648697,nan,nan
1706174648708,nan,nan
1706174648719,nan,nan
1706174648730,nan,nan
1706174648741,nan,nan
1706174648752,nan,nan
1706174648790,nan,nan
1706174648791,nan,nan
1706174648797,nan,nan
1706174648808,nan,nan
1706174648820,nan,nan
1706174648831,nan,nan
1706174648841,nan,nan
1706174648852,nan,nan
1706174648862,nan,nan
1706174648873,nan,nan
1706174648885,nan,nan
1706174648896,nan,nan
1706174648907,nan,nan
1706174648939,nan,nan
1706174648940,nan,nan
1706174648941,nan,nan
1706174648957,nan,nan
1706174648964,nan,nan
1706174648977,nan,nan
1706174648985,nan,nan
1706174648997,nan,nan
1706174649008,nan,nan
1706174649019,nan,nan
1706174649029,nan,nan
1706174649041,nan,nan
1706174649051,nan,nan
1706174649090,nan,nan
1706174649092,nan,nan
1706174649097,nan,nan
1706174649109,nan,nan
1706174649119,nan,nan
1706174649131,866.2700818048563,1184.4810098409653
1706174649142,866.2700818048563,1184.4810098409653
1706174649153,912.1593326893852,1132.873746752739
1706174649165,919.6002784316228,1032.6925054192543
1706174649176,900.1278560099488,1030.6836128234863
1706174649187,889.6969857998274,1013.5851070284843
1706174649199,889.4509057527207,1018.5042962431908
1706174649218,893.067751580564,1022.4848508834839
1706174649238,887.0956933051109,1024.1439744830132
1706174649242,881.3833885017425,1013.7436553835869
1706174649256,872.4379905740777,1003.6612257361412
1706174649265,875.4594985695695,1005.9604316949844
1706174649275,876.3605327694759,1011.1043065786362
1706174649287,879.9304149076834,1016.0511568188667
1706174649298,873.3733983270969,1014.2345324158669
1706174649309,870.0725369923962,1011.2120628356934
1706174649320,869.22832488876,1013.3523240685463
1706174649331,870.7895270610237,1014.5114824175835
1706174649343,871.7068833940272,1016.0858392715454
1706174649353,871.683542811556,1009.3926355242729
1706174649390,843.6030208829874,1007.2524592280388
1706174649391,789.0329479597857,1008.0920577049255
1706174649398,603.23928570783,1027.4564176797867
1706174649409,594.9079256867508,1032.3994740843773
1706174649421,593.491243130323,1032.2521656751633
1706174649431,591.7465350691953,1034.8597764968872
1706174649442,593.1067813726445,1034.8439499735832
1706174649454,594.2377570230112,1033.2823902368546
1706174649465,596.1405963830225,1030.3769633173943
1706174649476,596.075836291205,1030.1154151558876
1706174649487,599.9117460221969,1032.7143341302872
1706174649498,596.0468215481069,1031.6266641020775
1706174649517,593.6696456159889,1027.3978114128113
1706174649537,580.7271770009551,1016.6991665959358
1706174649543,575.4731756089177,1019.3002089858055
1706174649554,574.4056593172276,1020.9094747900963
1706174649566,576.0331469055205,1021.3671982288361
1706174649576,579.0413933703837,1018.5550883412361
1706174649587,620.8189337154939,1006.051342189312
1706174649597,700.8535209283783,990.2469873428345
1706174649609,823.8424335292535,961.193510890007
1706174649619,1121.3428568912936,892.2744944691658
1706174649631,1173.2898606975,883.2524560391903
1706174649642,1186.4912592292537,876.9413113594055
1706174649653,1171.01267103079,873.7795315682888
1706174649690,1176.8158872869737,874.7811749577522
1706174649691,1174.8497605289344,875.3286339342594
1706174649698,1172.6905364303673,872.2435802221298
1706174649709,1174.761581708903,872.4440306425095
1706174649720,1170.5837702634312,865.2803346514702
1706174649731,1171.5852745294496,865.7490715384483
1706174649742,1170.8084696173512,864.7728383541107
1706174649753,1172.9504348664905,864.6710276603699
1706174649764,1176.957603870835,863.1567634642124
1706174649775,1177.3048116192267,868.0196538567543
1706174649786,1185.878610547486,877.7707174420357
1706174649798,1185.294773632861,880.4344996809959
1706174649819,1182.554874385713,879.9770168960094
1706174649840,1173.8334075866187,874.1961173713207
1706174649841,1170.6208982836633,871.0982948541641
1706174649842,1171.9821314756337,870.1047912240028
1706174649859,1178.5155969297602,875.0716723501682
1706174649866,1183.123466618721,872.8657975792885
1706174649876,1181.2044992653482,872.7362267673016
1706174649887,1178.3110363756075,870.2200077474117
1706174649898,1177.0204950576822,869.5720545947552
1706174649909,1173.6441721908006,869.8621839284897
1706174649920,1172.562929442827,868.8564352691174
1706174649931,1172.464022152921,866.1940969526768
1706174649943,1176.853411668449,865.3836600482464
1706174649954,1181.128219015865,871.3003732264042
1706174649989,1176.8914179080934,869.3463638424873
1706174649990,1178.3365973103137,864.6580889821053
1706174649996,1199.6506435319002,1052.712094783783
1706174650006,1213.9449182078201,1164.9909436702728
1706174650017,nan,nan
1706174650030,nan,nan
1706174650040,nan,nan
1706174650051,nan,nan
1706174650062,nan,nan
1706174650073,nan,nan
1706174650084,nan,nan
1706174650094,nan,nan
1706174650105,nan,nan
1706174650141,nan,nan
1706174650142,nan,nan
1706174650150,nan,nan
1706174650160,nan,nan
1706174650178,nan,nan
1706174650198,nan,nan
1706174650210,nan,nan
1706174650220,nan,nan
1706174650231,nan,nan
1706174650243,nan,nan
1706174650254,nan,nan
1706174650289,nan,nan
1706174650290,nan,nan
1706174650304,nan,nan
1706174650311,nan,nan
1706174650321,nan,nan
1706174650331,nan,nan
1706174650343,nan,nan
1706174650353,nan,nan
1706174650364,nan,nan
1706174650377,nan,nan
1706174650386,nan,nan
1706174650397,nan,nan
1706174650440,nan,nan
1706174650445,nan,nan
1706174650457,nan,nan
1706174650467,nan,nan
1706174650480,nan,nan
1706174650487,nan,nan
1706174650499,nan,nan
1706174650511,nan,nan
1706174650520,nan,nan
1706174650533,nan,nan
1706174650544,nan,nan
1706174650554,nan,nan
1706174650592,nan,nan
1706174650593,nan,nan
1706174650600,nan,nan
1706174650611,nan,nan
1706174650621,nan,nan
1706174650633,nan,nan
1706174650645,nan,nan
1706174650653,nan,nan
1706174650667,nan,nan
1706174650679,nan,nan
1706174650687,nan,nan
1706174650700,nan,nan
1706174650741,nan,nan
1706174650742,nan,nan
1706174650757,nan,nan
1706174650764,nan,nan
1706174650776,nan,nan
1706174650786,nan,nan
1706174650797,nan,nan
1706174650808,nan,nan
1706174650819,nan,nan
1706174650830,nan,nan
1706174650842,1287.812376885056,915.7532691955566
1706174650854,1287.812376885056,915.7532691955566
1706174650890,1287.812376885056,915.7532691955566
1706174650891,1275.229626447996,912.060309946537
1706174650906,1275.229626447996,912.060309946537
1706174650910,1293.197236398595,926.9114777445793
1706174650924,1299.0268826788897,916.8284818530083
1706174650932,1299.0268826788897,916.8284818530083
1706174650944,1274.4170699260949,916.3735330104828
1706174650955,1219.6969725344738,917.1267792582512
1706174650966,1221.6799663732313,916.0233110189438
1706174650977,1217.863121269955,922.2804501652718
1706174650989,1218.0163017090972,922.6920247077942
1706174650999,1216.4734864427817,924.2900222539902
1706174651018,1221.8340417515449,916.8547838926315
1706174651040,1215.8826243259136,917.1208336949348
1706174651041,1216.5990077899792,916.4160862565041
1706174651044,1215.6951935002817,916.8701007962227
1706174651057,1215.7035175887427,915.6870469450951
1706174651066,1213.8624320110098,915.7835632562637
1706174651078,1212.7739026160625,918.3547928929329
1706174651088,1211.69936286332,919.0042465925217
1706174651099,1213.0949143609607,916.4105087518692
1706174651110,1214.461730267401,911.4935845136642
1706174651121,1213.43490304031,914.0691176056862
1706174651132,1212.2766646446066,914.2333567142487
1706174651143,1213.211598485815,916.8008491396904
1706174651154,1210.0567875594402,916.7118355631828
1706174651190,1210.0691882649712,914.6829545497894
1706174651191,1204.830814505487,909.7106233239174
1706174651205,1203.1865899395775,908.310641348362
1706174651210,1204.3947324832764,908.9450612664223
1706174651222,1204.1322258118103,915.036828815937
1706174651233,1207.349040736961,918.8663378357887
1706174651244,1205.012174863253,918.6040818691254
1706174651254,1210.5353557901126,915.4560193419456
1706174651266,1215.719687962546,910.6078654527664
1706174651277,1219.516861231638,907.9593151807785
1706174651288,1223.180252029077,901.4762729406357
1706174651299,1226.5260620561276,903.1874626874924
1706174651341,1229.9233182413977,900.5040884017944
1706174651342,1228.0899047532293,903.9425775408745
1706174651344,1222.0950114419193,902.2578880190849
1706174651358,1226.4148710533402,901.625506579876
1706174651366,1220.7306161166289,896.2502360343933
1706174651377,1221.919418068225,902.9545664787292
1706174651388,1219.8801663448835,897.1608132123947
1706174651399,1221.8559209796153,904.733818769455
1706174651410,1219.697906140234,894.7618916630745
1706174651421,1232.7663908847999,956.5146073698997
1706174651431,1237.3582451649736,974.2465704679489
1706174651442,1250.2859358429507,1010.1019129157066
1706174651453,nan,nan
1706174651492,nan,nan
1706174651493,nan,nan
1706174651497,nan,nan
1706174651509,nan,nan
1706174651519,nan,nan
1706174651530,nan,nan
1706174651541,nan,nan
1706174651551,nan,nan
1706174651563,nan,nan
1706174651574,nan,nan
1706174651585,nan,nan
1706174651596,nan,nan
1706174651607,nan,nan
1706174651639,nan,nan
1706174651640,nan,nan
1706174651646,nan,nan
1706174651671,nan,nan
1706174651682,nan,nan
1706174651689,nan,nan
1706174651702,nan,nan
1706174651715,nan,nan
1706174651722,nan,nan
1706174651736,nan,nan
1706174651748,nan,nan
1706174651756,nan,nan
1706174651790,nan,nan
1706174651791,nan,nan
1706174651807,nan,nan
1706174651815,nan,nan
1706174651823,nan,nan
1706174651835,nan,nan
1706174651848,nan,nan
1706174651856,nan,nan
1706174651868,nan,nan
1706174651882,nan,nan
1706174651889,nan,nan
1706174651925,nan,nan
1706174651926,nan,nan
1706174651940,nan,nan
1706174651947,nan,nan
1706174651955,nan,nan
1706174651969,nan,nan
1706174651980,nan,nan
1706174651987,nan,nan
1706174652002,nan,nan
1706174652013,nan,nan
1706174652021,nan,nan
1706174652035,nan,nan
1706174652072,nan,nan
1706174652075,nan,nan
1706174652088,nan,nan
1706174652098,nan,nan
1706174652109,nan,nan
1706174652120,nan,nan
1706174652131,nan,nan
1706174652142,nan,nan
1706174652153,nan,nan
1706174652170,nan,nan
1706174652208,nan,nan
1706174652223,nan,nan
1706174652224,nan,nan
1706174652238,nan,nan
1706174652250,nan,nan
1706174652257,nan,nan
1706174652271,nan,nan
1706174652283,nan,nan
1706174652291,nan,nan
1706174652304,nan,nan
1706174652316,nan,nan
1706174652324,nan,nan
1706174652356,nan,nan
1706174652357,nan,nan
1706174652372,nan,nan
1706174652380,nan,nan
1706174652389,nan,nan
1706174652403,nan,nan
1706174652414,nan,nan
1706174652424,nan,nan
1706174652437,nan,nan
1706174652448,nan,nan
1706174652457,nan,nan
1706174652493,nan,nan
1706174652494,nan,nan
1706174652511,nan,nan
1706174652514,nan,nan
1706174652526,nan,nan
1706174652538,nan,nan
1706174652548,nan,nan
1706174652557,nan,nan
1706174652571,nan,nan
1706174652581,nan,nan
1706174652591,nan,nan
1706174652604,nan,nan
1706174652640,nan,nan
1706174652641,nan,nan
1706174652648,nan,nan
1706174652658,nan,nan
1706174652673,nan,nan
1706174652681,nan,nan
1706174652690,nan,nan
1706174652704,nan,nan
1706174652714,nan,nan
1706174652723,nan,nan
1706174652736,nan,nan
1706174652772,nan,nan
1706174652788,nan,nan
1706174652790,nan,nan
1706174652803,nan,nan
1706174652815,nan,nan
1706174652823,nan,nan
1706174652836,nan,nan
1706174652848,nan,nan
1706174652857,nan,nan
1706174652869,nan,nan
1706174652882,nan,nan
1706174652890,nan,nan
1706174652924,nan,nan
1706174652925,nan,nan
1706174652940,nan,nan
1706174652949,nan,nan
1706174652958,nan,nan
1706174652970,nan,nan
1706174652982,nan,nan
1706174652991,nan,nan
1706174653003,nan,nan
1706174653015,nan,nan
1706174653024,nan,nan
1706174653060,nan,nan
1706174653061,nan,nan
1706174653075,nan,nan
1706174653082,nan,nan
1706174653091,nan,nan
1706174653102,nan,nan
1706174653115,nan,nan
1706174653123,nan,nan
1706174653136,nan,nan
1706174653148,nan,nan
1706174653156,nan,nan
1706174653170,nan,nan
1706174653208,nan,nan
1706174653209,nan,nan
1706174653215,nan,nan
1706174653225,nan,nan
1706174653239,nan,nan
1706174653249,nan,nan
1706174653257,nan,nan
1706174653271,nan,nan
1706174653281,nan,nan
1706174653290,nan,nan
1706174653304,nan,nan
1706174653316,nan,nan
1706174653324,nan,nan
1706174653357,nan,nan
1706174653358,nan,nan
1706174653373,nan,nan
1706174653383,nan,nan
1706174653393,nan,nan
1706174653403,nan,nan
1706174653416,nan,nan
1706174653424,nan,nan
1706174653437,nan,nan
1706174653448,nan,nan
1706174653457,nan,nan
1706174653470,nan,nan
1706174653506,nan,nan
1706174653507,nan,nan
1706174653522,nan,nan
1706174653524,nan,nan
1706174653538,nan,nan
1706174653549,nan,nan
1706174653558,nan,nan
1706174653571,nan,nan
1706174653582,nan,nan
1706174653592,nan,nan
1706174653604,nan,nan
1706174653642,nan,nan
1706174653644,nan,nan
1706174653648,nan,nan
1706174653660,nan,nan
1706174653670,nan,nan
1706174653680,nan,nan
1706174653689,nan,nan
1706174653701,nan,nan
1706174653713,nan,nan
1706174653722,nan,nan
1706174653734,nan,nan
1706174653745,nan,nan
1706174653755,nan,nan
1706174653792,nan,nan
1706174653793,nan,nan
1706174653808,nan,nan
1706174653811,nan,nan
1706174653823,nan,nan
1706174653833,nan,nan
1706174653846,nan,nan
1706174653856,nan,nan
1706174653866,nan,nan
1706174653879,nan,nan
1706174653889,nan,nan
1706174653900,nan,nan
1706174653920,nan,nan
1706174653941,nan,nan
1706174653958,nan,nan
1706174653966,nan,nan
1706174653977,nan,nan
1706174653988,nan,nan
1706174654000,nan,nan
1706174654011,nan,nan
1706174654022,nan,nan
1706174654033,nan,nan
1706174654073,1394.4108275370668,889.5702540874481
1706174654074,1394.4108275370668,889.5702540874481
1706174654079,1352.524952733452,891.9521033763885
1706174654090,1352.524952733452,891.9521033763885
1706174654102,1352.524952733452,891.9521033763885
1706174654113,1338.0380236723765,883.2497522234917
1706174654124,1380.207502250338,876.310982555151
1706174654135,1377.4995675508105,877.5952242314816
1706174654147,1388.9773107118704,874.7486725449562
1706174654158,1381.2879604758702,880.2220307290554
1706174654169,1366.9228466078869,882.7203705906868
1706174654180,1339.0866798427887,889.4577130675316
1706174654191,1268.421030527635,888.5029971599579
1706174654224,1261.0881755190733,887.9391595721245
1706174654240,1233.432914694982,888.4718254208565
1706174654246,1229.3127510047793,893.795907497406
1706174654257,1138.6819523486283,948.3769714832306
1706174654267,1305.7230411395838,889.7364467382431
1706174654278,nan,nan
1706174654289,nan,nan
1706174654300,nan,nan
1706174654311,nan,nan
1706174654322,nan,nan
1706174654360,nan,nan
1706174654367,nan,nan
1706174654379,1586.3149076264035,1111.6396486759186
1706174654391,1586.3149076264035,1111.6396486759186
1706174654402,1365.8731713152065,1046.636663377285
1706174654413,1214.6734438797555,882.249354571104
1706174654424,1195.3767038606093,888.2351920008659
1706174654436,1197.5496644559385,858.626201748848
1706174654447,1189.1227538441212,862.3915694653988
1706174654458,1178.9644388781676,846.1130276322365
1706174654469,1172.4463714813887,862.7252712845802
1706174654507,1174.4065181281971,859.1787993907928
1706174654513,1188.3827013282607,863.1833769381046
1706174654525,1184.6821388004512,863.2088012993336
1706174654537,1182.5477088629602,865.0555215775967
1706174654547,1184.6120695757836,866.2130236625671
1706174654558,1184.0269979748768,867.9441027343273
1706174654568,1187.3689639378008,871.1017206311226
1706174654579,1189.0418893953852,867.3787079751492
1706174654590,1191.740472027724,870.6938549876213
1706174654602,1191.7636607104391,867.6118448376656
1706174654613,1192.0459466682837,873.3533479273319
1706174654624,1196.3369513783625,869.3875014781952
1706174654661,1196.9564592635556,866.1906711757183
1706174654669,1187.8378510541966,870.1551161706448
1706174654680,1186.2452864783008,868.2103082537651
1706174654693,1190.5196930877491,866.5419973433018
1706174654702,1187.2825186438274,867.2852493822575
1706174654713,1183.3296842548734,869.2882813513279
1706174654724,1187.5275467259298,872.9007348418236
1706174654736,1192.5155983369737,874.2357827723026
1706174654747,1195.2300543558517,873.6560761928558
1706174654757,1195.7436156739807,872.382564842701
1706174654792,1189.889320023697,871.1629740893841
1706174654793,1190.712591882685,873.9851772785187
1706174654802,1185.927793794749,873.9273071289062
1706174654815,1184.8911793154746,875.6330467760563
1706174654824,1188.8601349002804,879.3832674622536
1706174654837,1193.606422022298,877.0684614777565
1706174654846,1191.5388217729346,875.5341239273548
1706174654857,1190.9907162442128,877.0437732338905
1706174654868,1186.3637807602663,878.4863226115704
1706174654879,1185.0802274868443,878.4244321286678
1706174654890,1185.3586928543482,875.3491885960102
1706174654902,1186.6352405617383,871.1145743727684
1706174654913,1187.7294979297067,869.4585651159286
1706174654946,1187.0268578046487,867.2179937362671
1706174654947,1188.094054355011,873.0235531926155
1706174654962,1189.8479473480065,874.3701100349426
1706174654969,1187.8904047563253,870.8143517374992
1706174654981,1192.8417242093144,869.5177800953388
1706174654991,1190.2488610170376,874.0212328732014
1706174655002,1195.3227134387134,874.5357789099216
1706174655013,1194.8692365372299,874.0696609020233
1706174655024,1194.9308541093274,875.6100006401539
1706174655035,1193.622523873812,877.1836213767529
1706174655047,1195.553630373208,875.3503069281578
1706174655057,1189.793875474997,869.7942346334457
1706174655093,1190.9758428069777,870.9256894886494
1706174655094,1189.6207031100732,875.9205006062984
1706174655109,1195.7387149926826,878.9205327630043
1706174655113,1196.3438599285803,869.4778315722942
1706174655125,1193.4949130607215,844.6416988968849
1706174655134,1192.0319952136053,829.8023089766502
1706174655146,1189.2348569938474,823.4082661569118
1706174655157,1189.0954607286903,825.5359284579754
1706174655168,1188.3016566489691,828.9338037371635
1706174655179,1188.2074389102916,829.4893458485603
1706174655190,1191.521407410503,824.7228160500526
1706174655201,1191.7973263559013,823.3018547296524
1706174655241,1197.2901437919154,824.7337304055691
1706174655246,1190.9613654254324,828.7229627370834
1706174655261,1197.5132547648066,828.367318958044
1706174655268,1198.1805188702779,825.5843140184879
1706174655279,1197.165863464394,824.1382963955402
1706174655290,1196.7028182388167,824.2471285164356
1706174655301,1195.9580302902193,826.0385125875473
1706174655312,1196.5520166556505,826.1252328753471
1706174655323,1203.2835455224326,816.0567186772823
1706174655334,1203.2886981885674,813.7536056339741
1706174655346,1201.7817031857007,816.2260256707668
1706174655357,1199.0966145269035,821.6205202043056
1706174655393,1203.3338004446355,825.4276767373085
1706174655409,1196.721782079863,818.5754433274269
1706174655413,1194.017681244356,820.21439447999
1706174655424,1198.7037016379943,825.5004249513149
1706174655434,1192.1321283076559,831.3956774771214
1706174655446,1101.5253841491817,845.083624124527
1706174655457,836.1492554646996,875.4673779010773
1706174655468,792.0350903929223,878.1275503337383
1706174655479,745.766602955419,884.568364918232
1706174655490,720.3683140856128,892.4974247813225
1706174655508,721.1950118036514,894.9344545602798
1706174655529,719.2982978103857,890.2552112936974
1706174655530,717.8237944488824,891.6404142975807
1706174655534,713.8658086421422,890.4724508523941
1706174655548,714.0259605713603,887.4442055821419
1706174655557,711.8434347442559,884.9750980734825
1706174655568,714.4130005588993,887.3060420155525
1706174655579,695.1778491088746,889.1318678855896
1706174655590,672.646740447856,903.7201568484306
1706174655600,596.3211799178315,929.9488961696625
1706174655611,694.5844785136707,998.9634662866592
1706174655622,585.4919499689806,1111.1944675445557
1706174655633,nan,nan
1706174655644,nan,nan
1706174655679,nan,nan
1706174655680,nan,nan
1706174655688,nan,nan
1706174655699,nan,nan
1706174655711,nan,nan
1706174655721,nan,nan
1706174655732,nan,nan
1706174655743,nan,nan
1706174655754,nan,nan
1706174655765,nan,nan
1706174655776,nan,nan
1706174655787,nan,nan
1706174655805,nan,nan
1706174655830,nan,nan
1706174655831,nan,nan
1706174655848,nan,nan
1706174655853,nan,nan
1706174655865,nan,nan
1706174655875,nan,nan
1706174655887,nan,nan
1706174655898,nan,nan
1706174655909,nan,nan
1706174655920,nan,nan
1706174655931,nan,nan
1706174655942,nan,nan
1706174655976,nan,nan
1706174655977,nan,nan
1706174655993,nan,nan
1706174655998,nan,nan
1706174656009,nan,nan
1706174656020,nan,nan
1706174656031,nan,nan
1706174656042,nan,nan
1706174656054,nan,nan
1706174656064,nan,nan
1706174656075,nan,nan
1706174656087,nan,nan
1706174656127,nan,nan
1706174656131,nan,nan
1706174656144,nan,nan
1706174656153,nan,nan
1706174656164,nan,nan
1706174656175,nan,nan
1706174656187,nan,nan
1706174656198,nan,nan
1706174656209,nan,nan
1706174656220,nan,nan
1706174656231,nan,nan
1706174656242,nan,nan
1706174656277,nan,nan
1706174656278,nan,nan
1706174656294,nan,nan
1706174656298,nan,nan
1706174656310,nan,nan
1706174656321,nan,nan
1706174656331,nan,nan
1706174656343,nan,nan
1706174656354,nan,nan
1706174656365,nan,nan
1706174656376,nan,nan
1706174656409,nan,nan
1706174656410,nan,nan
1706174656425,nan,nan
1706174656430,nan,nan
1706174656443,nan,nan
1706174656453,nan,nan
1706174656464,nan,nan
1706174656475,nan,nan
1706174656486,nan,nan
1706174656498,nan,nan
1706174656509,nan,nan
1706174656521,nan,nan
1706174656559,nan,nan
1706174656560,nan,nan
1706174656566,1017.8487926024259,946.1598992347717
1706174656577,1004.4705461534128,935.7827395200729
1706174656588,972.3846870640955,911.1666917800903
1706174656600,1011.2268303236875,925.4662245512009
1706174656611,1003.7243239716488,939.768984913826
1706174656621,1008.787508294327,942.3181027173996
1706174656633,1015.9466381346726,957.7942907810211
1706174656644,1011.064063722941,950.9766265749931
1706174656656,1006.5832635855193,945.1017871499062
1706174656695,993.8300835100254,946.2815284729004
1706174656696,839.0290984608285,955.1171168684959
1706174656701,792.446436949058,952.3212864995003
1706174656714,779.9639982737258,951.5793085098267
1706174656723,775.9904640500642,952.054500579834
1706174656734,776.4008429590044,949.9243468046188
1706174656745,777.1356259086175,948.3800858259201
1706174656756,776.3789302494179,938.4672179818153
1706174656766,775.2854202394208,933.3521366119385
1706174656778,771.9037972533336,926.8225491046906
1706174656789,767.2266886079522,930.3947851061821
1706174656800,764.3144098774621,933.7025851011276
1706174656811,761.5070564156824,937.9486232995987
1706174656846,763.625341201873,936.08358502388
1706174656847,762.4393571109817,933.3987951278687
1706174656856,757.4833336653578,931.1287507414818
1706174656867,755.2599640175744,928.438326716423
1706174656880,755.6200640134234,932.2415336966515
1706174656889,759.7673781098517,931.3469529151917
1706174656900,764.1606717905388,931.7424178123474
1706174656911,811.2740404472394,915.473884344101
1706174656922,995.8685507748041,862.4952770769596
1706174656933,1090.628483904566,843.4528976678848
1706174656945,1139.9097502243062,836.6734690964222
1706174656956,1164.0471250068617,834.9283471703529
1706174656993,1161.9982423545653,830.4735347628593
1706174657000,1165.294577811224,830.9280447661877
1706174657011,1165.4534433558365,826.2937471270561
1706174657023,1166.8789043814513,827.6778317987919
1706174657034,1164.403190358706,825.0010825693607
1706174657045,1164.9587809344262,827.3985460400581
1706174657056,1166.8990697722093,833.5945308208466
1706174657067,1165.9078049831462,836.9214981794357
1706174657078,1164.0770334819085,840.6164534389973
1706174657089,1165.9900415502166,838.8463459908962
1706174657128,1164.5365809366172,837.6786798238754
1706174657133,1164.6888729494149,838.0799487233162
1706174657144,1167.5620915987197,835.3002987802029
1706174657156,1169.85443886018,828.9632767438889
1706174657166,1171.1693110835593,828.5109184682369
1706174657177,1173.3994749740173,827.8851620852947
1706174657188,1171.6083342136421,829.1246138513088
1706174657200,1171.6531075761648,824.5360545814037
1706174657211,1169.7314065699538,822.8607080876827
1706174657222,1169.8311454572467,823.6700691282749
1706174657233,1168.0516923238906,826.380793005228
1706174657244,1171.7088603606437,828.7282288074493
1706174657278,1172.8789133151433,839.1153261065483
1706174657295,1164.410556837926,835.8247682452202
1706174657300,1166.9737373544194,837.1062353253365
1706174657312,1168.418583450181,836.4445224404335
1706174657322,1171.5484527137928,839.8517549037933
1706174657333,1169.2794834146182,837.322922796011
1706174657344,1166.3242609420618,837.6253537833691
1706174657355,1165.2408489226484,838.1338834762573
1706174657367,1165.7893355021451,837.999626994133
1706174657378,1165.340403222112,838.4667217731476
1706174657413,1170.4250847998665,832.6214119791985
1706174657414,1174.1261112040909,832.798320800066
1706174657422,1171.154426907918,832.1272790431976
1706174657434,1168.2227628674955,833.6056999862194
1706174657445,1182.3388964190503,835.1106494665146
1706174657456,1204.992263342248,829.0591277182102
1706174657467,1212.433860521082,824.7155115008354
1706174657478,1209.3193324611739,822.8448249399662
1706174657489,1202.3411724724,819.646805524826
1706174657500,1202.9381828312603,820.9912955760956
1706174657512,1201.7036372543987,824.4306340813637
1706174657522,1206.6752955678407,829.377668350935
1706174657562,1207.8896955257671,831.6950649023056
1706174657566,1203.2332072733086,825.6633900105953
1706174657581,1209.438149158932,826.3986296951771
1706174657588,1209.9532826728419,823.9033333957195
1706174657601,1208.5062821898314,826.3407312333584
1706174657610,1206.8418307307325,825.0368125736713
1706174657622,1204.344058104314,825.8991457521915
1706174657633,1203.914685376169,821.2609127163887
1706174657644,1204.9946442284959,822.6010851562023
1706174657656,1207.8907752659538,820.8584830164909
1706174657666,1209.9910796292093,825.011982768774
1706174657677,1209.6293083115866,821.8554548919201
1706174657711,1192.1423312598567,824.6020220220089
1706174657728,1184.5615304034654,832.9089365899563
1706174657733,1189.5639487767853,830.4444439709187
1706174657744,1186.9985910648566,832.2658106684685
1706174657755,1187.1506412838912,830.8712929487228
1706174657767,1184.8546848395642,828.8150765001774
1706174657778,1181.9280507284986,824.446602165699
1706174657789,1184.1651211961444,826.1098310351372
1706174657800,1184.5755119310143,832.0080421864986
1706174657811,1187.32041525872,836.4672854542732
1706174657822,1182.622933396431,834.2980325222015
1706174657864,1184.4766150919172,834.3906842172146
1706174657867,1188.2945922333881,833.6088426411152
1706174657882,1182.8931982215295,834.147921204567
1706174657888,1178.6183607033895,827.5679379701614
1706174657901,1175.2532376831757,822.5096650421619
1706174657910,1176.00497492348,824.245896935463
1706174657922,1181.1604768046752,828.5341203212738
1706174657933,1183.2915075958213,833.810680359602
1706174657944,1186.231025260825,834.4396501779556
1706174657955,1185.5798639564036,833.3917587995529
1706174657966,1186.8049945471648,835.773565620184
1706174657978,1184.3105595363863,831.0611121356487
1706174658012,1184.2161951687062,828.2072700560093
1706174658029,1178.9372778133416,829.0816217660904
1706174658033,1179.5060207123652,829.3586567044258
1706174658046,1187.6071555799754,829.8207402229309
1706174658055,1183.2017883872809,829.5269303023815
1706174658066,1186.9472987032423,829.5362167060375
1706174658077,1179.9528594973108,832.4024736881256
1706174658088,1185.8129240993753,832.2786785662174
1706174658099,1183.6305862170657,835.1199217140675
1706174658110,1187.318391537127,834.0725965797901
1706174658121,1188.3607491498406,835.7024312019348
1706174658163,1191.9744369958203,835.5058029294014
1706174658166,1183.5573688921731,835.8045816421509
1706174658181,1186.1440111643694,832.337511330843
1706174658190,1189.1351486972285,836.7649883031845
1706174658199,1189.9442401392403,834.1805085539818
1706174658211,1188.9007270176785,832.0113830268383
1706174658222,1185.5262230092153,825.684355199337
1706174658233,1184.4387444230883,825.0644311308861
1706174658244,1187.9182154770665,822.5127086043358
1706174658255,1186.311717266694,825.4989102482796
1706174658266,1184.2554858408944,825.792932510376
1706174658277,1182.9288975969848,832.6294951140881
1706174658309,1191.6062499263428,832.6772719621658
1706174658310,1190.5220281073398,832.9834118485451
1706174658325,1180.886600083184,836.3030180335045
1706174658333,1180.9353101551299,838.5251015424728
1706174658345,1180.1036624753815,838.9348074793816
1706174658355,1177.3518859943592,838.1175614893436
1706174658366,1168.3150502122326,836.4191263914108
1706174658377,1171.726043148135,836.2927407026291
1706174658388,1176.2526585357268,829.4375911355019
1706174658399,1182.7860832436768,828.7080988287926
1706174658410,1178.784188897147,827.6069238781929
1706174658422,1180.871977793483,825.3889739513397
1706174658461,1180.256578109037,824.5766259729862
1706174658465,1172.9958178919837,832.1219705045223
1706174658476,1172.2389147523077,834.7438648343086
1706174658487,1175.4764346806942,839.9289056658745
1706174658499,1176.1143572939764,838.2584854960442
1706174658510,1182.3850748150644,834.8210155963898
1706174658521,1182.830226578391,832.2724357247353
1706174658532,1179.9820826431378,829.0114216506481
1706174658543,1178.5199617391913,829.8042058944702
1706174658554,1179.8590655806665,826.570201665163
1706174658566,1180.1318365229467,826.1129312217236
1706174658577,1181.461715491182,824.7426345944405
1706174658614,1178.07401500042,825.9259857237339
1706174658621,1173.2296345550208,831.9840617477894
1706174658633,1174.1170526365786,828.2450526952744
1706174658644,1174.020924369263,830.3252920508385
1706174658654,1177.0064873915358,830.5166259407997
1706174658665,1188.1785285205247,845.3499287366867
1706174658676,1246.4771875127867,847.779031097889
1706174658686,1281.1936523256677,886.6508409380913
1706174658697,1669.7456072385667,875.6604671478271
1706174658708,nan,nan
1706174658719,nan,nan
1706174658730,nan,nan
1706174658765,nan,nan
1706174658766,nan,nan
1706174658773,nan,nan
1706174658784,nan,nan
1706174658797,nan,nan
1706174658807,nan,nan
1706174658818,nan,nan
1706174658828,nan,nan
1706174658846,nan,nan
1706174658867,nan,nan
1706174658890,nan,nan
1706174658911,nan,nan
1706174658914,nan,nan
1706174658928,nan,nan
1706174658934,nan,nan
1706174658947,nan,nan
1706174658956,nan,nan
1706174658968,nan,nan
1706174658981,nan,nan
1706174658988,nan,nan
1706174659001,nan,nan
1706174659015,nan,nan
1706174659022,nan,nan
1706174659042,nan,nan
1706174659065,nan,nan
1706174659068,nan,nan
1706174659081,nan,nan
1706174659088,nan,nan
1706174659101,nan,nan
1706174659114,nan,nan
1706174659122,nan,nan
1706174659135,nan,nan
1706174659147,nan,nan
1706174659155,nan,nan
1706174659199,nan,nan
1706174659200,nan,nan
1706174659201,nan,nan
1706174659217,nan,nan
1706174659221,nan,nan
1706174659236,nan,nan
1706174659248,nan,nan
1706174659255,nan,nan
1706174659268,nan,nan
1706174659281,nan,nan
1706174659289,nan,nan
1706174659303,nan,nan
1706174659314,nan,nan
1706174659348,nan,nan
1706174659349,nan,nan
1706174659355,nan,nan
1706174659369,nan,nan
1706174659381,nan,nan
1706174659389,nan,nan
1706174659403,nan,nan
1706174659414,nan,nan
1706174659422,nan,nan
1706174659436,nan,nan
1706174659448,nan,nan
1706174659456,nan,nan
1706174659496,nan,nan
1706174659497,nan,nan
1706174659503,nan,nan
1706174659515,nan,nan
1706174659522,nan,nan
1706174659535,nan,nan
1706174659548,nan,nan
1706174659556,nan,nan
1706174659569,nan,nan
1706174659580,nan,nan
1706174659588,nan,nan
1706174659601,nan,nan
1706174659615,nan,nan
1706174659647,nan,nan
1706174659648,nan,nan
1706174659655,nan,nan
1706174659668,nan,nan
1706174659682,nan,nan
1706174659688,nan,nan
1706174659701,nan,nan
1706174659714,nan,nan
1706174659722,nan,nan
1706174659734,nan,nan
1706174659745,nan,nan
1706174659755,nan,nan
1706174659778,nan,nan
1706174659799,nan,nan
1706174659801,nan,nan
1706174659818,nan,nan
1706174659822,nan,nan
1706174659835,nan,nan
1706174659846,nan,nan
1706174659855,nan,nan
1706174659868,nan,nan
1706174659880,nan,nan
1706174659889,nan,nan
1706174659902,nan,nan
1706174659913,nan,nan
1706174659948,nan,nan
1706174659949,nan,nan
1706174659955,nan,nan
1706174659969,nan,nan
1706174659980,nan,nan
1706174659988,nan,nan
1706174660002,nan,nan
1706174660013,nan,nan
1706174660022,nan,nan
1706174660036,nan,nan
1706174660045,nan,nan
1706174660055,nan,nan
1706174660099,nan,nan
1706174660100,nan,nan
1706174660101,nan,nan
1706174660116,nan,nan
1706174660122,nan,nan
1706174660136,nan,nan
1706174660146,nan,nan
1706174660155,nan,nan
1706174660167,nan,nan
1706174660182,nan,nan
1706174660188,nan,nan
1706174660201,nan,nan
1706174660245,nan,nan
1706174660246,nan,nan
1706174660247,nan,nan
1706174660262,nan,nan
1706174660268,nan,nan
1706174660281,nan,nan
1706174660288,nan,nan
1706174660300,nan,nan
1706174660314,nan,nan
1706174660321,nan,nan
1706174660334,nan,nan
1706174660347,nan,nan
1706174660382,nan,nan
1706174660389,nan,nan
1706174660401,nan,nan
1706174660414,nan,nan
1706174660422,nan,nan
1706174660434,nan,nan
1706174660447,nan,nan
1706174660455,nan,nan
1706174660467,nan,nan
1706174660480,nan,nan
1706174660488,nan,nan
1706174660538,nan,nan
1706174660539,nan,nan
1706174660553,nan,nan
1706174660568,nan,nan
1706174660580,nan,nan
1706174660586,nan,nan
1706174660601,nan,nan
1706174660613,nan,nan
1706174660620,nan,nan
1706174660635,nan,nan
1706174660647,nan,nan
1706174660655,nan,nan
1706174660702,nan,nan
1706174660703,nan,nan
1706174660708,nan,nan
1706174660718,nan,nan
1706174660730,nan,nan
1706174660741,nan,nan
1706174660752,nan,nan
1706174660763,nan,nan
1706174660775,nan,nan
1706174660784,nan,nan
1706174660802,nan,nan
1706174660849,nan,nan
1706174660850,nan,nan
1706174660857,nan,nan
1706174660872,nan,nan
1706174660885,nan,nan
1706174660890,nan,nan
1706174660904,nan,nan
1706174660916,nan,nan
1706174660925,nan,nan
1706174660937,nan,nan
1706174660948,nan,nan
1706174660958,nan,nan
1706174660978,nan,nan
1706174660998,nan,nan
1706174660999,nan,nan
1706174661003,nan,nan
1706174661014,nan,nan
1706174661022,nan,nan
1706174661036,nan,nan
1706174661047,nan,nan
1706174661056,nan,nan
1706174661069,nan,nan
1706174661080,nan,nan
1706174661089,nan,nan
1706174661101,nan,nan
1706174661133,nan,nan
1706174661134,nan,nan
1706174661151,nan,nan
1706174661155,nan,nan
1706174661168,nan,nan
1706174661180,nan,nan
1706174661189,nan,nan
1706174661200,nan,nan
1706174661212,nan,nan
1706174661223,nan,nan
1706174661233,nan,nan
1706174661245,nan,nan
1706174661282,nan,nan
1706174661283,nan,nan
1706174661289,nan,nan
1706174661300,nan,nan
1706174661312,nan,nan
1706174661322,nan,nan
1706174661333,nan,nan
1706174661345,nan,nan
1706174661356,nan,nan
1706174661367,nan,nan
1706174661386,nan,nan
1706174661431,nan,nan
1706174661434,nan,nan
1706174661446,nan,nan
1706174661455,nan,nan
1706174661467,nan,nan
1706174661477,nan,nan
1706174661496,nan,nan
1706174661519,nan,nan
1706174661533,nan,nan
1706174661578,nan,nan
1706174661579,1455.3065913384894,902.7018517255783
1706174661584,1462.2363895677229,906.1930298805237
1706174661595,1472.6558393375649,897.9902476072311
1706174661608,1436.059289451337,893.6110571026802
1706174661618,1437.3235045479637,902.045065164566
1706174661629,1382.434256168174,886.4266932010651
1706174661640,1349.0186935591391,877.8121665120125
1706174661651,1316.00773956972,864.3722489476204
1706174661662,1261.7236479267297,845.6929594278336
1706174661674,1263.3652426738176,844.1445931792259
1706174661685,1260.3990867872544,838.6409975588322
1706174661695,1257.1510574237232,843.0393271148205
1706174661707,1254.0896169381094,838.1028532981873
1706174661746,1257.8309639888043,846.0619948804379
1706174661747,1257.8628959985326,846.5472802519798
1706174661750,1259.9281463937355,845.4030565917492
1706174661764,1259.6004443950026,844.5345796644688
1706174661773,1262.590142123673,847.5435301661491
1706174661784,1257.3297906986113,845.2302671968937
1706174661795,1255.2287971770272,845.2745050191879
1706174661806,1255.276579909298,841.977633535862
1706174661817,1255.4731712853602,845.8461992442608
1706174661828,1241.1974487681985,840.8162951469421
1706174661840,1231.266728765425,840.2559399604797
1706174661880,1222.5912183981577,839.1805432736874
1706174661881,1223.5980759626623,837.318916618824
1706174661884,1222.866815288524,837.0171934366226
1706174661896,1222.4117481788226,841.3471914827824
1706174661906,1222.3138268722569,840.5235610902309
1706174661918,1222.6044586098192,843.1943364441395
1706174661929,1217.5148903428994,843.3795265853405
1706174661939,1218.1552114791643,846.6117046773434
1706174661950,1218.6142034506606,841.1680035293102
1706174661961,1222.236741107201,839.8151189088821
1706174661972,1224.1366970609442,838.2294371724129
1706174661984,1222.1795158451307,844.2400194704533
1706174661995,1219.853052965198,858.4992073476315
1706174662031,1226.068159283052,888.9263778924942
1706174662032,1230.9496713226063,911.9520157575607
1706174662046,1246.9204608861032,945.0093761086464
1706174662051,1246.735144087189,948.2084572315216
1706174662062,1246.8477730769011,947.1669644117355
1706174662073,1243.3440578558962,938.4306102991104
1706174662084,1246.341368579157,936.6404011845589
1706174662095,1249.3085045135067,939.3625065684319
1706174662106,1253.965616312813,943.4202969074249
1706174662117,1249.9006548634295,943.8746228814125
1706174662128,1242.6053167367768,940.3415143489838
1706174662140,1242.459902975858,940.5981078743935
1706174662181,1246.460233324199,939.9590730667114
1706174662182,1245.9877597889858,937.9995003342628
1706174662184,1242.8564459728882,936.8048951029778
1706174662199,1247.4604910775133,941.4235785603523
1706174662206,1244.4342048674378,943.6076387763023
1706174662218,1246.207136168336,944.4391399621964
1706174662229,1241.7578823803442,943.3367475867271
1706174662240,1244.7497125808113,943.8913553953171
1706174662251,1243.7789378972766,943.9401939511299
1706174662262,1245.9004839614586,942.8534865379333
1706174662273,1246.5552498181219,940.5120953917503
1706174662285,1247.4293868038642,941.106028854847
1706174662295,1242.8434315989057,944.4324865937233
1706174662333,1242.0936781012165,943.2882204651833
1706174662334,1244.4208278148421,937.104070186615
1706174662339,1313.1255825269438,947.2597435116768
1706174662350,1435.7246941444625,958.1603392958641
1706174662361,1672.8873851511776,985.859303176403
1706174662372,1811.5164166516518,984.5183238387108
1706174662384,1895.435494888679,992.1087697148323
1706174662394,1906.8451772102303,995.8027765154839
1706174662406,1907.458671230588,991.8750524520874
1706174662417,1909.7489688419182,989.7605836391449
1706174662428,1908.4821426536357,991.3996905088425
1706174662467,1911.4473905787754,993.2161167263985
1706174662468,1910.8287634866351,995.1036348938942
1706174662473,1910.4211632446918,990.7976031303406
1706174662486,1905.320363561404,993.4436053037643
1706174662495,1902.7383878560763,993.2340666651726
1706174662506,1890.048571702634,994.3455189466476
1706174662517,1872.5653322344665,997.009103000164
1706174662528,1834.9469765156693,1010.1138040423393
1706174662539,1833.8147593699916,1012.112221121788
1706174662550,1837.5213344686113,1014.6635755896568
1706174662562,1835.377563442039,1017.3874080181122
1706174662573,1835.3103349682044,1018.978950381279
1706174662584,1830.1778192937722,1018.3166995644569
1706174662615,1828.0061006206604,1018.0665612220764
1706174662616,1828.6904861133917,1017.7777484059334
1706174662617,1830.8836695724826,1015.7049834728241
1706174662634,1828.6038406691866,1015.674264729023
1706174662640,1828.463679789111,1014.1111478209496
1706174662652,1827.8327826891891,1017.0584484934807
1706174662662,1833.2510646028188,1021.3484272360802
1706174662673,1832.8101584338426,1023.7825125455856
1706174662684,1811.5589157713298,1019.1008627414703
1706174662695,1701.865212290483,1001.0058522224426
1706174662705,1643.2824680588885,999.4299665093422
1706174662717,1505.5106484638827,984.9676102399826
1706174662728,1266.8538691053582,967.3746034502983
1706174662771,1245.6363235882545,970.1888933777809
1706174662772,1233.9765251692534,972.577565908432
1706174662790,1248.6919896106483,974.0946188569069
1706174662794,1243.0498851364582,972.5079745054245
1706174662806,1241.888611740266,974.1167306900024
1706174662817,1241.7203763544817,975.9056940674782
1706174662828,1248.0831944757947,973.0046838521957
1706174662839,1250.1590316745992,970.2349856495857
1706174662850,1249.5011974814988,966.1321505904198
1706174662861,1250.7303409228648,965.3000265359879
1706174662872,1247.6554091151675,969.0199106931686
1706174662884,1245.6741577183152,970.1871663331985
1706174662919,1236.9269441478214,972.2055435180664
1706174662920,1238.6549041849635,967.4520939588547
1706174662928,1248.9719970035924,994.5202335715294
1706174662939,1251.0119779792396,984.6515893936157
1706174662951,1262.0149782905205,1015.209236741066
1706174662960,1302.980372865451,963.2950693368912
1706174662971,1348.4583147871965,1089.514622092247
1706174662982,nan,nan
1706174662993,nan,nan
1706174663004,nan,nan
1706174663015,nan,nan
1706174663026,nan,nan
1706174663047,nan,nan
1706174663067,nan,nan
1706174663068,nan,nan
1706174663082,nan,nan
1706174663091,nan,nan
1706174663101,nan,nan
1706174663121,nan,nan
1706174663140,nan,nan
1706174663151,nan,nan
1706174663161,nan,nan
1706174663201,nan,nan
1706174663202,nan,nan
1706174663206,nan,nan
1706174663219,nan,nan
1706174663227,nan,nan
1706174663240,nan,nan
1706174663251,nan,nan
1706174663261,nan,nan
1706174663272,nan,nan
1706174663284,nan,nan
1706174663294,nan,nan
1706174663306,nan,nan
1706174663328,nan,nan
1706174663350,nan,nan
1706174663351,nan,nan
1706174663367,nan,nan
1706174663373,nan,nan
1706174663386,nan,nan
1706174663394,nan,nan
1706174663406,nan,nan
1706174663418,nan,nan
1706174663428,nan,nan
1706174663439,nan,nan
1706174663451,nan,nan
1706174663460,nan,nan
1706174663502,nan,nan
1706174663503,nan,nan
1706174663505,nan,nan
1706174663519,nan,nan
1706174663527,nan,nan
1706174663539,nan,nan
1706174663551,nan,nan
1706174663561,nan,nan
1706174663572,nan,nan
1706174663584,nan,nan
1706174663594,nan,nan
1706174663606,nan,nan
1706174663628,nan,nan
1706174663648,nan,nan
1706174663650,nan,nan
1706174663664,nan,nan
1706174663672,nan,nan
1706174663684,nan,nan
1706174663693,nan,nan
1706174663705,nan,nan
1706174663717,nan,nan
1706174663727,nan,nan
1706174663738,nan,nan
1706174663751,nan,nan
1706174663783,nan,nan
1706174663784,nan,nan
1706174663800,nan,nan
1706174663806,nan,nan
1706174663817,nan,nan
1706174663826,nan,nan
1706174663838,nan,nan
1706174663850,nan,nan
1706174663860,nan,nan
1706174663872,nan,nan
1706174663884,nan,nan
1706174663893,nan,nan
1706174663934,nan,nan
1706174663935,nan,nan
1706174663939,nan,nan
1706174663951,nan,nan
1706174663961,nan,nan
1706174663972,nan,nan
1706174663984,nan,nan
1706174663995,nan,nan
1706174664006,nan,nan
1706174664027,nan,nan
1706174664040,nan,nan
1706174664052,nan,nan
1706174664085,nan,nan
1706174664086,nan,nan
1706174664103,nan,nan
1706174664107,nan,nan
1706174664119,nan,nan
1706174664134,nan,nan
1706174664156,nan,nan
1706174664171,nan,nan
1706174664189,nan,nan
1706174664199,nan,nan
1706174664235,nan,nan
1706174664236,1351.407772173293,957.496502995491
1706174664252,1313.7403663666014,932.0806354284286
1706174664256,1308.05292232091,913.5143965482712
1706174664269,1303.9370673641986,933.4633469581604
1706174664278,1301.2854599166194,933.4499552845955
1706174664290,1306.615349295142,936.7131918668747
1706174664300,1305.230534876744,936.1026391386986
1706174664311,1293.7254247484616,935.8591824769974
1706174664322,1296.4768475328174,937.1408194303513
1706174664333,1293.5091257937092,938.528910279274
1706174664345,1297.7456957087152,941.7916938662529
1706174664363,1290.839553912582,944.1315561532974
1706174664384,1291.2639655002822,952.5463685393333
1706174664389,1290.6651301430124,950.4566162824631
1706174664401,1288.0661663343585,951.3106539845467
1706174664412,1291.5788973118479,954.7390639781952
1706174664423,1291.8133290339028,956.4520373940468
1706174664434,1288.831481692947,956.8263813853264
1706174664445,1287.8982678703917,956.4999416470528
1706174664456,1288.7147022882036,958.4002003073692
1706174664467,1300.2336354290057,949.3285447359085
1706174664478,1303.8090068447418,943.3371439576149
1706174664516,1306.3726347356496,934.0894997119904
1706174664522,1307.3759375235772,940.8529177308083
1706174664535,1310.0637695343207,938.1256878376007
1706174664544,1308.7672112983573,938.4973421692848
1706174664556,1308.3933723920231,935.3243932127953
1706174664566,1305.9793914068864,934.7128212451935
1706174664577,1306.7414073957186,937.7073466777802
1706174664589,1308.231165225513,944.2582249641418
1706174664600,1310.7687636318508,946.5286657214165
1706174664611,1309.6528047174343,943.5208052396774
1706174664623,1311.7091395332338,940.2958750724792
1706174664633,1311.0736550537686,942.3235952854156
