timestamp,x,y
1706174632579,0.4014535993337631,0.36214761435985565
1706174632580,0.3789121061563492,0.2986738383769989
1706174632586,0.35834188759326935,0.23528362810611725
1706174632607,0.35941770672798157,0.2351216822862625
1706174632608,0.3623814284801483,0.23121851682662964
1706174632619,0.36389365792274475,0.22863806039094925
1706174632630,0.36313025653362274,0.22792603075504303
1706174632641,0.3628157824277878,0.2279227077960968
1706174632652,0.36066287755966187,0.22631850838661194
1706174632664,0.3592187911272049,0.2269100397825241
1706174632675,0.358341783285141,0.2282802015542984
1706174632686,0.3599757254123688,0.23061320185661316
1706174632697,0.3626794219017029,0.2372722029685974
1706174632708,0.36952079832553864,0.28094981610774994
1706174632747,0.4012351334095001,0.4029754400253296
1706174632748,0.4187791645526886,0.4810447692871094
1706174632753,0.43835175037384033,0.5893984735012054
1706174632764,0.4391233026981354,0.591693788766861
1706174632775,0.4393949508666992,0.5832500159740448
1706174632786,0.4389638304710388,0.5916922986507416
1706174632797,0.43833912909030914,0.5927073657512665
1706174632808,0.4404013454914093,0.5907775163650513
1706174632819,0.44339053332805634,0.5925162434577942
1706174632831,0.4456818103790283,0.5943729281425476
1706174632842,0.44397665560245514,0.6008197963237762
1706174632853,0.44004303216934204,0.6018106937408447
1706174632895,0.4334896057844162,0.5883880257606506
1706174632897,0.3219534605741501,0.3029724359512329
1706174632913,0.27849873900413513,0.2176084816455841
1706174632919,0.21868517249822617,0.13074207305908203
1706174632932,0.21470552682876587,0.1254538632929325
1706174632941,0.21685993671417236,0.12882881611585617
1706174632952,0.22231770306825638,0.1322120577096939
1706174632963,0.22127468138933182,0.13281235843896866
1706174632974,0.22253400087356567,0.13210218772292137
1706174632985,0.2248445600271225,0.13010386750102043
1706174632997,0.22597770392894745,0.1323535032570362
1706174633008,0.22524922341108322,0.13510363548994064
1706174633043,0.2269790768623352,0.1369757130742073
1706174633053,0.17757873982191086,0.105185117572546
1706174633064,0.16221749782562256,0.09609424322843552
1706174633077,0.1506882682442665,0.09402154386043549
1706174633086,0.14562507718801498,0.0878196731209755
1706174633097,0.14516177028417587,0.08929260447621346
1706174633108,0.14531218260526657,0.09287936612963676
1706174633120,0.14501498639583588,0.09691792353987694
1706174633130,0.14420025795698166,0.09705229848623276
1706174633141,0.14211206883192062,0.09549500793218613
1706174633152,0.14264992624521255,0.09269940108060837
1706174633163,0.14233198016881943,0.09273795038461685
1706174633198,0.14333459734916687,0.09189183637499809
1706174633199,0.14546100795269012,0.092281024903059
1706174633208,0.148278146982193,0.092634666711092
1706174633229,0.16062619537115097,0.08547346666455269
1706174633230,0.16490457206964493,0.08412927761673927
1706174633242,0.16757279634475708,0.08251932263374329
1706174633253,0.1636979803442955,0.08581295236945152
1706174633263,0.16310586035251617,0.08212495222687721
1706174633274,0.164426289498806,0.08107057586312294
1706174633285,0.16589703410863876,0.08390803262591362
1706174633297,0.16587454825639725,0.08476747944951057
1706174633308,0.16506734490394592,0.0855259969830513
1706174633319,0.16774101555347443,0.08266123756766319
1706174633330,0.17071284353733063,0.08553200215101242
1706174633341,0.1874835416674614,0.0829206258058548
1706174633377,0.2339380607008934,0.07402582839131355
1706174633378,0.25234751403331757,0.07119768112897873
1706174633386,0.2654018700122833,0.07373187318444252
1706174633397,0.2664950042963028,0.07206683978438377
1706174633409,0.2698410600423813,0.0713382363319397
1706174633419,0.2678483873605728,0.07082119211554527
1706174633430,0.2664576917886734,0.07344399020075798
1706174633441,0.2652970403432846,0.07288502901792526
1706174633452,0.26649655401706696,0.07209878042340279
1706174633464,0.2677507847547531,0.07078683748841286
1706174633475,0.26839636266231537,0.07236987352371216
1706174633486,0.2700690031051636,0.07416091859340668
1706174633527,0.27100254595279694,0.07492027804255486
1706174633528,0.2716810405254364,0.07475186139345169
1706174633530,0.2914968878030777,0.07663346454501152
1706174633544,0.32744748890399933,0.07495229318737984
1706174633552,0.4112622141838074,0.06651476211845875
1706174633563,0.4256543070077896,0.06000217981636524
1706174633574,0.42941005527973175,0.05681540258228779
1706174633585,0.4237452447414398,0.05209100991487503
1706174633597,0.4237022250890732,0.04948943667113781
1706174633608,0.4235752820968628,0.045963138341903687
1706174633618,0.42510204017162323,0.043906327337026596
1706174633630,0.4272688627243042,0.047118913382291794
1706174633641,0.4263991117477417,0.048578549176454544
1706174633678,0.4263393431901932,0.0525148119777441
1706174633679,0.4250516891479492,0.05375620163977146
1706174633685,0.42766641080379486,0.0603971965610981
1706174633697,0.4277525544166565,0.058774711564183235
1706174633708,0.43440671265125275,0.058955879881978035
1706174633721,0.4686630964279175,0.055297765880823135
1706174633730,0.4971087574958801,0.05943366140127182
1706174633741,0.5234118402004242,0.056367361918091774
1706174633752,0.5579383075237274,0.05618389695882797
1706174633763,0.5587780773639679,0.05619833618402481
1706174633774,0.5604676902294159,0.05714038573205471
1706174633785,0.5595666468143463,0.05852418206632137
1706174633797,0.5603691637516022,0.05665035545825958
1706174633808,0.5614825487136841,0.0589605588465929
1706174633847,0.5629249215126038,0.05816259607672691
1706174633852,0.5659599900245667,0.04625537991523743
1706174633868,0.5666641592979431,0.04910732060670853
1706174633875,0.5661768913269043,0.05244685150682926
1706174633884,0.5656036138534546,0.05292065069079399
1706174633896,0.5642124712467194,0.05198267661035061
1706174633907,0.5635039210319519,0.05272118002176285
1706174633918,0.5642703175544739,0.05185041390359402
1706174633929,0.5662213861942291,0.052105123177170753
1706174633941,0.5681981146335602,0.05121318809688091
1706174633951,0.5765082240104675,0.04991452023386955
1706174633994,0.586033284664154,0.04821392148733139
1706174633996,0.6143107712268829,0.043482331559062004
1706174634012,0.613067239522934,0.04340202733874321
1706174634018,0.6132239997386932,0.049287619069218636
1706174634029,0.614698052406311,0.04937579855322838
1706174634041,0.615973949432373,0.049761950969696045
1706174634051,0.6161187887191772,0.04838629253208637
1706174634063,0.6157501041889191,0.0449520219117403
1706174634074,0.6156187057495117,0.04654962010681629
1706174634085,0.6157014667987823,0.04414575360715389
1706174634096,0.6154062747955322,0.047241928055882454
1706174634107,0.6141508221626282,0.04808701016008854
1706174634145,0.6226934194564819,0.051411090418696404
1706174634146,0.6348536312580109,0.057362888008356094
1706174634152,0.6719220280647278,0.05860970914363861
1706174634163,0.6708252727985382,0.053821660578250885
1706174634175,0.669835239648819,0.05475139617919922
1706174634185,0.6671207845211029,0.051827119663357735
1706174634197,0.6666343808174133,0.052744463086128235
1706174634208,0.6677172780036926,0.053035615012049675
1706174634218,0.6692737936973572,0.05537811480462551
1706174634230,0.6711353063583374,0.057520220056176186
1706174634241,0.6719297170639038,0.05803411267697811
1706174634251,0.6727431118488312,0.0592503622174263
1706174634262,0.6723722219467163,0.057326894253492355
1706174634308,0.671354740858078,0.05950484052300453
1706174634309,0.6714544296264648,0.06058358587324619
1706174634318,0.5883210897445679,0.08284993842244148
1706174634329,0.5479732751846313,0.08784444257616997
1706174634340,0.4652412086725235,0.11322777345776558
1706174634351,0.311414510011673,0.16476940363645554
1706174634362,0.2876887768507004,0.17143099009990692
1706174634374,0.2541419565677643,0.1795397847890854
1706174634385,0.2277493253350258,0.17642349004745483
1706174634396,0.22868594527244568,0.17707518488168716
1706174634407,0.2282850220799446,0.18077848851680756
1706174634418,0.22838251292705536,0.18837013095617294
1706174634430,0.22712285071611404,0.18681343644857407
1706174634469,0.2267053723335266,0.18329811096191406
1706174634470,0.22527668625116348,0.18563645333051682
1706174634474,0.2239597588777542,0.18842771649360657
1706174634490,0.22403470426797867,0.19003456830978394
1706174634496,0.22034720331430435,0.18619848042726517
1706174634507,0.20434588938951492,0.18326473236083984
1706174634518,0.1614035665988922,0.17713455855846405
1706174634530,0.14315976202487946,0.1797514632344246
1706174634541,0.13434986025094986,0.18341205269098282
1706174634552,0.12812761962413788,0.18397869169712067
1706174634563,0.12880250439047813,0.18224002420902252
1706174634574,0.13047043234109879,0.1793719232082367
1706174634585,0.1298716925084591,0.1771581768989563
1706174634624,0.1292898766696453,0.17598367482423782
1706174634625,0.1285097822546959,0.17923618853092194
1706174634630,0.12938033416867256,0.1706830859184265
1706174634641,0.1267978772521019,0.16584693640470505
1706174634653,0.12715422734618187,0.16537338495254517
1706174634662,0.12532136216759682,0.1638067215681076
1706174634673,0.1244150958955288,0.16520992666482925
1706174634685,0.10866742953658104,0.1639866679906845
1706174634695,0.10223888978362083,0.1667209044098854
1706174634707,0.09933992102742195,0.1655767410993576
1706174634718,0.10197120904922485,0.1620677337050438
1706174634729,0.10153306275606155,0.16104646772146225
1706174634740,0.10191855952143669,0.1613839492201805
1706174634751,0.10356761515140533,0.16529743373394012
1706174634776,0.10444992780685425,0.1650257557630539
1706174634800,0.10318238660693169,0.16527795046567917
1706174634801,0.10183386132121086,0.16719600558280945
1706174634807,0.10340139269828796,0.17005430907011032
1706174634818,0.10532958433032036,0.16691593825817108
1706174634830,0.10511243715882301,0.16423729062080383
1706174634841,0.10583418607711792,0.16019503772258759
1706174634851,0.13793931156396866,0.15666868537664413
1706174634862,0.16449395567178726,0.15469366312026978
1706174634873,0.1953248605132103,0.1499217227101326
1706174634884,0.22550497949123383,0.15578769892454147
1706174634896,0.22708705067634583,0.1540474221110344
1706174634906,0.22643910348415375,0.1579589992761612
1706174634948,0.2282635197043419,0.1646512672305107
1706174634949,0.22831349819898605,0.16553449630737305
1706174634951,0.23129276186227798,0.16247885674238205
1706174634964,0.231692872941494,0.16033592075109482
1706174634973,0.2317425012588501,0.16260786354541779
1706174634986,0.23053628206253052,0.15631622821092606
1706174634995,0.23050952702760696,0.15783358365297318
1706174635006,0.2346334308385849,0.16053777933120728
1706174635018,0.25856228172779083,0.147738017141819
1706174635028,0.2738262414932251,0.15056946873664856
1706174635039,0.284212589263916,0.14979427307844162
1706174635051,0.2833010107278824,0.15736933797597885
1706174635072,0.28222283720970154,0.15735481679439545
1706174635094,0.2836928218603134,0.15680870413780212
1706174635095,0.28499606251716614,0.15151064097881317
1706174635112,0.28377553820610046,0.14969754219055176
1706174635117,0.2848256230354309,0.1505361944437027
1706174635128,0.2960664927959442,0.1801849752664566
1706174635140,0.3244936913251877,0.24121317267417908
1706174635151,0.40581129491329193,0.38754066824913025
1706174635162,0.43428464233875275,0.44700953364372253
1706174635173,0.4490044265985489,0.4796220362186432
1706174635184,0.4515208452939987,0.5055936276912689
1706174635195,0.45215167105197906,0.49924924969673157
1706174635206,0.45323511958122253,0.49618005752563477
1706174635244,0.45342640578746796,0.49575841426849365
1706174635251,0.4569704234600067,0.5014543831348419
1706174635266,0.4575459808111191,0.5015350580215454
1706174635273,0.4558135122060776,0.5033047199249268
1706174635285,0.4546336233615875,0.5029091835021973
1706174635296,0.45523928105831146,0.5009789764881134
1706174635306,0.45716647803783417,0.5114584863185883
1706174635317,0.45759163796901703,0.5689581036567688
1706174635329,0.45774680376052856,0.6088676154613495
1706174635340,0.4591095298528671,0.6386357247829437
1706174635350,0.4626489281654358,0.6455405950546265
1706174635362,0.4651500731706619,0.6456520557403564
1706174635373,0.46485450863838196,0.644587367773056
1706174635415,0.46572327613830566,0.6482101082801819
1706174635417,0.46276432275772095,0.6414397358894348
1706174635434,0.4617323726415634,0.6408466696739197
1706174635440,0.4596163332462311,0.6417478322982788
1706174635451,0.46142342686653137,0.6406463086605072
1706174635462,0.4611918032169342,0.6416482925415039
1706174635473,0.4627474844455719,0.6373019516468048
1706174635484,0.46989841759204865,0.6805137097835541
1706174635494,0.47426529228687286,0.6899866163730621
1706174635505,0.4794050604104996,0.7298020720481873
1706174635516,nan,nan
1706174635527,nan,nan
1706174635561,nan,nan
1706174635562,nan,nan
1706174635571,nan,nan
1706174635582,nan,nan
1706174635596,0.34684136509895325,0.8911795616149902
1706174635605,0.4704352915287018,0.7666944265365601
1706174635616,0.48128756880760193,0.7781276702880859
1706174635628,0.49969929456710815,0.7257102727890015
1706174635639,0.48416680097579956,0.703720897436142
1706174635650,0.4837605208158493,0.6834684014320374
1706174635662,0.47947750985622406,0.6712727546691895
1706174635673,0.4808868169784546,0.6651243269443512
1706174635713,0.4773995131254196,0.6443421840667725
1706174635714,0.48074452579021454,0.6551059782505035
1706174635717,0.48047755658626556,0.6706198155879974
1706174635729,0.48055073618888855,0.6737248003482819
1706174635741,0.48039214313030243,0.6751855313777924
1706174635750,0.4823291450738907,0.6796409785747528
1706174635761,0.4814619719982147,0.678135335445404
1706174635772,0.4803484380245209,0.6761090159416199
1706174635783,0.4795864075422287,0.6707515716552734
1706174635795,0.4820437729358673,0.6659511029720306
1706174635806,0.48062312602996826,0.6687793135643005
1706174635818,0.48107726871967316,0.6685027778148651
1706174635828,0.4792116582393646,0.672400712966919
1706174635840,0.4814795106649399,0.6650315225124359
1706174635886,0.484106108546257,0.6687347888946533
1706174635888,0.4859611541032791,0.6681354939937592
1706174635895,0.4855460673570633,0.6733489036560059
1706174635908,0.4849885404109955,0.6733156442642212
1706174635917,0.48622357845306396,0.6748112440109253
1706174635929,0.4846062660217285,0.6777775585651398
1706174635940,0.4850352555513382,0.6729353964328766
1706174635950,0.4854315519332886,0.6690137088298798
1706174635961,0.4868275374174118,0.6623352766036987
1706174635972,0.48714256286621094,0.6636229157447815
1706174635983,0.484253853559494,0.659750372171402
1706174635995,0.48570913076400757,0.664135605096817
1706174636032,0.4853461682796478,0.6648022830486298
1706174636039,0.48933495581150055,0.6676052212715149
1706174636050,0.4876619577407837,0.6663118600845337
1706174636061,0.47549059987068176,0.6624918580055237
1706174636073,0.5123670101165771,0.6895766854286194
1706174636082,0.5477267205715179,0.7394993901252747
1706174636093,0.6578011810779572,0.8003100752830505
1706174636104,nan,nan
1706174636115,nan,nan
1706174636126,nan,nan
1706174636137,nan,nan
1706174636148,nan,nan
1706174636160,nan,nan
1706174636199,nan,nan
1706174636200,nan,nan
1706174636204,nan,nan
1706174636217,nan,nan
1706174636226,nan,nan
1706174636238,0.6581101417541504,0.9217158555984497
1706174636248,0.6581101417541504,0.9217158555984497
1706174636260,0.6581101417541504,0.9217158555984497
1706174636272,0.5558693110942841,0.6051275134086609
1706174636283,0.5101323872804642,0.6651864945888519
1706174636294,0.4958798736333847,0.6371701061725616
1706174636306,0.4767245799303055,0.6213537752628326
1706174636323,0.46787427365779877,0.5489824712276459
1706174636367,0.4716911166906357,0.5556327700614929
1706174636368,0.47239014506340027,0.5644124448299408
1706174636372,0.4665858596563339,0.5704200565814972
1706174636385,0.4634712338447571,0.5714375674724579
1706174636395,0.4653567969799042,0.5706908702850342
1706174636406,0.4645249843597412,0.5673313438892365
1706174636417,0.46673937141895294,0.5670548975467682
1706174636428,0.46736210584640503,0.5673526525497437
1706174636439,0.46969327330589294,0.569710373878479
1706174636450,0.4700135588645935,0.5675267577171326
1706174636462,0.4714224338531494,0.5674051642417908
1706174636473,0.47240112721920013,0.5729482769966125
1706174636483,0.4722972810268402,0.5727615654468536
1706174636495,0.4719069004058838,0.5761735439300537
1706174636534,0.46897946298122406,0.5663532316684723
1706174636539,0.5604335963726044,0.6682157218456268
1706174636550,0.7326297760009766,0.769194632768631
1706174636559,0.762749046087265,0.7780544757843018
1706174636570,0.7167453169822693,0.6040722131729126
1706174636581,nan,nan
1706174636593,nan,nan
1706174636604,nan,nan
1706174636615,nan,nan
1706174636626,nan,nan
1706174636637,nan,nan
1706174636648,nan,nan
1706174636658,nan,nan
1706174636695,nan,nan
1706174636696,nan,nan
1706174636702,nan,nan
1706174636713,nan,nan
1706174636726,nan,nan
1706174636735,nan,nan
1706174636746,nan,nan
1706174636758,nan,nan
1706174636769,nan,nan
1706174636780,nan,nan
1706174636791,nan,nan
1706174636802,nan,nan
1706174636825,nan,nan
1706174636845,nan,nan
1706174636846,nan,nan
1706174636847,nan,nan
1706174636858,nan,nan
1706174636877,nan,nan
1706174636880,nan,nan
1706174636893,nan,nan
1706174636902,nan,nan
1706174636913,nan,nan
1706174636925,nan,nan
1706174636936,nan,nan
1706174636947,nan,nan
1706174636957,nan,nan
1706174636974,nan,nan
1706174637017,nan,nan
1706174637018,nan,nan
1706174637036,nan,nan
1706174637038,nan,nan
1706174637049,nan,nan
1706174637059,nan,nan
1706174637071,nan,nan
1706174637082,nan,nan
1706174637093,nan,nan
1706174637106,nan,nan
1706174637115,nan,nan
1706174637127,nan,nan
1706174637138,nan,nan
1706174637182,nan,nan
1706174637198,nan,nan
1706174637205,nan,nan
1706174637216,nan,nan
1706174637227,nan,nan
1706174637238,nan,nan
1706174637249,nan,nan
1706174637260,nan,nan
1706174637271,nan,nan
1706174637282,nan,nan
1706174637294,nan,nan
1706174637330,nan,nan
1706174637331,nan,nan
1706174637339,nan,nan
1706174637348,nan,nan
1706174637361,nan,nan
1706174637372,nan,nan
1706174637382,nan,nan
1706174637394,nan,nan
1706174637405,nan,nan
1706174637414,nan,nan
1706174637427,nan,nan
1706174637467,nan,nan
1706174637468,nan,nan
1706174637471,nan,nan
1706174637489,nan,nan
1706174637493,nan,nan
1706174637505,nan,nan
1706174637516,nan,nan
1706174637527,nan,nan
1706174637537,nan,nan
1706174637556,nan,nan
1706174637575,nan,nan
1706174637593,nan,nan
1706174637624,nan,nan
1706174637625,nan,nan
1706174637629,nan,nan
1706174637641,0.506899282336235,0.5704573392868042
1706174637654,0.513061136007309,0.5521399080753326
1706174637664,0.5125494003295898,0.5525298416614532
1706174637675,0.5139192938804626,0.5492753088474274
1706174637686,0.5170402824878693,0.5510405600070953
1706174637697,0.518248975276947,0.5543714463710785
1706174637708,0.5180652439594269,0.5544309914112091
1706174637719,0.4927934557199478,0.5439141988754272
1706174637761,0.4849659204483032,0.5405768156051636
1706174637762,0.4743787795305252,0.5409799218177795
1706174637764,0.46240566670894623,0.5395004451274872
1706174637777,0.4663285166025162,0.5361253917217255
1706174637786,0.4729461222887039,0.5270465016365051
1706174637797,0.47093072533607483,0.5254485905170441
1706174637809,0.4685686230659485,0.5281457901000977
1706174637820,0.4675111323595047,0.5325843393802643
1706174637831,0.4667873829603195,0.5368646085262299
1706174637842,0.4658413976430893,0.5362662076950073
1706174637853,0.4657212644815445,0.5351579487323761
1706174637864,0.4673669785261154,0.5337531864643097
1706174637876,0.47059111297130585,0.5294496119022369
1706174637912,0.47086843848228455,0.5351132154464722
1706174637913,0.46766795217990875,0.5349926650524139
1706174637920,0.4650934934616089,0.5274750292301178
1706174637931,0.4665345549583435,0.5253494381904602
1706174637944,0.467453733086586,0.5272740423679352
1706174637953,0.4862743318080902,0.5358805656433105
1706174637965,0.4933501332998276,0.5380343496799469
1706174637975,0.49851250648498535,0.5390945374965668
1706174637986,0.4938959330320358,0.5401869714260101
1706174637997,0.4940938949584961,0.5438868403434753
1706174638008,0.49284350872039795,0.5462913513183594
1706174638019,0.49537263810634613,0.543370395898819
1706174638041,0.49383677542209625,0.5401523113250732
1706174638062,0.4963409751653671,0.5386649668216705
1706174638064,0.49376673996448517,0.536262035369873
1706174638079,0.4934817850589752,0.5392647981643677
1706174638086,0.49517934024333954,0.5473487675189972
1706174638098,0.49485577642917633,0.5487998723983765
1706174638108,0.49424707889556885,0.545556515455246
1706174638119,0.4944654554128647,0.5446218848228455
1706174638131,0.49607910215854645,0.5410195291042328
1706174638142,0.4972512125968933,0.5408440828323364
1706174638153,0.49598823487758636,0.5390599966049194
1706174638164,0.49380792677402496,0.542784571647644
1706174638175,0.49280253052711487,0.5443748235702515
1706174638210,0.4922443926334381,0.5435722768306732
1706174638211,0.4939759820699692,0.5389053225517273
1706174638226,0.4934583753347397,0.5460761487483978
1706174638232,0.4982351213693619,0.5739261507987976
1706174638242,0.5189249515533447,0.6247236728668213
1706174638253,0.5857848823070526,0.7266348898410797
1706174638264,0.6018384695053101,0.741949588060379
1706174638275,0.6137573719024658,0.7429678738117218
1706174638286,0.6069577932357788,0.73619544506073
1706174638298,0.6093786358833313,0.736723780632019
1706174638309,0.6096982657909393,0.7333546876907349
1706174638320,0.6112407147884369,0.7375668585300446
1706174638338,0.609298050403595,0.7371525466442108
1706174638362,0.6090988516807556,0.7392169833183289
1706174638363,0.6087759733200073,0.7381562888622284
1706174638378,0.609867125749588,0.7872206270694733
1706174638384,0.606436163187027,0.8599998950958252
1706174638397,0.6826339960098267,0.9126838147640228
1706174638406,nan,nan
1706174638417,nan,nan
1706174638429,nan,nan
1706174638439,nan,nan
1706174638450,nan,nan
1706174638462,nan,nan
1706174638473,nan,nan
1706174638484,nan,nan
1706174638516,nan,nan
1706174638518,0.6711201667785645,0.9077968299388885
1706174638534,0.6575286388397217,0.9025276899337769
1706174638541,0.6040492951869965,0.7423082888126373
1706174638553,0.5552458167076111,0.731013149023056
1706174638564,0.5463921129703522,0.7067170441150665
1706174638575,0.5345774292945862,0.7128825187683105
1706174638586,0.5348954498767853,0.6856668591499329
1706174638597,0.5382310152053833,0.6945598125457764
1706174638608,0.5412534773349762,0.6974933743476868
1706174638645,0.5382254421710968,0.7047544121742249
1706174638646,0.5385316908359528,0.7047926187515259
1706174638653,0.5363379716873169,0.7049739062786102
1706174638664,0.536579817533493,0.7023395597934723
1706174638675,0.5637236833572388,0.7223072350025177
1706174638686,0.6193138957023621,0.7824879288673401
1706174638697,0.6193825602531433,0.826716810464859
1706174638708,0.5719631314277649,0.8828598260879517
1706174638719,0.6199982762336731,0.9837790131568909
1706174638728,0.6555649638175964,0.9326919317245483
1706174638739,0.6826024055480957,0.9554764628410339
1706174638750,nan,nan
1706174638761,nan,nan
1706174638800,nan,nan
1706174638801,nan,nan
1706174638806,nan,nan
1706174638817,nan,nan
1706174638827,nan,nan
1706174638838,nan,nan
1706174638849,nan,nan
1706174638860,nan,nan
1706174638871,nan,nan
1706174638883,nan,nan
1706174638894,nan,nan
1706174638905,nan,nan
1706174638928,nan,nan
1706174638949,nan,nan
1706174638950,0.6679797172546387,0.7457372546195984
1706174638968,0.5646002292633057,0.7386411428451538
1706174638974,0.4939403086900711,0.6222602725028992
1706174638986,0.46733351051807404,0.6170586049556732
1706174638997,0.4752580523490906,0.6027113497257233
1706174639008,0.47487637400627136,0.6142012178897858
1706174639019,0.4729849100112915,0.6092740595340729
1706174639030,0.4759240001440048,0.621890664100647
1706174639041,0.4751114249229431,0.6208388209342957
1706174639052,0.47641898691654205,0.6156218945980072
1706174639064,0.47389988601207733,0.6131011545658112
1706174639098,0.4751625210046768,0.6205346882343292
1706174639099,0.4763057827949524,0.6232546269893646
1706174639108,0.47666023671627045,0.6180171370506287
1706174639119,0.47647278010845184,0.6182819604873657
1706174639131,0.4773682802915573,0.6228365898132324
1706174639141,0.4797263592481613,0.6239645183086395
1706174639152,0.47662191092967987,0.6228711009025574
1706174639164,0.475493386387825,0.6197245419025421
1706174639175,0.47538287937641144,0.6184719502925873
1706174639185,0.4751414656639099,0.6174704432487488
1706174639197,0.47693294286727905,0.6210525631904602
1706174639208,0.4765259921550751,0.6224746108055115
1706174639249,0.4760826826095581,0.6235126256942749
1706174639251,0.47398534417152405,0.6278318464756012
1706174639268,0.4752354323863983,0.6297020018100739
1706174639276,0.4981028288602829,0.6733686029911041
1706174639285,0.5508529543876648,0.7895351946353912
1706174639296,0.6089134812355042,0.9165420532226562
1706174639306,0.6685509383678436,1.0180719494819641
1706174639316,0.6519670486450195,1.0914422273635864
1706174639328,nan,nan
1706174639339,nan,nan
1706174639350,nan,nan
1706174639361,nan,nan
1706174639400,nan,nan
1706174639401,nan,nan
1706174639404,nan,nan
1706174639419,nan,nan
1706174639426,nan,nan
1706174639443,nan,nan
1706174639464,nan,nan
1706174639475,nan,nan
1706174639485,nan,nan
1706174639497,nan,nan
1706174639508,nan,nan
1706174639547,nan,nan
1706174639552,nan,nan
1706174639564,nan,nan
1706174639576,nan,nan
1706174639585,nan,nan
1706174639597,nan,nan
1706174639608,nan,nan
1706174639618,nan,nan
1706174639631,nan,nan
1706174639642,nan,nan
1706174639652,nan,nan
1706174639664,nan,nan
1706174639698,nan,nan
1706174639699,nan,nan
1706174639714,nan,nan
1706174639718,nan,nan
1706174639732,nan,nan
1706174639742,nan,nan
1706174639750,nan,nan
1706174639763,nan,nan
1706174639774,nan,nan
1706174639784,nan,nan
1706174639797,nan,nan
1706174639834,nan,nan
1706174639841,nan,nan
1706174639851,nan,nan
1706174639865,nan,nan
1706174639875,nan,nan
1706174639885,nan,nan
1706174639896,nan,nan
1706174639908,nan,nan
1706174639918,nan,nan
1706174639930,nan,nan
1706174639941,nan,nan
1706174639959,nan,nan
1706174639981,nan,nan
1706174639982,nan,nan
1706174639985,nan,nan
1706174639997,nan,nan
1706174640009,nan,nan
1706174640018,nan,nan
1706174640030,nan,nan
1706174640041,nan,nan
1706174640052,nan,nan
1706174640063,nan,nan
1706174640081,nan,nan
1706174640114,nan,nan
1706174640118,nan,nan
1706174640132,nan,nan
1706174640141,nan,nan
1706174640152,nan,nan
1706174640163,nan,nan
1706174640174,nan,nan
1706174640185,nan,nan
1706174640197,nan,nan
1706174640208,0.5278809070587158,0.5591622591018677
1706174640220,0.5418699979782104,0.543292224407196
1706174640232,0.5457174181938171,0.5430960655212402
1706174640280,0.5447063148021698,0.5639953315258026
1706174640281,0.5472754836082458,0.5582145154476166
1706174640287,0.5477743446826935,0.563337653875351
1706174640299,0.5471477210521698,0.5664327442646027
1706174640313,0.5491273105144501,0.5653943121433258
1706174640321,0.5502534508705139,0.5682683289051056
1706174640332,0.5435451865196228,0.5687516629695892
1706174640343,0.525843471288681,0.5768212974071503
1706174640354,0.4846950173377991,0.596206933259964
1706174640366,0.4768293797969818,0.5994231700897217
1706174640377,0.4786587655544281,0.6012063324451447
1706174640388,0.4774908870458603,0.5984187722206116
1706174640399,0.47934409976005554,0.5956430435180664
1706174640440,0.4781169295310974,0.5978267192840576
1706174640443,0.4768826365470886,0.5961293280124664
1706174640459,0.4771460294723511,0.5933064520359039
1706174640466,0.47752299904823303,0.5931091904640198
1706174640477,0.4768711030483246,0.5925428867340088
1706174640488,0.47792965173721313,0.5919308662414551
1706174640499,0.47618912160396576,0.5896932184696198
1706174640509,0.47819699347019196,0.5910464227199554
1706174640520,0.4797692447900772,0.5892258286476135
1706174640532,0.4792352169752121,0.5887073874473572
1706174640543,0.47793348133563995,0.5934096574783325
1706174640554,0.47841691970825195,0.5962553024291992
1706174640581,0.47992996871471405,0.5950367152690887
1706174640608,0.47938312590122223,0.5918201506137848
1706174640609,0.4754776507616043,0.5866734683513641
1706174640610,0.46995311975479126,0.5804977118968964
1706174640626,0.4590032249689102,0.5702381730079651
1706174640632,0.45678065717220306,0.5731467604637146
1706174640643,0.4584694057703018,0.5705456733703613
1706174640654,0.45877309143543243,0.57255819439888
1706174640665,0.45917490124702454,0.5731839537620544
1706174640676,0.45842714607715607,0.5734132826328278
1706174640688,0.4585696756839752,0.574125349521637
1706174640698,0.4570601135492325,0.5676399171352386
1706174640709,0.45715005695819855,0.5693176090717316
1706174640721,0.4567379951477051,0.5674644410610199
1706174640732,0.45681822299957275,0.5686133801937103
1706174640780,0.4557235389947891,0.5679511725902557
1706174640781,0.4323123097419739,0.5673621594905853
1706174640788,0.2741045653820038,0.5461259186267853
1706174640803,0.26700468361377716,0.5395387709140778
1706174640811,0.26559722423553467,0.5397304892539978
1706174640821,0.2703782171010971,0.5451547503471375
1706174640832,0.2698105275630951,0.5442302525043488
1706174640843,0.26977844536304474,0.537138044834137
1706174640854,0.26958678662776947,0.5321080386638641
1706174640866,0.27168451249599457,0.5345174074172974
1706174640877,0.2724362015724182,0.5395927727222443
1706174640887,0.27200959622859955,0.5400848984718323
1706174640898,0.26990939676761627,0.5386126637458801
1706174640935,0.2692918926477432,0.5330069661140442
1706174640936,0.2687353193759918,0.5285875201225281
1706174640942,0.2593328058719635,0.5388748645782471
1706174640954,0.23722923547029495,0.5511018335819244
1706174640965,0.2279788702726364,0.5531286895275116
1706174640976,0.22727951407432556,0.5538288652896881
1706174640987,0.23010707646608353,0.5532683432102203
1706174640998,0.23049844801425934,0.5504838526248932
1706174641009,0.23345769941806793,0.5474124252796173
1706174641020,0.23439442366361618,0.5478444993495941
1706174641031,0.23461239784955978,0.5508640110492706
1706174641043,0.23426944017410278,0.5474633574485779
1706174641054,0.23450690507888794,0.5468604266643524
1706174641085,0.23367264866828918,0.5449914038181305
1706174641087,0.2321421578526497,0.5475945770740509
1706174641103,0.23108340799808502,0.5480219721794128
1706174641109,0.2292764112353325,0.5464626848697662
1706174641120,0.22996370494365692,0.5464127361774445
1706174641132,0.21791549026966095,0.5688112378120422
1706174641143,0.2018136978149414,0.596982330083847
1706174641154,0.16032801568508148,0.6544900834560394
1706174641165,0.1555267944931984,0.6549932360649109
1706174641176,0.156918965280056,0.656173586845398
1706174641187,0.16191323846578598,0.655799388885498
1706174641198,0.16107328981161118,0.6563467979431152
1706174641234,0.16085821390151978,0.654030829668045
1706174641251,0.16110362857580185,0.6581786274909973
1706174641253,0.16005991399288177,0.6509551703929901
1706174641264,0.16051127761602402,0.6501452624797821
1706174641275,0.1594172939658165,0.6488869488239288
1706174641286,0.16018913686275482,0.6558575332164764
1706174641297,0.16034644097089767,0.6585158407688141
1706174641309,0.1612781509757042,0.6612129211425781
1706174641320,0.16037043929100037,0.6629721224308014
1706174641331,0.15998052060604095,0.6624907851219177
1706174641342,0.16101239621639252,0.661326140165329
1706174641361,0.16306281834840775,0.6571455895900726
1706174641383,0.16466015577316284,0.6554934978485107
1706174641387,0.16679538041353226,0.6618291139602661
1706174641400,0.17557284981012344,0.6599578857421875
1706174641409,0.2056552693247795,0.6424791514873505
1706174641420,0.32146546244621277,0.5914673507213593
1706174641431,0.3733192980289459,0.5798665881156921
1706174641442,0.3943292796611786,0.5759173035621643
1706174641454,0.40442387759685516,0.5734131336212158
1706174641465,0.4020458161830902,0.5723074376583099
1706174641476,0.4039459824562073,0.5650762617588043
1706174641514,0.4049784541130066,0.5671653151512146
1706174641515,0.4059566855430603,0.5717781782150269
1706174641520,0.408588707447052,0.5731353461742401
1706174641531,0.41170820593833923,0.5681016445159912
1706174641542,0.4111280292272568,0.5707767903804779
1706174641553,0.40977801382541656,0.5696939527988434
1706174641565,0.41039037704467773,0.5737988352775574
1706174641576,0.4088877886533737,0.5759288668632507
1706174641587,0.40814097225666046,0.5749642550945282
1706174641598,0.4065352976322174,0.5705240666866302
1706174641609,0.4065595865249634,0.5677566826343536
1706174641620,0.4056880325078964,0.564930647611618
1706174641631,0.40567252039909363,0.566924661397934
1706174641664,0.4050232172012329,0.5649071931838989
1706174641665,0.4075496941804886,0.5653293132781982
1706174641680,0.41753585636615753,0.579549252986908
1706174641685,0.41995929181575775,0.6105535328388214
1706174641696,0.5226989388465881,0.6544802784919739
1706174641707,nan,nan
1706174641718,nan,nan
1706174641729,nan,nan
1706174641740,nan,nan
1706174641751,nan,nan
1706174641762,nan,nan
1706174641774,0.5712804794311523,0.7461315989494324
1706174641815,0.5712804794311523,0.7461315989494324
1706174641820,0.4409916400909424,0.647579163312912
1706174641832,0.44165387749671936,0.6198731362819672
1706174641842,0.4423937201499939,0.5841967165470123
1706174641853,0.44158612191677094,0.5278653204441071
1706174641864,0.45029304921627045,0.5187081098556519
1706174641875,0.45105351507663727,0.5279061496257782
1706174641887,0.4499472677707672,0.527165561914444
1706174641898,0.45025813579559326,0.5238839685916901
1706174641909,0.460861474275589,0.5317020118236542
1706174641951,0.4874117225408554,0.5339843928813934
1706174641953,0.4921780079603195,0.5320344567298889
1706174641970,0.49288174510002136,0.5363341867923737
1706174641976,0.49268411099910736,0.5281709134578705
1706174641987,0.49246782064437866,0.5282415002584457
1706174641998,0.4943130612373352,0.5288538336753845
1706174642008,0.49470254778862,0.5330072939395905
1706174642019,0.4968138188123703,0.5456824898719788
1706174642030,0.4860883057117462,0.5592936873435974
1706174642042,0.5032271295785904,0.6182383596897125
1706174642052,0.5451306104660034,0.8738375604152679
1706174642063,0.616350382566452,0.9322064220905304
1706174642106,0.734990656375885,1.2036091089248657
1706174642107,0.8408666849136353,1.325730562210083
1706174642124,nan,nan
1706174642129,nan,nan
1706174642140,nan,nan
1706174642151,nan,nan
1706174642162,nan,nan
1706174642173,nan,nan
1706174642184,nan,nan
1706174642196,nan,nan
1706174642207,nan,nan
1706174642231,nan,nan
1706174642251,nan,nan
1706174642252,nan,nan
1706174642269,nan,nan
1706174642274,nan,nan
1706174642285,nan,nan
1706174642296,nan,nan
1706174642307,nan,nan
1706174642318,nan,nan
1706174642330,nan,nan
1706174642341,nan,nan
1706174642352,nan,nan
1706174642363,nan,nan
1706174642402,nan,nan
1706174642406,nan,nan
1706174642418,nan,nan
1706174642427,nan,nan
1706174642440,nan,nan
1706174642451,nan,nan
1706174642462,nan,nan
1706174642473,nan,nan
1706174642484,nan,nan
1706174642496,nan,nan
1706174642507,nan,nan
1706174642546,nan,nan
1706174642547,nan,nan
1706174642551,nan,nan
1706174642562,nan,nan
1706174642576,nan,nan
1706174642585,nan,nan
1706174642595,nan,nan
1706174642605,nan,nan
1706174642617,nan,nan
1706174642628,nan,nan
1706174642639,nan,nan
1706174642650,nan,nan
1706174642686,nan,nan
1706174642694,nan,nan
1706174642705,nan,nan
1706174642717,nan,nan
1706174642728,nan,nan
1706174642739,nan,nan
1706174642749,nan,nan
1706174642760,nan,nan
1706174642771,nan,nan
1706174642782,nan,nan
1706174642795,nan,nan
1706174642834,nan,nan
1706174642835,nan,nan
1706174642840,nan,nan
1706174642850,nan,nan
1706174642863,nan,nan
1706174642874,0.3288920819759369,0.5648689270019531
1706174642885,0.33256691694259644,0.6191728115081787
1706174642897,0.33110949397087097,0.6134858131408691
1706174642908,0.3306872993707657,0.61469367146492
1706174642919,0.32797373831272125,0.6047564148902893
1706174642930,0.32924290001392365,0.6074159741401672
1706174642942,0.33142685890197754,0.6162975430488586
1706174642962,0.3307366818189621,0.6137223839759827
1706174642985,0.3302418738603592,0.6119473278522491
1706174642986,0.32809077203273773,0.6055298745632172
1706174643002,0.3304538279771805,0.6141572594642639
1706174643008,0.3287999927997589,0.6143397092819214
1706174643019,0.3290252834558487,0.6087981462478638
1706174643030,0.327385812997818,0.6052814722061157
1706174643041,0.31156422197818756,0.6023384034633636
1706174643052,0.252905935049057,0.5993590950965881
1706174643064,0.22592023015022278,0.5930607914924622
1706174643075,0.21402357518672943,0.5931678116321564
1706174643086,0.2054954692721367,0.5918640494346619
1706174643097,0.20434994995594025,0.5938597917556763
1706174643137,0.20407091826200485,0.5944903790950775
1706174643138,0.20006566494703293,0.5952824652194977
1706174643142,0.20107369124889374,0.5945334732532501
1706174643154,0.20288948714733124,0.5935773849487305
1706174643164,0.20580754429101944,0.596902072429657
1706174643175,0.20587540417909622,0.6016404926776886
1706174643186,0.20368075370788574,0.6102662980556488
1706174643196,0.1935954988002777,0.6227370202541351
1706174643207,0.18233807384967804,0.6377088129520416
1706174643218,0.16776206344366074,0.6618046760559082
1706174643230,0.16965457051992416,0.6611674129962921
1706174643241,0.1707194596529007,0.6626375615596771
1706174643252,0.17130625247955322,0.6598658263683319
1706174643285,0.1728515475988388,0.6607456803321838
1706174643286,0.17442072182893753,0.6612302362918854
1706174643302,0.17274300009012222,0.6585432887077332
1706174643308,0.17251887172460556,0.6545206010341644
1706174643319,0.17139779776334763,0.6524957716464996
1706174643330,0.17170265316963196,0.655364453792572
1706174643341,0.17276347428560257,0.6588245928287506
1706174643352,0.1738811433315277,0.6616972982883453
1706174643363,0.17289511859416962,0.6600911617279053
1706174643374,0.17070110142230988,0.6539901494979858
1706174643386,0.1692909523844719,0.6504628956317902
1706174643397,0.17201070487499237,0.6536235511302948
1706174643437,0.19101112335920334,0.6456915736198425
1706174643438,0.2834693491458893,0.6037742495536804
1706174643439,0.3452208936214447,0.581586092710495
1706174643441,0.39055950939655304,0.569223552942276
1706174643456,0.44067615270614624,0.5538605749607086
1706174643464,0.4387674331665039,0.5584414899349213
1706174643476,0.43995673954486847,0.5567052960395813
1706174643485,0.44188348948955536,0.5580419600009918
1706174643497,0.44064198434352875,0.5563385784626007
1706174643508,0.4416007250547409,0.5548170804977417
1706174643519,0.4423799365758896,0.5550875067710876
1706174643530,0.4440889358520508,0.5524035394191742
1706174643542,0.44543133676052094,0.553058922290802
1706174643552,0.4452095776796341,0.5564234554767609
1706174643586,0.4452870339155197,0.5599789023399353
1706174643587,0.4459482282400131,0.5574803054332733
1706174643604,0.4492337554693222,0.5562688708305359
1706174643607,0.4501671940088272,0.5597983300685883
1706174643618,0.45134489238262177,0.5613308548927307
1706174643629,0.449345663189888,0.5605446100234985
1706174643641,0.44828085601329803,0.556515097618103
1706174643651,0.4472772181034088,0.5579079389572144
1706174643663,0.4463464021682739,0.5576760172843933
1706174643674,0.4469074308872223,0.5574488937854767
1706174643685,0.4462451785802841,0.5498016476631165
1706174643696,0.4466925412416458,0.5563084185123444
1706174643739,0.44624969363212585,0.5586616694927216
1706174643740,0.4468548744916916,0.5674581825733185
1706174643741,0.4555288702249527,0.566107302904129
1706174643756,0.4825204610824585,0.558377742767334
1706174643763,0.49058714509010315,0.5601476430892944
1706174643775,0.4914781153202057,0.5530561208724976
1706174643785,0.4867008626461029,0.5587306618690491
1706174643796,0.48852109909057617,0.5564708113670349
1706174643807,0.4895287901163101,0.5575924813747406
1706174643818,0.49022629857063293,0.5601354241371155
1706174643830,0.48856621980667114,0.5558444559574127
1706174643841,0.4877573549747467,0.558807760477066
1706174643852,0.4877251088619232,0.5516943633556366
1706174643885,0.48988132178783417,0.5602153241634369
1706174643886,0.4900410771369934,0.5545827448368073
1706174643904,0.489975169301033,0.5582790076732635
1706174643908,0.489308699965477,0.5591537356376648
1706174643919,0.49160635471343994,0.5594611167907715
1706174643930,0.48932917416095734,0.5575766563415527
1706174643941,0.4893703907728195,0.5599609315395355
1706174643952,0.4844425618648529,0.5541796386241913
1706174643962,0.47791312634944916,0.5574176907539368
1706174643973,0.4695959985256195,0.5506786704063416
1706174643984,0.4551565647125244,0.5544754266738892
1706174643996,0.4537639170885086,0.5511243343353271
1706174644037,0.4541451036930084,0.554416835308075
1706174644040,0.45707155764102936,0.5579870641231537
1706174644054,0.4556099474430084,0.5555160939693451
1706174644062,0.4539654850959778,0.5448884665966034
1706174644074,0.45584824681282043,0.5403589606285095
1706174644085,0.4641753286123276,0.6340867877006531
1706174644095,0.45251764357089996,0.688900500535965
1706174644106,0.4493834674358368,0.7424238622188568
1706174644116,0.28898581862449646,0.9699006676673889
1706174644128,nan,nan
1706174644139,nan,nan
1706174644149,nan,nan
1706174644183,nan,nan
1706174644184,nan,nan
1706174644198,0.29333576560020447,0.9476991295814514
1706174644207,0.4407768100500107,0.7032580673694611
1706174644219,0.45804984867572784,0.7550503611564636
1706174644229,0.46856972575187683,0.6941079199314117
1706174644241,0.45765411853790283,0.6645683646202087
1706174644251,0.45264221727848053,0.5501245558261871
1706174644263,0.45596861839294434,0.5520954430103302
1706174644274,0.45600056648254395,0.5561548471450806
1706174644285,0.45673608779907227,0.5530957877635956
1706174644296,0.4581764340400696,0.5524939000606537
1706174644335,0.4602311998605728,0.5553286671638489
1706174644340,0.45756180584430695,0.5588684976100922
1706174644355,0.4575905054807663,0.5587943494319916
1706174644363,0.4583505392074585,0.5579755008220673
1706174644373,0.45691831409931183,0.5592925548553467
1706174644384,0.457334965467453,0.5562436282634735
1706174644395,0.4576601982116699,0.5541737079620361
1706174644406,0.45925766229629517,0.5520352125167847
1706174644417,0.4611497223377228,0.5536881387233734
1706174644429,0.4611254781484604,0.5573060810565948
1706174644440,0.46010085940361023,0.5624146461486816
1706174644451,0.4568082392215729,0.5641174018383026
1706174644485,0.45742152631282806,0.5645935535430908
1706174644502,0.4636774808168411,0.5526100993156433
1706174644507,0.45973460376262665,0.5530848205089569
1706174644519,0.4589909017086029,0.5529979765415192
1706174644529,0.4604955464601517,0.5551552772521973
1706174644540,0.46072542667388916,0.5638464987277985
1706174644551,0.45965059101581573,0.5684669613838196
1706174644562,0.46007855236530304,0.574644923210144
1706174644573,0.4536970853805542,0.564125657081604
1706174644584,0.44275128841400146,0.5647439360618591
1706174644596,0.4351767748594284,0.5646615922451019
1706174644635,0.4370310455560684,0.5712362229824066
1706174644636,0.4389665722846985,0.5699217617511749
1706174644640,0.4399857372045517,0.5678218305110931
1706174644652,0.43766091763973236,0.5910862982273102
1706174644661,0.4378022998571396,0.594799816608429
1706174644673,0.47189654409885406,0.6356185674667358
1706174644683,0.6676613688468933,0.7754700183868408
1706174644694,0.6676613688468933,0.7754700183868408
1706174644705,nan,nan
1706174644716,nan,nan
1706174644728,nan,nan
1706174644738,nan,nan
1706174644771,nan,nan
1706174644772,nan,nan
1706174644788,nan,nan
1706174644793,nan,nan
1706174644804,nan,nan
1706174644815,nan,nan
1706174644826,nan,nan
1706174644837,nan,nan
1706174644848,nan,nan
1706174644859,nan,nan
1706174644871,nan,nan
1706174644882,nan,nan
1706174644918,nan,nan
1706174644919,nan,nan
1706174644934,nan,nan
1706174644941,nan,nan
1706174644951,nan,nan
1706174644964,nan,nan
1706174644974,nan,nan
1706174644984,nan,nan
1706174644997,nan,nan
1706174645007,nan,nan
1706174645018,nan,nan
1706174645030,nan,nan
1706174645070,nan,nan
1706174645071,nan,nan
1706174645074,nan,nan
1706174645087,nan,nan
1706174645097,nan,nan
1706174645108,nan,nan
1706174645118,nan,nan
1706174645130,nan,nan
1706174645141,nan,nan
1706174645151,nan,nan
1706174645164,nan,nan
1706174645174,nan,nan
1706174645184,nan,nan
1706174645220,nan,nan
1706174645221,nan,nan
1706174645236,nan,nan
1706174645242,nan,nan
1706174645251,nan,nan
1706174645264,nan,nan
1706174645275,nan,nan
1706174645284,nan,nan
1706174645297,nan,nan
1706174645309,nan,nan
1706174645317,nan,nan
1706174645358,nan,nan
1706174645359,nan,nan
1706174645363,nan,nan
1706174645376,nan,nan
1706174645385,nan,nan
1706174645397,nan,nan
1706174645409,nan,nan
1706174645418,nan,nan
1706174645431,nan,nan
1706174645443,nan,nan
1706174645452,nan,nan
1706174645463,nan,nan
1706174645476,nan,nan
1706174645485,nan,nan
1706174645518,nan,nan
1706174645519,nan,nan
1706174645538,nan,nan
1706174645542,nan,nan
1706174645552,nan,nan
1706174645563,nan,nan
1706174645576,nan,nan
1706174645585,nan,nan
1706174645597,nan,nan
1706174645609,nan,nan
1706174645618,nan,nan
1706174645631,nan,nan
1706174645651,nan,nan
1706174645671,nan,nan
1706174645672,nan,nan
1706174645676,nan,nan
1706174645689,nan,nan
1706174645697,nan,nan
1706174645708,nan,nan
1706174645718,nan,nan
1706174645730,nan,nan
1706174645741,nan,nan
1706174645751,nan,nan
1706174645763,nan,nan
1706174645776,nan,nan
1706174645784,nan,nan
1706174645817,nan,nan
1706174645818,nan,nan
1706174645836,nan,nan
1706174645842,nan,nan
1706174645851,nan,nan
1706174645864,nan,nan
1706174645875,nan,nan
1706174645884,nan,nan
1706174645897,nan,nan
1706174645909,nan,nan
1706174645918,nan,nan
1706174645930,nan,nan
1706174645950,nan,nan
1706174645972,nan,nan
1706174645973,nan,nan
1706174645975,nan,nan
1706174645990,nan,nan
1706174645997,nan,nan
1706174646009,nan,nan
1706174646018,nan,nan
1706174646030,nan,nan
1706174646043,nan,nan
1706174646052,nan,nan
1706174646062,nan,nan
1706174646075,nan,nan
1706174646084,nan,nan
1706174646118,nan,nan
1706174646119,nan,nan
1706174646135,nan,nan
1706174646142,nan,nan
1706174646151,nan,nan
1706174646163,nan,nan
1706174646176,nan,nan
1706174646185,nan,nan
1706174646197,nan,nan
1706174646209,nan,nan
1706174646219,nan,nan
1706174646230,nan,nan
1706174646269,nan,nan
1706174646270,nan,nan
1706174646277,nan,nan
1706174646287,nan,nan
1706174646297,nan,nan
1706174646310,nan,nan
1706174646319,nan,nan
1706174646331,nan,nan
1706174646344,nan,nan
1706174646352,nan,nan
1706174646364,nan,nan
1706174646377,nan,nan
1706174646385,nan,nan
1706174646417,nan,nan
1706174646418,nan,nan
1706174646433,nan,nan
1706174646442,nan,nan
1706174646453,nan,nan
1706174646463,nan,nan
1706174646476,nan,nan
1706174646484,nan,nan
1706174646496,nan,nan
1706174646508,nan,nan
1706174646517,nan,nan
1706174646550,nan,nan
1706174646566,nan,nan
1706174646575,nan,nan
1706174646584,nan,nan
1706174646595,nan,nan
1706174646607,nan,nan
1706174646617,nan,nan
1706174646629,nan,nan
1706174646640,nan,nan
1706174646651,nan,nan
1706174646662,nan,nan
1706174646701,nan,nan
1706174646702,nan,nan
1706174646708,nan,nan
1706174646717,nan,nan
1706174646729,nan,nan
1706174646748,nan,nan
1706174646762,nan,nan
1706174646773,nan,nan
1706174646784,nan,nan
1706174646796,nan,nan
1706174646807,nan,nan
1706174646818,nan,nan
1706174646854,nan,nan
1706174646855,nan,nan
1706174646858,nan,nan
1706174646878,nan,nan
1706174646894,nan,nan
1706174646909,nan,nan
1706174646922,nan,nan
1706174646932,nan,nan
1706174646943,0.45487166941165924,0.5607838034629822
1706174646955,0.45487166941165924,0.5607838034629822
1706174646965,0.45487166941165924,0.5607838034629822
1706174647002,0.47593745589256287,0.5552901923656464
1706174647003,0.47237126529216766,0.5496910512447357
1706174647011,0.47083984315395355,0.5521335601806641
1706174647022,0.4694729745388031,0.5472359657287598
1706174647033,0.4699212908744812,0.5473051369190216
1706174647044,0.46928830444812775,0.5461011230945587
1706174647055,0.47609056532382965,0.5945499837398529
1706174647065,0.4782165288925171,0.601613849401474
1706174647076,0.4809582978487015,0.6198650598526001
1706174647087,nan,nan
1706174647098,nan,nan
1706174647109,nan,nan
1706174647120,nan,nan
1706174647152,nan,nan
1706174647153,nan,nan
1706174647169,nan,nan
1706174647177,nan,nan
1706174647189,0.08518467471003532,0.9280907511711121
1706174647200,0.12233949452638626,0.8335462808609009
1706174647210,0.12233949452638626,0.8335462808609009
1706174647222,0.19822261482477188,0.6460196375846863
1706174647233,0.19351337105035782,0.6111338138580322
1706174647244,0.19573549926280975,0.614109218120575
1706174647285,0.19487633556127548,0.6019392907619476
1706174647288,0.19878242909908295,0.6002377569675446
1706174647300,0.19569475948810577,0.5987107753753662
1706174647311,0.1935122385621071,0.6040785908699036
1706174647322,0.17022480815649033,0.6345611214637756
1706174647333,0.1579400599002838,0.6427132487297058
1706174647344,0.14690572768449783,0.6528473794460297
1706174647355,0.1431322544813156,0.6534572839736938
1706174647366,0.1413179337978363,0.6545585095882416
1706174647377,0.1411782130599022,0.6535376906394958
1706174647388,0.1405370533466339,0.6578764021396637
1706174647400,0.14204008132219315,0.654718816280365
1706174647440,0.14172708243131638,0.6514641344547272
1706174647444,0.14555148780345917,0.6557316184043884
1706174647459,0.14232616126537323,0.6526055037975311
1706174647466,0.1427440345287323,0.6552468538284302
1706174647479,0.14212661981582642,0.6590781509876251
1706174647488,0.141159787774086,0.6642850041389465
1706174647500,0.14132501184940338,0.6620864868164062
1706174647510,0.14198777079582214,0.6560308933258057
1706174647522,0.14335232973098755,0.6513568758964539
1706174647533,0.14329596608877182,0.650930255651474
1706174647544,0.1431395635008812,0.6540479063987732
1706174647555,0.14173326641321182,0.6487388014793396
1706174647588,0.1431129276752472,0.6494683623313904
1706174647603,0.14269860833883286,0.6548309922218323
1706174647610,0.144361674785614,0.6591631174087524
1706174647621,0.1439538449048996,0.6544589698314667
1706174647633,0.14441313594579697,0.6558111011981964
1706174647644,0.14603841304779053,0.652942568063736
1706174647655,0.14669152349233627,0.6587176322937012
1706174647666,0.1480608582496643,0.6571824252605438
1706174647677,0.14532124996185303,0.6583545804023743
1706174647688,0.14814093708992004,0.6544680297374725
1706174647699,0.14752820134162903,0.6548657119274139
1706174647737,0.14830037206411362,0.6549513936042786
1706174647744,0.14997006952762604,0.6584135890007019
1706174647755,0.14626916497945786,0.6572870314121246
1706174647768,0.14837589114904404,0.6569520831108093
1706174647777,0.1473761424422264,0.6580860912799835
1706174647787,0.17991779744625092,0.6319374740123749
1706174647799,0.21952269971370697,0.6149419844150543
1706174647810,0.28233663737773895,0.565275639295578
1706174647821,0.4020901322364807,0.4822768419981003
1706174647832,0.4244396686553955,0.46405570209026337
1706174647843,0.4282674491405487,0.46738824248313904
1706174647886,0.4220459908246994,0.4747888147830963
1706174647887,0.421235054731369,0.47344596683979034
1706174647888,0.4235416352748871,0.4764251112937927
1706174647902,0.4256785959005356,0.4765084385871887
1706174647910,0.4242427200078964,0.474883034825325
1706174647921,0.4227592349052429,0.47507329285144806
1706174647932,0.4235778898000717,0.47644129395484924
1706174647943,0.4228428602218628,0.4752386212348938
1706174647955,0.4038882851600647,0.4960028827190399
1706174647966,0.3699757158756256,0.5203636884689331
1706174647977,0.31000325083732605,0.5576320588588715
1706174647988,0.17311231046915054,0.6237893104553223
1706174648022,0.13898234069347382,0.6329212188720703
1706174648023,0.11992618814110756,0.6395240128040314
1706174648033,0.11184218898415565,0.6501877903938293
1706174648044,0.10837343335151672,0.647564560174942
1706174648056,0.10968636721372604,0.6501357555389404
1706174648066,0.1085706278681755,0.6500242352485657
1706174648077,0.1103578433394432,0.6535114049911499
1706174648088,0.10863951221108437,0.6514060795307159
1706174648099,0.10654805228114128,0.6533330380916595
1706174648110,0.10657412931323051,0.6562379598617554
1706174648121,0.10640820115804672,0.6593239009380341
1706174648133,0.10627057775855064,0.6602919399738312
1706174648171,0.10587254166603088,0.6579620838165283
1706174648173,0.10503614693880081,0.6640655696392059
1706174648176,0.0924643948674202,0.6723922491073608
1706174648191,0.08170369267463684,0.6763448715209961
1706174648199,0.08458058163523674,0.6803494095802307
1706174648210,0.08609938994050026,0.677376925945282
1706174648221,0.08917861059308052,0.6817170083522797
1706174648233,0.08884088322520256,0.679238498210907
1706174648243,0.08863051235675812,0.6815583109855652
1706174648254,0.08608948066830635,0.6808498501777649
1706174648266,0.08647419884800911,0.6840201318264008
1706174648276,0.08735517039895058,0.684430718421936
1706174648288,0.08762234821915627,0.6787686049938202
1706174648305,0.08878665789961815,0.6777009069919586
1706174648326,0.09011276438832283,0.6791948080062866
1706174648327,0.09124565497040749,0.6833947002887726
1706174648332,0.0909409299492836,0.6838330924510956
1706174648344,0.08998096361756325,0.6848872303962708
1706174648354,0.09195792302489281,0.6854290068149567
1706174648367,0.09408137202262878,0.6863123774528503
1706174648377,0.09308123961091042,0.683795303106308
1706174648388,0.09393476322293282,0.6836284697055817
1706174648399,0.09343020245432854,0.6839223802089691
1706174648410,0.09413059055805206,0.6830049157142639
1706174648421,0.09207503497600555,0.6873324811458588
1706174648432,0.09282435476779938,0.6867100894451141
1706174648443,0.09227009862661362,0.6853432357311249
1706174648455,0.09593891724944115,0.6882679462432861
1706174648489,0.09781605750322342,0.6908733546733856
1706174648505,0.1034269668161869,0.763507604598999
1706174648509,0.10745915398001671,0.7681114077568054
1706174648521,0.14771537482738495,0.7006099224090576
1706174648531,nan,nan
1706174648540,nan,nan
1706174648552,nan,nan
1706174648563,nan,nan
1706174648574,nan,nan
1706174648585,nan,nan
1706174648596,nan,nan
1706174648637,nan,nan
1706174648638,nan,nan
1706174648641,nan,nan
1706174648653,nan,nan
1706174648663,nan,nan
1706174648674,nan,nan
1706174648686,nan,nan
1706174648697,nan,nan
1706174648708,nan,nan
1706174648719,nan,nan
1706174648730,nan,nan
1706174648741,nan,nan
1706174648752,nan,nan
1706174648790,nan,nan
1706174648791,nan,nan
1706174648797,nan,nan
1706174648808,nan,nan
1706174648820,nan,nan
1706174648831,nan,nan
1706174648841,nan,nan
1706174648852,nan,nan
1706174648862,nan,nan
1706174648873,nan,nan
1706174648885,nan,nan
1706174648896,nan,nan
1706174648907,nan,nan
1706174648939,nan,nan
1706174648940,nan,nan
1706174648941,nan,nan
1706174648957,nan,nan
1706174648964,nan,nan
1706174648977,nan,nan
1706174648985,nan,nan
1706174648997,nan,nan
1706174649008,nan,nan
1706174649019,nan,nan
1706174649029,nan,nan
1706174649041,nan,nan
1706174649051,nan,nan
1706174649090,nan,nan
1706174649092,nan,nan
1706174649097,nan,nan
1706174649109,nan,nan
1706174649119,nan,nan
1706174649131,0.2762843072414398,0.8257694840431213
1706174649142,0.2762843072414398,0.8257694840431213
1706174649153,0.3046218156814575,0.7714460492134094
1706174649165,0.31499728560447693,0.6659921109676361
1706174649176,0.30517910420894623,0.6638774871826172
1706174649187,0.3009959012269974,0.6458790600299835
1706174649199,0.3005433976650238,0.6510571539402008
1706174649218,0.3021189719438553,0.6552472114562988
1706174649238,0.2989666014909744,0.6569936573505402
1706174649242,0.29676541686058044,0.6460459530353546
1706174649256,0.2929229438304901,0.6354328691959381
1706174649265,0.29429373145103455,0.6378530859947205
1706174649275,0.2943972498178482,0.6432676911354065
1706174649287,0.29587046802043915,0.6484749019145966
1706174649298,0.2926655411720276,0.6465626657009125
1706174649309,0.2912008911371231,0.6433811187744141
1706174649320,0.2906229645013809,0.6456340253353119
1706174649331,0.2913344204425812,0.6468541920185089
1706174649343,0.291690468788147,0.6485114097595215
1706174649353,0.2921442836523056,0.6414659321308136
1706174649390,0.27807122468948364,0.6392131149768829
1706174649391,0.2503635808825493,0.64009690284729
1706174649398,0.15396921336650848,0.6604804396629333
1706174649409,0.1491280421614647,0.6656836569309235
1706174649421,0.14842195808887482,0.6655285954475403
1706174649431,0.1472160741686821,0.6682734489440918
1706174649442,0.14791353791952133,0.6682567894458771
1706174649454,0.14867959171533585,0.6666130423545837
1706174649465,0.14999983459711075,0.6635546982288361
1706174649476,0.1499980464577675,0.6632793843746185
1706174649487,0.15164703130722046,0.666015088558197
1706174649498,0.14980243891477585,0.6648701727390289
1706174649517,0.14909547567367554,0.6604187488555908
1706174649537,0.14379575103521347,0.6491570174694061
1706174649543,0.14080824702978134,0.6518949568271637
1706174649554,0.14006808400154114,0.6535889208316803
1706174649566,0.14084023982286453,0.6540707349777222
1706174649576,0.14271360635757446,0.6511106193065643
1706174649587,0.16537731885910034,0.6379487812519073
1706174649597,0.20745369046926498,0.6213126182556152
1706174649609,0.27158619463443756,0.5907300114631653
1706174649619,0.4215528219938278,0.5181836783885956
1706174649631,0.4469898194074631,0.5086867958307266
1706174649642,0.45348168909549713,0.5020434856414795
1706174649653,0.4460296928882599,0.4987152963876724
1706174649690,0.448824405670166,0.4997696578502655
1706174649691,0.447864294052124,0.5003459304571152
1706174649698,0.4468650072813034,0.49709850549697876
1706174649709,0.4478640705347061,0.49730950593948364
1706174649720,0.44595256447792053,0.48976877331733704
1706174649731,0.44642889499664307,0.4902621805667877
1706174649742,0.44606877863407135,0.4892345666885376
1706174649753,0.4471040666103363,0.48912739753723145
1706174649764,0.4490595906972885,0.48753343522548676
1706174649775,0.44915781915187836,0.4926522672176361
1706174649786,0.45317405462265015,0.502916544675827
1706174649798,0.4528562128543854,0.5057205259799957
1706174649819,0.4515331834554672,0.5052389651536942
1706174649840,0.4473889172077179,0.499153807759285
1706174649841,0.44588127732276917,0.4958929419517517
1706174649842,0.44655466079711914,0.4948471486568451
1706174649859,0.4496433436870575,0.5000754445791245
1706174649866,0.4519043415784836,0.49775347113609314
1706174649876,0.45097748935222626,0.49761708080768585
1706174649887,0.44961291551589966,0.4949684292078018
1706174649898,0.44899822771549225,0.494286373257637
1706174649909,0.4473618268966675,0.49459177255630493
1706174649920,0.44685423374176025,0.49353308975696564
1706174649931,0.44684645533561707,0.4907306283712387
1706174649943,0.4489774852991104,0.48987753689289093
1706174649954,0.4509602338075638,0.4961056560277939
1706174649989,0.4489390701055527,0.4940488040447235
1706174649990,0.4497036635875702,0.48911377787590027
1706174649996,0.45785030722618103,0.6870653629302979
1706174650006,0.46409013867378235,0.8052536249160767
1706174650017,nan,nan
1706174650030,nan,nan
1706174650040,nan,nan
1706174650051,nan,nan
1706174650062,nan,nan
1706174650073,nan,nan
1706174650084,nan,nan
1706174650094,nan,nan
1706174650105,nan,nan
1706174650141,nan,nan
1706174650142,nan,nan
1706174650150,nan,nan
1706174650160,nan,nan
1706174650178,nan,nan
1706174650198,nan,nan
1706174650210,nan,nan
1706174650220,nan,nan
1706174650231,nan,nan
1706174650243,nan,nan
1706174650254,nan,nan
1706174650289,nan,nan
1706174650290,nan,nan
1706174650304,nan,nan
1706174650311,nan,nan
1706174650321,nan,nan
1706174650331,nan,nan
1706174650343,nan,nan
1706174650353,nan,nan
1706174650364,nan,nan
1706174650377,nan,nan
1706174650386,nan,nan
1706174650397,nan,nan
1706174650440,nan,nan
1706174650445,nan,nan
1706174650457,nan,nan
1706174650467,nan,nan
1706174650480,nan,nan
1706174650487,nan,nan
1706174650499,nan,nan
1706174650511,nan,nan
1706174650520,nan,nan
1706174650533,nan,nan
1706174650544,nan,nan
1706174650554,nan,nan
1706174650592,nan,nan
1706174650593,nan,nan
1706174650600,nan,nan
1706174650611,nan,nan
1706174650621,nan,nan
1706174650633,nan,nan
1706174650645,nan,nan
1706174650653,nan,nan
1706174650667,nan,nan
1706174650679,nan,nan
1706174650687,nan,nan
1706174650700,nan,nan
1706174650741,nan,nan
1706174650742,nan,nan
1706174650757,nan,nan
1706174650764,nan,nan
1706174650776,nan,nan
1706174650786,nan,nan
1706174650797,nan,nan
1706174650808,nan,nan
1706174650819,nan,nan
1706174650830,nan,nan
1706174650842,0.5027130842208862,0.5428981781005859
1706174650854,0.5027130842208862,0.5428981781005859
1706174650890,0.5027130842208862,0.5428981781005859
1706174650891,0.49653109908103943,0.5390108525753021
1706174650906,0.49653109908103943,0.5390108525753021
1706174650910,0.5054055452346802,0.5546436607837677
1706174650924,0.5082239210605621,0.5440299808979034
1706174650932,0.5082239210605621,0.5440299808979034
1706174650944,0.496138259768486,0.5435510873794556
1706174650955,0.46926528215408325,0.5443439781665802
1706174650966,0.4702473431825638,0.5431824326515198
1706174650977,0.46832311153411865,0.5497688949108124
1706174650989,0.4683951586484909,0.5502021312713623
1706174650999,0.4676227569580078,0.5518842339515686
1706174651018,0.4703168421983719,0.5440576672554016
1706174651040,0.46739204227924347,0.5443377196788788
1706174651041,0.467749685049057,0.5435958802700043
1706174651044,0.4673020988702774,0.5440737903118134
1706174651057,0.4673161208629608,0.5428284704685211
1706174651066,0.4664115309715271,0.5429300665855408
1706174651078,0.46585433185100555,0.5456366240978241
1706174651088,0.46532049775123596,0.5463202595710754
1706174651099,0.46602922677993774,0.5435900092124939
1706174651110,0.4667425602674484,0.5384142994880676
1706174651121,0.46621668338775635,0.5411253869533539
1706174651132,0.46564696729183197,0.5412982702255249
1706174651143,0.4660830795764923,0.544000893831253
1706174651154,0.4645346999168396,0.5439071953296661
1706174651190,0.4645597040653229,0.5417715311050415
1706174651191,0.46203969419002533,0.5365374982357025
1706174651205,0.4612487703561783,0.5350638329982758
1706174651210,0.4618338793516159,0.5357316434383392
1706174651222,0.46164271235466003,0.5421440303325653
1706174651233,0.4631839841604233,0.546175092458725
1706174651244,0.4620383083820343,0.5458990335464478
1706174651254,0.4647813141345978,0.5425852835178375
1706174651266,0.46736660599708557,0.537481963634491
1706174651277,0.46924786269664764,0.5346940159797668
1706174651288,0.47108757495880127,0.5278697609901428
1706174651299,0.4727109521627426,0.5296710133552551
1706174651341,0.4743877053260803,0.5268464088439941
1706174651342,0.47347064316272736,0.5304658710956573
1706174651344,0.4705516993999481,0.5286925137042999
1706174651358,0.47266685962677,0.5280268490314484
1706174651366,0.46992990374565125,0.5223686695098877
1706174651377,0.47046080231666565,0.529425859451294
1706174651388,0.46950821578502655,0.5233271718025208
1706174651399,0.47041673958301544,0.5312987565994263
1706174651410,0.4694376140832901,0.5208019912242889
1706174651421,0.4754609167575836,0.5858048498630524
1706174651431,0.47765783965587616,0.6044700741767883
1706174651442,0.4840293973684311,0.6422125399112701
1706174651453,nan,nan
1706174651492,nan,nan
1706174651493,nan,nan
1706174651497,nan,nan
1706174651509,nan,nan
1706174651519,nan,nan
1706174651530,nan,nan
1706174651541,nan,nan
1706174651551,nan,nan
1706174651563,nan,nan
1706174651574,nan,nan
1706174651585,nan,nan
1706174651596,nan,nan
1706174651607,nan,nan
1706174651639,nan,nan
1706174651640,nan,nan
1706174651646,nan,nan
1706174651671,nan,nan
1706174651682,nan,nan
1706174651689,nan,nan
1706174651702,nan,nan
1706174651715,nan,nan
1706174651722,nan,nan
1706174651736,nan,nan
1706174651748,nan,nan
1706174651756,nan,nan
1706174651790,nan,nan
1706174651791,nan,nan
1706174651807,nan,nan
1706174651815,nan,nan
1706174651823,nan,nan
1706174651835,nan,nan
1706174651848,nan,nan
1706174651856,nan,nan
1706174651868,nan,nan
1706174651882,nan,nan
1706174651889,nan,nan
1706174651925,nan,nan
1706174651926,nan,nan
1706174651940,nan,nan
1706174651947,nan,nan
1706174651955,nan,nan
1706174651969,nan,nan
1706174651980,nan,nan
1706174651987,nan,nan
1706174652002,nan,nan
1706174652013,nan,nan
1706174652021,nan,nan
1706174652035,nan,nan
1706174652072,nan,nan
1706174652075,nan,nan
1706174652088,nan,nan
1706174652098,nan,nan
1706174652109,nan,nan
1706174652120,nan,nan
1706174652131,nan,nan
1706174652142,nan,nan
1706174652153,nan,nan
1706174652170,nan,nan
1706174652208,nan,nan
1706174652223,nan,nan
1706174652224,nan,nan
1706174652238,nan,nan
1706174652250,nan,nan
1706174652257,nan,nan
1706174652271,nan,nan
1706174652283,nan,nan
1706174652291,nan,nan
1706174652304,nan,nan
1706174652316,nan,nan
1706174652324,nan,nan
1706174652356,nan,nan
1706174652357,nan,nan
1706174652372,nan,nan
1706174652380,nan,nan
1706174652389,nan,nan
1706174652403,nan,nan
1706174652414,nan,nan
1706174652424,nan,nan
1706174652437,nan,nan
1706174652448,nan,nan
1706174652457,nan,nan
1706174652493,nan,nan
1706174652494,nan,nan
1706174652511,nan,nan
1706174652514,nan,nan
1706174652526,nan,nan
1706174652538,nan,nan
1706174652548,nan,nan
1706174652557,nan,nan
1706174652571,nan,nan
1706174652581,nan,nan
1706174652591,nan,nan
1706174652604,nan,nan
1706174652640,nan,nan
1706174652641,nan,nan
1706174652648,nan,nan
1706174652658,nan,nan
1706174652673,nan,nan
1706174652681,nan,nan
1706174652690,nan,nan
1706174652704,nan,nan
1706174652714,nan,nan
1706174652723,nan,nan
1706174652736,nan,nan
1706174652772,nan,nan
1706174652788,nan,nan
1706174652790,nan,nan
1706174652803,nan,nan
1706174652815,nan,nan
1706174652823,nan,nan
1706174652836,nan,nan
1706174652848,nan,nan
1706174652857,nan,nan
1706174652869,nan,nan
1706174652882,nan,nan
1706174652890,nan,nan
1706174652924,nan,nan
1706174652925,nan,nan
1706174652940,nan,nan
1706174652949,nan,nan
1706174652958,nan,nan
1706174652970,nan,nan
1706174652982,nan,nan
1706174652991,nan,nan
1706174653003,nan,nan
1706174653015,nan,nan
1706174653024,nan,nan
1706174653060,nan,nan
1706174653061,nan,nan
1706174653075,nan,nan
1706174653082,nan,nan
1706174653091,nan,nan
1706174653102,nan,nan
1706174653115,nan,nan
1706174653123,nan,nan
1706174653136,nan,nan
1706174653148,nan,nan
1706174653156,nan,nan
1706174653170,nan,nan
1706174653208,nan,nan
1706174653209,nan,nan
1706174653215,nan,nan
1706174653225,nan,nan
1706174653239,nan,nan
1706174653249,nan,nan
1706174653257,nan,nan
1706174653271,nan,nan
1706174653281,nan,nan
1706174653290,nan,nan
1706174653304,nan,nan
1706174653316,nan,nan
1706174653324,nan,nan
1706174653357,nan,nan
1706174653358,nan,nan
1706174653373,nan,nan
1706174653383,nan,nan
1706174653393,nan,nan
1706174653403,nan,nan
1706174653416,nan,nan
1706174653424,nan,nan
1706174653437,nan,nan
1706174653448,nan,nan
1706174653457,nan,nan
1706174653470,nan,nan
1706174653506,nan,nan
1706174653507,nan,nan
1706174653522,nan,nan
1706174653524,nan,nan
1706174653538,nan,nan
1706174653549,nan,nan
1706174653558,nan,nan
1706174653571,nan,nan
1706174653582,nan,nan
1706174653592,nan,nan
1706174653604,nan,nan
1706174653642,nan,nan
1706174653644,nan,nan
1706174653648,nan,nan
1706174653660,nan,nan
1706174653670,nan,nan
1706174653680,nan,nan
1706174653689,nan,nan
1706174653701,nan,nan
1706174653713,nan,nan
1706174653722,nan,nan
1706174653734,nan,nan
1706174653745,nan,nan
1706174653755,nan,nan
1706174653792,nan,nan
1706174653793,nan,nan
1706174653808,nan,nan
1706174653811,nan,nan
1706174653823,nan,nan
1706174653833,nan,nan
1706174653846,nan,nan
1706174653856,nan,nan
1706174653866,nan,nan
1706174653879,nan,nan
1706174653889,nan,nan
1706174653900,nan,nan
1706174653920,nan,nan
1706174653941,nan,nan
1706174653958,nan,nan
1706174653966,nan,nan
1706174653977,nan,nan
1706174653988,nan,nan
1706174654000,nan,nan
1706174654011,nan,nan
1706174654022,nan,nan
1706174654033,nan,nan
1706174654073,0.554494321346283,0.5153371095657349
1706174654074,0.554494321346283,0.5153371095657349
1706174654079,0.5341453850269318,0.5178443193435669
1706174654090,0.5341453850269318,0.5178443193435669
1706174654102,0.5341453850269318,0.5178443193435669
1706174654113,0.5269897282123566,0.5086839497089386
1706174654124,0.5473398864269257,0.501379981637001
1706174654135,0.5460508465766907,0.5027318149805069
1706174654147,0.5515579283237457,0.49973544478416443
1706174654158,0.5479354560375214,0.5054968744516373
1706174654169,0.5410073101520538,0.5081267058849335
1706174654180,0.5275716781616211,0.5152186453342438
1706174654191,0.49318602681159973,0.5142136812210083
1706174654224,0.48961955308914185,0.5136201679706573
1706174654240,0.47616665065288544,0.5141808688640594
1706174654246,0.4741302579641342,0.5197851657867432
1706174654257,0.4288106858730316,0.577238917350769
1706174654267,0.5113389492034912,0.5155120491981506
1706174654278,1.0275534391403198,-0.1227862611413002
1706174654289,1.0275534391403198,-0.1227862611413002
1706174654300,1.0275534391403198,-0.1227862611413002
1706174654311,nan,nan
1706174654322,nan,nan
1706174654360,nan,nan
1706174654367,nan,nan
1706174654379,0.6602975130081177,0.7490943670272827
1706174654391,0.6602975130081177,0.7490943670272827
1706174654402,0.5432727783918381,0.6806701719760895
1706174654413,0.46709364652633667,0.5076308995485306
1706174654424,0.457657590508461,0.5139317810535431
1706174654436,0.4590422958135605,0.48276442289352417
1706174654447,0.4549371153116226,0.4867279678583145
1706174654458,0.4502641260623932,0.4695926606655121
1706174654469,0.4468899816274643,0.4870792329311371
1706174654507,0.4478873461484909,0.4833461046218872
1706174654513,0.45457036793231964,0.4875614494085312
1706174654525,0.4527849853038788,0.48758821189403534
1706174654537,0.4517306536436081,0.48953212797641754
1706174654547,0.45271192491054535,0.4907505512237549
1706174654558,0.4524066001176834,0.49257273972034454
1706174654568,0.4539812058210373,0.4958965480327606
1706174654579,0.4548364579677582,0.49197758734226227
1706174654590,0.45610031485557556,0.4954672157764435
1706174654602,0.4561484009027481,0.49222299456596375
1706174654613,0.4562162756919861,0.49826668202877045
1706174654624,0.4583377242088318,0.49409210681915283
1706174654661,0.45867273211479187,0.4907270222902298
1706174654669,0.45421990752220154,0.4949001222848892
1706174654680,0.45347490906715393,0.49285295605659485
1706174654693,0.45556046068668365,0.4910968393087387
1706174654702,0.453987792134285,0.4918792098760605
1706174654713,0.4520518183708191,0.49398766458034515
1706174654724,0.45403511822223663,0.49779024720191956
1706174654736,0.45643310248851776,0.49919556081295013
1706174654747,0.45775391161441803,0.4985853433609009
1706174654757,0.458016961812973,0.49724480509757996
1706174654792,0.45519939064979553,0.4959610253572464
1706174654793,0.4555632472038269,0.49893176555633545
1706174654802,0.45324768126010895,0.498870849609375
1706174654815,0.45272350311279297,0.5006663650274277
1706174654824,0.4545990526676178,0.5046139657497406
1706174654837,0.456928014755249,0.5021773278713226
1706174654846,0.45594456791877747,0.5005622357130051
1706174654857,0.45566076040267944,0.5021513402462006
1706174654868,0.45339998602867126,0.5036698132753372
1706174654879,0.45277850329875946,0.5036046653985977
1706174654890,0.45295365154743195,0.5003675669431686
1706174654902,0.45362618565559387,0.49591007828712463
1706174654913,0.45417630672454834,0.49416691064834595
1706174654946,0.4538651555776596,0.4918084144592285
1706174654947,0.4543077200651169,0.4979195296764374
1706174654962,0.4551399350166321,0.49933695793151855
1706174654969,0.4542370140552521,0.4955940544605255
1706174654981,0.45664672553539276,0.4942292422056198
1706174654991,0.4553383141756058,0.4989697188138962
1706174655002,0.45778870582580566,0.49951134622097015
1706174655013,0.4575745016336441,0.49902069568634033
1706174655024,0.4575866162776947,0.5006421059370041
1706174655035,0.45693446695804596,0.5022985488176346
1706174655047,0.45789122581481934,0.500368744134903
1706174655057,0.45517005026340485,0.49452024698257446
1706174655093,0.455727756023407,0.4957112520933151
1706174655094,0.4550107568502426,0.5009689480066299
1706174655109,0.4579402059316635,0.5041268765926361
1706174655113,0.458340048789978,0.4941871911287308
1706174655125,0.4572508931159973,0.46804389357566833
1706174655134,0.4567227363586426,0.45242348313331604
1706174655146,0.45546507835388184,0.44569291174411774
1706174655157,0.4553731083869934,0.44793255627155304
1706174655168,0.45495352149009705,0.4515092670917511
1706174655179,0.4549017995595932,0.45209404826164246
1706174655190,0.45653843879699707,0.4470766484737396
1706174655201,0.4566863626241684,0.4455808997154236
1706174655241,0.4592861235141754,0.4470881372690201
1706174655246,0.45622463524341583,0.45128732919692993
1706174655261,0.45935337245464325,0.4509129673242569
1706174655268,0.45970119535923004,0.4479834884405136
1706174655279,0.4592333436012268,0.44646136462688446
1706174655290,0.45901164412498474,0.44657592475414276
1706174655301,0.4586372822523117,0.4484615921974182
1706174655312,0.45891939103603363,0.4485528767108917
1706174655323,0.4622260183095932,0.43795444071292877
1706174655334,0.4622509628534317,0.4355301111936569
1706174655346,0.4615109711885452,0.4381326586008072
1706174655357,0.4601791948080063,0.4438110738992691
1706174655393,0.46215806901454926,0.4478186070919037
1706174655409,0.45908208191394806,0.4406057298183441
1706174655413,0.4577782154083252,0.4423309415578842
1706174655424,0.45995135605335236,0.44789518415927887
1706174655434,0.4567520171403885,0.45410071313381195
1706174655446,0.41314564645290375,0.46850907802581787
1706174655457,0.28381723165512085,0.5004919767379761
1706174655468,0.26224832236766815,0.5032921582460403
1706174655479,0.23927848786115646,0.5100719630718231
1706174655490,0.22623872011899948,0.5184183418750763
1706174655508,0.2264254465699196,0.5209836363792419
1706174655529,0.22591659426689148,0.5160581171512604
1706174655530,0.2250756472349167,0.5175162255764008
1706174655534,0.2232530191540718,0.5162867903709412
1706174655548,0.22360197454690933,0.5130991637706757
1706174655557,0.2227621152997017,0.5105001032352448
1706174655568,0.22380252182483673,0.5129537284374237
1706174655579,0.2142806574702263,0.5148756504058838
1706174655590,0.20190808922052383,0.5302317440509796
1706174655600,0.161690603941679,0.5578409433364868
1706174655611,0.20342987775802612,0.630487859249115
1706174655622,0.13446076214313507,0.7486257553100586
1706174655633,nan,nan
1706174655644,nan,nan
1706174655679,nan,nan
1706174655680,nan,nan
1706174655688,nan,nan
1706174655699,nan,nan
1706174655711,nan,nan
1706174655721,nan,nan
1706174655732,nan,nan
1706174655743,nan,nan
1706174655754,nan,nan
1706174655765,nan,nan
1706174655776,nan,nan
1706174655787,nan,nan
1706174655805,nan,nan
1706174655830,nan,nan
1706174655831,nan,nan
1706174655848,nan,nan
1706174655853,nan,nan
1706174655865,nan,nan
1706174655875,nan,nan
1706174655887,nan,nan
1706174655898,nan,nan
1706174655909,nan,nan
1706174655920,nan,nan
1706174655931,nan,nan
1706174655942,nan,nan
1706174655976,nan,nan
1706174655977,nan,nan
1706174655993,nan,nan
1706174655998,nan,nan
1706174656009,nan,nan
1706174656020,nan,nan
1706174656031,nan,nan
1706174656042,nan,nan
1706174656054,nan,nan
1706174656064,nan,nan
1706174656075,nan,nan
1706174656087,nan,nan
1706174656127,nan,nan
1706174656131,nan,nan
1706174656144,nan,nan
1706174656153,nan,nan
1706174656164,nan,nan
1706174656175,nan,nan
1706174656187,nan,nan
1706174656198,nan,nan
1706174656209,nan,nan
1706174656220,nan,nan
1706174656231,nan,nan
1706174656242,nan,nan
1706174656277,nan,nan
1706174656278,nan,nan
1706174656294,nan,nan
1706174656298,nan,nan
1706174656310,nan,nan
1706174656321,nan,nan
1706174656331,nan,nan
1706174656343,nan,nan
1706174656354,nan,nan
1706174656365,nan,nan
1706174656376,nan,nan
1706174656409,nan,nan
1706174656410,nan,nan
1706174656425,nan,nan
1706174656430,nan,nan
1706174656443,nan,nan
1706174656453,nan,nan
1706174656464,nan,nan
1706174656475,nan,nan
1706174656486,nan,nan
1706174656498,nan,nan
1706174656509,nan,nan
1706174656521,nan,nan
1706174656559,nan,nan
1706174656560,nan,nan
1706174656566,0.3689306378364563,0.5749051570892334
1706174656577,0.362751841545105,0.563981831073761
1706174656588,0.3480949401855469,0.5380702018737793
1706174656600,0.3665296733379364,0.553122341632843
1706174656611,0.36220768094062805,0.5681778788566589
1706174656621,0.3646031320095062,0.5708611607551575
1706174656633,0.36749449372291565,0.5871518850326538
1706174656644,0.36535821855068207,0.5799753963947296
1706174656656,0.3633897304534912,0.5737913548946381
1706174656695,0.3570128530263901,0.5750331878662109
1706174656696,0.27959756553173065,0.5843338072299957
1706174656701,0.2566484808921814,0.5813908278942108
1706174656714,0.25050579011440277,0.5806097984313965
1706174656723,0.2484920769929886,0.5811100006103516
1706174656734,0.2488723322749138,0.5788677334785461
1706174656745,0.2493646889925003,0.5772421956062317
1706174656756,0.24980546534061432,0.5668075978755951
1706174656766,0.24968457967042923,0.5614233016967773
1706174656778,0.24855246394872665,0.554550051689148
1706174656789,0.24595126509666443,0.5583103001117706
1706174656800,0.24423762410879135,0.5617921948432922
1706174656811,0.24249273538589478,0.5662617087364197
1706174656846,0.24369729310274124,0.5642985105514526
1706174656847,0.24333715438842773,0.5614724159240723
1706174656856,0.24108247458934784,0.5590828955173492
1706174656867,0.24021436274051666,0.5562508702278137
1706174656880,0.24006830155849457,0.5602542459964752
1706174656889,0.24219108372926712,0.5593125820159912
1706174656900,0.24432595074176788,0.5597288608551025
1706174656911,0.2688061445951462,0.5426040887832642
1706174656922,0.3617364168167114,0.48683713376522064
1706174656933,0.40796561539173126,0.4667925238609314
1706174656945,0.43171845376491547,0.4596562832593918
1706174656956,0.4432886689901352,0.4578193128108978
1706174656993,0.44238220155239105,0.4531300365924835
1706174657000,0.4439481049776077,0.4536084681749344
1706174657011,0.4440968930721283,0.4487302601337433
1706174657023,0.4447547644376755,0.45018719136714935
1706174657034,0.4436168968677521,0.4473695605993271
1706174657045,0.44384369254112244,0.44989320635795593
1706174657056,0.44467243552207947,0.4564152956008911
1706174657067,0.444146528840065,0.4599173665046692
1706174657078,0.4432116448879242,0.46380679309368134
1706174657089,0.4441555291414261,0.46194352209568024
1706174657128,0.44347867369651794,0.4607143998146057
1706174657133,0.4435451179742813,0.4611367881298065
1706174657144,0.4449627697467804,0.4582108408212662
1706174657156,0.4461541026830673,0.4515402913093567
1706174657166,0.4467879980802536,0.4510641247034073
1706174657177,0.4478606730699539,0.45040543377399445
1706174657188,0.4469882994890213,0.45171011984348297
1706174657200,0.4470773935317993,0.4468800574541092
1706174657211,0.4461872726678848,0.4451165348291397
1706174657222,0.44622260332107544,0.44596849381923676
1706174657233,0.4453338086605072,0.44882188737392426
1706174657244,0.4470421075820923,0.45129287242889404
1706174657278,0.44744810461997986,0.46222665905952454
1706174657295,0.4434480369091034,0.45876291394233704
1706174657300,0.4446534067392349,0.4601118266582489
1706174657312,0.4453545808792114,0.4594152867794037
1706174657322,0.4468004107475281,0.4630018472671509
1706174657333,0.4457528442144394,0.4603399187326431
1706174657344,0.44433464109897614,0.4606582671403885
1706174657355,0.44380833208560944,0.4611935615539551
1706174657367,0.4440728574991226,0.4610522389411926
1706174657378,0.44385068118572235,0.4615439176559448
1706174657413,0.4463714510202408,0.45539095997810364
1706174657414,0.4481363445520401,0.45557717978954315
1706174657422,0.44672711193561554,0.4548708200454712
1706174657434,0.44530460238456726,0.45642705261707306
1706174657445,0.45202820003032684,0.4580112099647522
1706174657456,0.4629134237766266,0.45164118707180023
1706174657467,0.4664996564388275,0.4470689594745636
1706174657478,0.46503275632858276,0.4450998157262802
1706174657489,0.46174274384975433,0.4417334794998169
1706174657500,0.4620133936405182,0.44314873218536377
1706174657512,0.4613914489746094,0.4467690885066986
1706174657522,0.46371325850486755,0.4519764930009842
1706174657562,0.4642713814973831,0.45441585779190063
1706174657566,0.4621078222990036,0.44806672632694244
1706174657581,0.46505777537822723,0.4488406628370285
1706174657588,0.4653252363204956,0.446214035153389
1706174657601,0.4646141827106476,0.44877971708774567
1706174657610,0.4638330489397049,0.44740717113018036
1706174657622,0.4626348316669464,0.4483148902654648
1706174657633,0.46247534453868866,0.4434325397014618
1706174657644,0.4629763811826706,0.44484324753284454
1706174657656,0.4643707871437073,0.4430089294910431
1706174657666,0.465333491563797,0.44738103449344635
1706174657677,0.46518905460834503,0.4440583735704422
1706174657711,0.4568355977535248,0.4469494968652725
1706174657728,0.4531187117099762,0.4556936174631119
1706174657733,0.45553748309612274,0.45309941470623016
1706174657744,0.45429064333438873,0.4550166428089142
1706174657755,0.45438052713871,0.45354872941970825
1706174657767,0.45331089198589325,0.4513842910528183
1706174657778,0.45197249948978424,0.44678589701652527
1706174657789,0.4530166834592819,0.4485366642475128
1706174657800,0.4531369209289551,0.4547453075647354
1706174657811,0.4543922692537308,0.4594392478466034
1706174657822,0.4521746188402176,0.45715582370758057
1706174657864,0.4530591517686844,0.4572533518075943
1706174657867,0.4548930674791336,0.4564303606748581
1706174657882,0.45230571925640106,0.456997811794281
1706174657888,0.4503534734249115,0.4500715136528015
1706174657901,0.4488208442926407,0.4447470158338547
1706174657910,0.449154257774353,0.4465746283531189
1706174657922,0.4515526294708252,0.451088547706604
1706174657933,0.4525004178285599,0.45664282143116
1706174657944,0.4538968503475189,0.4573048949241638
1706174657955,0.4535989612340927,0.45620185136795044
1706174657966,0.45415447652339935,0.4587090164422989
1706174657978,0.4530225694179535,0.45374853909015656
1706174658012,0.45301415026187897,0.45074449479579926
1706174658029,0.45048487186431885,0.45166486501693726
1706174658033,0.4507524073123932,0.45195648074150085
1706174658046,0.4546113461256027,0.45244288444519043
1706174658055,0.45251327753067017,0.4521336108446121
1706174658066,0.45430004596710205,0.4521433860063553
1706174658077,0.45092445611953735,0.4551604986190796
1706174658088,0.45372432470321655,0.4550301879644394
1706174658099,0.4526454359292984,0.45802097022533417
1706174658110,0.4544209837913513,0.45691852271556854
1706174658121,0.4548990726470947,0.4586341381072998
1706174658163,0.45662884414196014,0.45842716097831726
1706174658166,0.4526015520095825,0.4587416648864746
1706174658181,0.4538816809654236,0.455092117190361
1706174658190,0.455256387591362,0.45975261926651
1706174658199,0.45567427575588226,0.45703211426734924
1706174658211,0.45520199835300446,0.45474882423877716
1706174658222,0.4536706656217575,0.44808879494667053
1706174658233,0.4531604200601578,0.44743624329566956
1706174658244,0.45484912395477295,0.44475021958351135
1706174658255,0.4540472477674484,0.44789358973503113
1706174658266,0.45306380093097687,0.44820308685302734
1706174658277,0.45234261453151703,0.4553994685411453
1706174658309,0.4564859867095947,0.45544975996017456
1706174658310,0.4559645652770996,0.4557720124721527
1706174658325,0.4513181000947952,0.45926633477211
1706174658333,0.4513115882873535,0.46160537004470825
1706174658345,0.4509081095457077,0.4620366394519806
1706174658355,0.4496026933193207,0.46117638051509857
1706174658366,0.4453054666519165,0.4593885540962219
1706174658377,0.44693830609321594,0.45925551652908325
1706174658388,0.44919928908348083,0.45203956961631775
1706174658399,0.45232564210891724,0.4512716829776764
1706174658410,0.4504320025444031,0.45011255145072937
1706174658422,0.4514569640159607,0.4477778673171997
1706174658461,0.45117466151714325,0.44692276418209076
1706174658465,0.4476064145565033,0.4548652321100235
1706174658476,0.44720637798309326,0.4576251208782196
1706174658487,0.448679581284523,0.46308305859565735
1706174658499,0.44900864362716675,0.4613247215747833
1706174658510,0.45205408334732056,0.4577063322067261
1706174658521,0.45230016112327576,0.4550236165523529
1706174658532,0.4509841948747635,0.45159097015857697
1706174658543,0.45027589797973633,0.452425479888916
1706174658554,0.4509584605693817,0.44902126491069794
1706174658566,0.4510946124792099,0.44853992760181427
1706174658577,0.45174647867679596,0.447097510099411
1706174658614,0.4501165449619293,0.4483431428670883
1706174658621,0.44772006571292877,0.45472006499767303
1706174658633,0.4481976479291916,0.45078426599502563
1706174658644,0.4481218159198761,0.45297399163246155
1706174658654,0.4495438486337662,0.4531753957271576
1706174658665,0.4546932727098465,0.46878939867019653
1706174658676,0.4826427102088928,0.47134634852409363
1706174658686,0.4993947446346283,0.5122640430927277
1706174658697,0.6875708699226379,0.5006952285766602
1706174658708,nan,nan
1706174658719,nan,nan
1706174658730,nan,nan
1706174658765,nan,nan
1706174658766,nan,nan
1706174658773,nan,nan
1706174658784,nan,nan
1706174658797,nan,nan
1706174658807,nan,nan
1706174658818,nan,nan
1706174658828,nan,nan
1706174658846,nan,nan
1706174658867,nan,nan
1706174658890,nan,nan
1706174658911,nan,nan
1706174658914,nan,nan
1706174658928,nan,nan
1706174658934,nan,nan
1706174658947,nan,nan
1706174658956,nan,nan
1706174658968,nan,nan
1706174658981,nan,nan
1706174658988,nan,nan
1706174659001,nan,nan
1706174659015,nan,nan
1706174659022,nan,nan
1706174659042,nan,nan
1706174659065,nan,nan
1706174659068,nan,nan
1706174659081,nan,nan
1706174659088,nan,nan
1706174659101,nan,nan
1706174659114,nan,nan
1706174659122,nan,nan
1706174659135,nan,nan
1706174659147,nan,nan
1706174659155,nan,nan
1706174659199,nan,nan
1706174659200,nan,nan
1706174659201,nan,nan
1706174659217,nan,nan
1706174659221,nan,nan
1706174659236,nan,nan
1706174659248,nan,nan
1706174659255,nan,nan
1706174659268,nan,nan
1706174659281,nan,nan
1706174659289,nan,nan
1706174659303,nan,nan
1706174659314,nan,nan
1706174659348,nan,nan
1706174659349,nan,nan
1706174659355,nan,nan
1706174659369,nan,nan
1706174659381,nan,nan
1706174659389,nan,nan
1706174659403,nan,nan
1706174659414,nan,nan
1706174659422,nan,nan
1706174659436,nan,nan
1706174659448,nan,nan
1706174659456,nan,nan
1706174659496,nan,nan
1706174659497,nan,nan
1706174659503,nan,nan
1706174659515,nan,nan
1706174659522,nan,nan
1706174659535,nan,nan
1706174659548,nan,nan
1706174659556,nan,nan
1706174659569,nan,nan
1706174659580,nan,nan
1706174659588,nan,nan
1706174659601,nan,nan
1706174659615,nan,nan
1706174659647,nan,nan
1706174659648,nan,nan
1706174659655,nan,nan
1706174659668,nan,nan
1706174659682,nan,nan
1706174659688,nan,nan
1706174659701,nan,nan
1706174659714,nan,nan
1706174659722,nan,nan
1706174659734,nan,nan
1706174659745,nan,nan
1706174659755,nan,nan
1706174659778,nan,nan
1706174659799,nan,nan
1706174659801,nan,nan
1706174659818,nan,nan
1706174659822,nan,nan
1706174659835,nan,nan
1706174659846,nan,nan
1706174659855,nan,nan
1706174659868,nan,nan
1706174659880,nan,nan
1706174659889,nan,nan
1706174659902,nan,nan
1706174659913,nan,nan
1706174659948,nan,nan
1706174659949,nan,nan
1706174659955,nan,nan
1706174659969,nan,nan
1706174659980,nan,nan
1706174659988,nan,nan
1706174660002,nan,nan
1706174660013,nan,nan
1706174660022,nan,nan
1706174660036,nan,nan
1706174660045,nan,nan
1706174660055,nan,nan
1706174660099,nan,nan
1706174660100,nan,nan
1706174660101,nan,nan
1706174660116,nan,nan
1706174660122,nan,nan
1706174660136,nan,nan
1706174660146,nan,nan
1706174660155,nan,nan
1706174660167,nan,nan
1706174660182,nan,nan
1706174660188,nan,nan
1706174660201,nan,nan
1706174660245,nan,nan
1706174660246,nan,nan
1706174660247,nan,nan
1706174660262,nan,nan
1706174660268,nan,nan
1706174660281,nan,nan
1706174660288,nan,nan
1706174660300,nan,nan
1706174660314,nan,nan
1706174660321,nan,nan
1706174660334,nan,nan
1706174660347,nan,nan
1706174660382,nan,nan
1706174660389,nan,nan
1706174660401,nan,nan
1706174660414,nan,nan
1706174660422,nan,nan
1706174660434,nan,nan
1706174660447,nan,nan
1706174660455,nan,nan
1706174660467,nan,nan
1706174660480,nan,nan
1706174660488,nan,nan
1706174660538,nan,nan
1706174660539,nan,nan
1706174660553,nan,nan
1706174660568,nan,nan
1706174660580,nan,nan
1706174660586,nan,nan
1706174660601,nan,nan
1706174660613,nan,nan
1706174660620,nan,nan
1706174660635,nan,nan
1706174660647,nan,nan
1706174660655,nan,nan
1706174660702,nan,nan
1706174660703,nan,nan
1706174660708,nan,nan
1706174660718,nan,nan
1706174660730,nan,nan
1706174660741,nan,nan
1706174660752,nan,nan
1706174660763,nan,nan
1706174660775,nan,nan
1706174660784,nan,nan
1706174660802,nan,nan
1706174660849,nan,nan
1706174660850,nan,nan
1706174660857,nan,nan
1706174660872,nan,nan
1706174660885,nan,nan
1706174660890,nan,nan
1706174660904,nan,nan
1706174660916,nan,nan
1706174660925,nan,nan
1706174660937,nan,nan
1706174660948,nan,nan
1706174660958,nan,nan
1706174660978,nan,nan
1706174660998,nan,nan
1706174660999,nan,nan
1706174661003,nan,nan
1706174661014,nan,nan
1706174661022,nan,nan
1706174661036,nan,nan
1706174661047,nan,nan
1706174661056,nan,nan
1706174661069,nan,nan
1706174661080,nan,nan
1706174661089,nan,nan
1706174661101,nan,nan
1706174661133,nan,nan
1706174661134,nan,nan
1706174661151,nan,nan
1706174661155,nan,nan
1706174661168,nan,nan
1706174661180,nan,nan
1706174661189,nan,nan
1706174661200,nan,nan
1706174661212,nan,nan
1706174661223,nan,nan
1706174661233,nan,nan
1706174661245,nan,nan
1706174661282,nan,nan
1706174661283,nan,nan
1706174661289,nan,nan
1706174661300,nan,nan
1706174661312,nan,nan
1706174661322,nan,nan
1706174661333,nan,nan
1706174661345,nan,nan
1706174661356,nan,nan
1706174661367,nan,nan
1706174661386,nan,nan
1706174661431,nan,nan
1706174661434,nan,nan
1706174661446,nan,nan
1706174661455,nan,nan
1706174661467,nan,nan
1706174661477,nan,nan
1706174661496,nan,nan
1706174661519,nan,nan
1706174661533,nan,nan
1706174661578,nan,nan
1706174661579,0.5845300555229187,0.5291598439216614
1706174661584,0.5880287289619446,0.5328347682952881
1706174661595,0.5928510427474976,0.5242002606391907
1706174661608,0.5748719871044159,0.5195905864238739
1706174661618,0.5757225453853607,0.5284684896469116
1706174661629,0.5486074686050415,0.5120280981063843
1706174661640,0.5322496592998505,0.5029601752758026
1706174661651,0.5161425769329071,0.4888128936290741
1706174661662,0.4899615943431854,0.46915048360824585
1706174661674,0.49074970185756683,0.4675206243991852
1706174661685,0.48933321237564087,0.4617273658514023
1706174661695,0.48777250945568085,0.46635718643665314
1706174661707,0.48631520569324493,0.46116089820861816
1706174661746,0.48809413611888885,0.46953894197940826
1706174661747,0.4881087839603424,0.47004976868629456
1706174661750,0.48910076916217804,0.46884532272815704
1706174661764,0.48894457519054413,0.4679311364889145
1706174661773,0.49037599563598633,0.4710984528064728
1706174661784,0.4878549575805664,0.46866343915462494
1706174661795,0.486847385764122,0.4687100052833557
1706174661806,0.4868761748075485,0.46523961424827576
1706174661817,0.48696357011795044,0.46931178867816925
1706174661828,0.48013661801815033,0.4640171527862549
1706174661840,0.47538451850414276,0.4634273052215576
1706174661880,0.47123853862285614,0.4622953087091446
1706174661881,0.4717329442501068,0.46033570170402527
1706174661884,0.47138525545597076,0.4600180983543396
1706174661896,0.4711376279592514,0.46457599103450775
1706174661906,0.4710964560508728,0.4637090116739273
1706174661918,0.47121715545654297,0.46652035415172577
1706174661929,0.46877674758434296,0.4667152911424637
1706174661939,0.46905897557735443,0.47011758387088776
1706174661950,0.46932025253772736,0.46438737213611603
1706174661961,0.4710644781589508,0.4629632830619812
1706174661972,0.47198450565338135,0.46129414439201355
1706174661984,0.47100621461868286,0.4676210731267929
1706174661995,0.4697856307029724,0.48263074457645416
1706174662031,0.4725812077522278,0.5146593451499939
1706174662032,0.474822074174881,0.5388968586921692
1706174662046,0.4825437068939209,0.5736940801143646
1706174662051,0.48244112730026245,0.5770615339279175
1706174662062,0.48250049352645874,0.5759652256965637
1706174662073,0.48079635202884674,0.5667690634727478
1706174662084,0.4822850674390793,0.5648846328258514
1706174662095,0.4837440103292465,0.5677500069141388
1706174662106,0.48603980243206024,0.5720213651657104
1706174662117,0.48402436077594757,0.5724996030330658
1706174662128,0.480423241853714,0.5687805414199829
1706174662140,0.48035022616386414,0.5690506398677826
1706174662181,0.48233263194561005,0.5683779716491699
1706174662182,0.4821055680513382,0.5663152635097504
1706174662184,0.48056161403656006,0.565057784318924
1706174662199,0.4828229695558548,0.5699195563793182
1706174662206,0.48131634294986725,0.5722185671329498
1706174662218,0.4821920245885849,0.573093831539154
1706174662229,0.47999128699302673,0.5719334185123444
1706174662240,0.48147164285182953,0.5725172162055969
1706174662251,0.48099036514759064,0.5725686252117157
1706174662262,0.4820455461740494,0.5714247226715088
1706174662273,0.4823777973651886,0.5689601004123688
1706174662285,0.48280858993530273,0.5695852935314178
1706174662295,0.48052477836608887,0.5730868279933929
1706174662333,0.48015786707401276,0.5718823373317719
1706174662334,0.4813339114189148,0.5653727054595947
1706174662339,0.5153832733631134,0.5760628879070282
1706174662350,0.576521247625351,0.5875371992588043
1706174662361,0.6965518295764923,0.6166940033435822
1706174662372,0.7661181688308716,0.6152824461460114
1706174662384,0.8091139197349548,0.6232723891735077
1706174662394,0.8152734935283661,0.6271608173847198
1706174662406,0.8151453137397766,0.6230263710021973
1706174662417,0.8160631358623505,0.6208006143569946
1706174662428,0.8156079351902008,0.6225259900093079
1706174662467,0.817304939031601,0.6244380176067352
1706174662468,0.817204624414444,0.6264248788356781
1706174662473,0.8165173232555389,0.6218922138214111
1706174662486,0.8142421543598175,0.6246774792671204
1706174662495,0.812917560338974,0.624456912279129
1706174662506,0.8066422939300537,0.6256268620491028
1706174662517,0.7981082499027252,0.6284306347370148
1706174662528,0.7804273962974548,0.642225056886673
1706174662539,0.7800528705120087,0.6443286538124084
1706174662550,0.7821899652481079,0.6470142900943756
1706174662562,0.781374990940094,0.6498814821243286
1706174662573,0.7815008759498596,0.6515567898750305
1706174662584,0.7788248658180237,0.6508596837520599
1706174662615,0.7776959240436554,0.6505963802337646
1706174662616,0.77801513671875,0.6502923667430878
1706174662617,0.7789233326911926,0.6481105089187622
1706174662634,0.7777622640132904,0.6480781733989716
1706174662640,0.7775361239910126,0.6464327871799469
1706174662652,0.7775078117847443,0.649535208940506
1706174662662,0.7806914448738098,0.6540509760379791
1706174662673,0.7807115018367767,0.6566131711006165
1706174662684,0.7694345414638519,0.6516851186752319
1706174662695,0.7122657597064972,0.6326377391815186
1706174662705,0.682556688785553,0.630978912115097
1706174662717,0.612370103597641,0.6157553791999817
1706174662728,0.4924268275499344,0.5972364246845245
1706174662771,0.48181748390197754,0.6001988351345062
1706174662772,0.47597385942935944,0.6027132272720337
1706174662790,0.48333342373371124,0.6043101251125336
1706174662794,0.4805148243904114,0.6026399731636047
1706174662806,0.47992686927318573,0.6043334007263184
1706174662817,0.47983498871326447,0.6062165200710297
1706174662828,0.48303206264972687,0.6031628251075745
1706174662839,0.48407885432243347,0.6002473533153534
1706174662850,0.48376190662384033,0.5959285795688629
1706174662861,0.484377920627594,0.5950526595115662
1706174662872,0.48283088207244873,0.5989683270454407
1706174662884,0.4818364083766937,0.6001970171928406
1706174662919,0.47745226323604584,0.6023216247558594
1706174662920,0.47833962738513947,0.5973179936408997
1706174662928,0.48341137170791626,0.6258107721805573
1706174662939,0.48446668684482574,0.6154227256774902
1706174662951,0.4899713546037674,0.6475886702537537
1706174662960,0.5104485750198364,0.5929421782493591
1706174662971,0.5349736213684082,0.72580486536026
1706174662982,nan,nan
1706174662993,nan,nan
1706174663004,nan,nan
1706174663015,nan,nan
1706174663026,nan,nan
1706174663047,nan,nan
1706174663067,nan,nan
1706174663068,nan,nan
1706174663082,nan,nan
1706174663091,nan,nan
1706174663101,nan,nan
1706174663121,nan,nan
1706174663140,nan,nan
1706174663151,nan,nan
1706174663161,nan,nan
1706174663201,nan,nan
1706174663202,nan,nan
1706174663206,nan,nan
1706174663219,nan,nan
1706174663227,nan,nan
1706174663240,nan,nan
1706174663251,nan,nan
1706174663261,nan,nan
1706174663272,nan,nan
1706174663284,nan,nan
1706174663294,nan,nan
1706174663306,nan,nan
1706174663328,nan,nan
1706174663350,nan,nan
1706174663351,nan,nan
1706174663367,nan,nan
1706174663373,nan,nan
1706174663386,nan,nan
1706174663394,nan,nan
1706174663406,nan,nan
1706174663418,nan,nan
1706174663428,nan,nan
1706174663439,nan,nan
1706174663451,nan,nan
1706174663460,nan,nan
1706174663502,nan,nan
1706174663503,nan,nan
1706174663505,nan,nan
1706174663519,nan,nan
1706174663527,nan,nan
1706174663539,nan,nan
1706174663551,nan,nan
1706174663561,nan,nan
1706174663572,nan,nan
1706174663584,nan,nan
1706174663594,nan,nan
1706174663606,nan,nan
1706174663628,nan,nan
