timestamp,x,y
1702296998481,1310.9689331054688,756.1746740341187
1702296998492,1307.37548828125,760.3626537322998
1702296998529,1306.0018920898438,756.3397264480591
1702296998537,1324.2951965332031,759.7776317596436
1702296998548,1317.6371002197266,762.9811334609985
1702296998559,1311.4369201660156,762.708535194397
1702296998569,1306.7602920532227,762.1571588516235
1702296998580,1305.866813659668,770.4159593582153
1702296998591,1305.5775833129883,762.6163959503174
1702296998602,1305.5084228515625,763.3535099029541
1702296998613,1307.4053955078125,760.0246524810791
1702296998625,1260.482063293457,714.3862867355347
1702296998666,1217.5885009765625,639.8215627670288
1702296998669,917.9553985595703,199.92528319358826
1702296998681,899.399299621582,181.95390343666077
1702296998694,889.4031524658203,195.28343081474304
1702296998703,889.6187591552734,198.80683422088623
1702296998714,888.6138153076172,199.20901536941528
1702296998725,896.1574554443359,198.26368689537048
1702296998736,900.2228927612305,197.17932879924774
1702296998747,906.9320297241211,191.05065286159515
1702296998758,898.3043670654297,178.29397559165955
1702296998769,889.8131942749023,187.00218558311462
1702296998780,887.3494338989258,192.5185775756836
1702296998815,892.8798294067383,205.62833547592163
1702296998832,661.2766647338867,151.19382083415985
1702296998835,592.2348213195801,138.6023461818695
1702296998847,528.7349891662598,131.29399180412292
1702296998858,382.4237251281738,104.55789864063263
1702296998869,374.8395347595215,100.61030924320221
1702296998880,376.4384078979492,103.01815509796143
1702296998891,380.02758026123047,123.75032722949982
1702296998903,375.9977912902832,128.42894196510315
1702296998914,375.35486221313477,123.447784781456
1702296998946,375.77701568603516,113.11721384525299
1702296998947,371.5176773071289,115.41818976402283
1702296998961,352.9120635986328,121.86819434165955
1702296998969,358.0307197570801,120.0455904006958
1702296998981,364.2289733886719,110.42184591293335
1702296998991,370.9010696411133,117.88466334342957
1702296999002,370.57151794433594,115.20874679088593
1702296999014,369.57902908325195,124.31999087333679
1702296999025,380.4982566833496,118.89155387878418
1702296999036,423.41691970825195,119.8956897854805
1702296999047,504.35672760009766,108.48837822675705
1702296999059,782.8646469116211,124.05977368354797
1702296999095,819.4724655151367,122.87788510322571
1702296999096,827.8349685668945,122.06483781337738
1702296999103,832.1828460693359,132.67931520938873
1702296999114,836.1432647705078,127.50794112682343
1702296999127,825.5436325073242,113.67127239704132
1702296999135,822.4526977539062,110.64191043376923
1702296999147,825.3686141967773,117.77069091796875
1702296999158,828.1472778320312,123.74914169311523
1702296999169,834.8677062988281,126.04016125202179
1702296999180,834.2090225219727,130.78863143920898
1702296999191,838.1912231445312,138.39815497398376
1702296999230,837.6204681396484,138.08934688568115
1702296999231,831.3629150390625,124.80304598808289
1702296999235,827.5486373901367,125.86847305297852
1702296999247,860.595817565918,121.80927157402039
1702296999259,1050.8087158203125,96.35315537452698
1702296999269,1121.5589904785156,97.78041779994965
1702296999280,1160.5804443359375,94.35690253973007
1702296999291,1184.946632385254,121.55803978443146
1702296999302,1181.2954711914062,125.44595539569855
1702296999313,1193.3002853393555,140.6974732875824
1702296999325,1202.1327590942383,179.75297391414642
1702296999336,1208.236198425293,177.1125966310501
1702296999347,1204.762954711914,172.57180452346802
1702296999381,1195.084571838379,188.44287514686584
1702296999382,1195.2376174926758,198.09751868247986
1702296999396,1226.6999435424805,200.67194044589996
1702296999402,1220.9142303466797,193.43141913414001
1702296999414,1218.5731887817383,195.70345401763916
1702296999424,1202.6237869262695,168.80384266376495
1702296999435,1235.7329559326172,160.85890352725983
1702296999446,1278.668327331543,157.14300334453583
1702296999458,1396.534423828125,120.71645379066467
1702296999469,1403.6479187011719,130.5775898694992
1702296999480,1394.8651885986328,128.85149717330933
1702296999514,1383.150634765625,121.74668490886688
1702296999515,1385.2232360839844,117.71294295787811
1702296999531,1391.7979431152344,122.66070127487183
1702296999535,1385.4864501953125,126.72562658786774
1702296999547,1378.5397338867188,132.47401893138885
1702296999558,1375.4984283447266,133.92331838607788
1702296999569,1387.0182037353516,125.63871502876282
1702296999580,1413.3171081542969,115.38233935832977
1702296999591,1487.5947570800781,106.34368658065796
1702296999602,1499.3848419189453,113.36188495159149
1702296999613,1501.4839172363281,116.19568169116974
1702296999625,1491.510238647461,137.29482293128967
1702296999664,1488.5731506347656,132.13149547576904
1702296999669,1487.761459350586,151.95522487163544
1702296999680,1482.4974060058594,152.44048476219177
1702296999691,1476.819076538086,154.72516357898712
1702296999703,1480.8293914794922,160.70919334888458
1702296999714,1482.8524017333984,162.6101553440094
1702296999725,1490.5854797363281,151.9061779975891
1702296999736,1476.0067749023438,151.2136745452881
1702296999747,1409.3374633789062,153.07768642902374
1702296999758,1100.004997253418,148.41873228549957
1702296999796,984.4800567626953,157.5834596157074
1702296999797,882.7239990234375,179.7438383102417
1702296999802,563.9820098876953,245.48286080360413
1702296999813,521.8241119384766,245.94679713249207
1702296999826,453.69157791137695,241.68035745620728
1702296999835,457.3677062988281,250.7588517665863
1702296999846,456.83759689331055,255.61338186264038
1702296999857,469.7836494445801,272.44844913482666
1702296999868,462.5440216064453,269.1932773590088
1702296999879,463.4085464477539,259.3910479545593
1702296999891,459.30164337158203,257.6872444152832
1702296999902,463.7104797363281,255.3051209449768
1702296999912,461.87334060668945,265.9528148174286
1702296999947,456.5035820007324,270.8048987388611
1702296999948,455.78760147094727,274.54087257385254
1702296999964,398.4876251220703,318.60950231552124
1702296999969,375.26525497436523,319.0275299549103
1702296999979,372.13342666625977,320.2887153625488
1702296999991,378.2394027709961,310.1756715774536
1702297000002,385.6863594055176,313.72013568878174
1702297000013,387.9063034057617,317.75851249694824
1702297000024,405.0778007507324,330.0257992744446
1702297000036,399.29216384887695,332.63360381126404
1702297000046,400.9364891052246,326.73558712005615
1702297000083,388.4670829772949,318.14865589141846
1702297000091,416.8305206298828,344.4936239719391
1702297000102,415.64090728759766,354.9234902858734
1702297000115,412.61728286743164,349.47665333747864
1702297000124,403.68221282958984,338.23261857032776
1702297000136,449.0908432006836,329.25222873687744
1702297000146,468.1429862976074,329.7125279903412
1702297000157,628.6676406860352,324.28765296936035
1702297000168,632.8653907775879,331.0951638221741
1702297000179,637.4664497375488,330.81702947616577
1702297000190,639.9934577941895,318.9128601551056
1702297000211,634.283447265625,309.53200578689575
1702297000231,632.3361968994141,311.6171443462372
1702297000235,644.5212936401367,332.6598358154297
1702297000249,647.2150039672852,334.0163254737854
1702297000257,641.0946273803711,344.8716330528259
1702297000269,643.1401062011719,354.5699429512024
1702297000279,639.2929458618164,356.5393924713135
1702297000290,510.20315170288086,306.8131148815155
1702297000301,466.6954040527344,309.88542437553406
1702297000312,437.34588623046875,304.6299362182617
1702297000324,382.31067657470703,352.7131247520447
1702297000365,375.0588607788086,354.7662377357483
1702297000368,380.72509765625,382.115113735199
1702297000381,382.4204635620117,384.75670337677
1702297000390,396.75487518310547,405.76213359832764
1702297000402,383.7264633178711,373.9016103744507
1702297000412,379.74082946777344,375.6064438819885
1702297000424,387.38426208496094,376.0331082344055
1702297000435,393.9414978027344,376.4237666130066
1702297000445,396.0444641113281,374.52107191085815
1702297000457,374.05433654785156,355.94282627105713
1702297000469,365.6818199157715,353.97000789642334
1702297000479,366.6921615600586,357.28094816207886
1702297000517,445.3699493408203,341.9439375400543
1702297000518,619.4903182983398,330.7052671909332
1702297000524,1046.4235305786133,264.7450590133667
1702297000535,1085.197868347168,251.43783688545227
1702297000546,1094.3229293823242,249.02702450752258
1702297000557,1096.4593887329102,252.99221992492676
1702297000568,1102.0487976074219,254.78766918182373
1702297000578,1102.9389190673828,259.1743791103363
1702297000590,1096.2840270996094,258.7485945224762
1702297000601,1096.475830078125,253.67929458618164
1702297000611,1096.609001159668,254.4933021068573
1702297000646,1102.6180267333984,269.65285778045654
1702297000648,1107.8865432739258,277.71984815597534
1702297000663,1105.1365661621094,264.60445761680603
1702297000668,1104.2337799072266,264.7785758972168
1702297000681,1107.5996398925781,268.19079637527466
1702297000690,1105.4353332519531,269.18617486953735
1702297000701,1106.5053939819336,268.4953773021698
1702297000712,1105.5024337768555,273.51478815078735
1702297000723,1104.5596313476562,268.49649310112
1702297000734,1106.4189147949219,262.78236865997314
1702297000745,1104.2266082763672,264.0959966182709
1702297000757,1108.7522888183594,270.7985258102417
1702297000778,1082.970314025879,266.88740372657776
1702297000798,1067.2700119018555,254.89941000938416
1702297000799,926.7020034790039,258.96519899368286
1702297000801,917.7021026611328,269.5414066314697
1702297000815,918.8894653320312,271.1899673938751
1702297000824,928.4075546264648,263.8804221153259
1702297000836,925.687370300293,262.0895540714264
1702297000845,928.2204818725586,265.4755747318268
1702297000857,931.8785095214844,256.886647939682
1702297000868,926.363525390625,258.079651594162
1702297000879,925.6589508056641,257.16129541397095
1702297000891,921.6616439819336,254.9679458141327
1702297000902,942.6109313964844,277.0729637145996
1702297000912,962.0844268798828,313.8975691795349
1702297000951,1212.0418548583984,722.3562669754028
1702297000956,1261.7831420898438,864.8931455612183
1702297000969,1267.1958541870117,861.0070753097534
1702297000978,1267.154197692871,864.774227142334
1702297000991,1268.3116912841797,865.4131937026978
1702297001001,1275.2226638793945,873.5451793670654
1702297001011,1276.9306945800781,868.7105083465576
1702297001023,1261.3402557373047,874.4156312942505
1702297001034,1255.3579330444336,865.0970792770386
1702297001045,1260.7770919799805,864.4478130340576
1702297001057,1265.6465148925781,859.2195224761963
1702297001068,1258.8354873657227,864.6609306335449
1702297001102,1254.4303512573242,861.4558839797974
1702297001112,1262.5507354736328,864.928765296936
1702297001123,1260.904312133789,864.1753435134888
1702297001136,1265.5696105957031,861.3253784179688
1702297001145,1264.0690231323242,858.4850692749023
1702297001157,1312.5421905517578,834.8840761184692
1702297001168,1330.1900482177734,825.8988904953003
1702297001178,1338.2466888427734,822.9478168487549
1702297001190,1362.0652770996094,827.343807220459
1702297001201,1358.5210418701172,832.4823617935181
1702297001212,1359.9327087402344,834.4646644592285
1702297001250,1364.1241455078125,822.261471748352
1702297001251,1365.2202606201172,824.44899559021
1702297001257,1363.922119140625,825.4624843597412
1702297001268,1358.7330627441406,823.3716917037964
1702297001279,1359.1959381103516,822.5737237930298
1702297001291,1364.247055053711,835.4273843765259
1702297001301,1370.17578125,829.5927858352661
1702297001312,1370.1870727539062,833.1741142272949
1702297001323,1400.2967071533203,840.7999134063721
1702297001334,1403.0278015136719,844.1815137863159
1702297001345,1406.0774230957031,844.9528312683105
1702297001356,1406.7662048339844,840.2625703811646
1702297001367,1413.5369873046875,846.0230112075806
1702297001398,1417.2171020507812,842.4616813659668
1702297001399,1419.3496704101562,837.2295713424683
1702297001400,1413.6383819580078,833.0387592315674
1702297001414,1409.6142578125,837.4374961853027
1702297001423,1408.9082336425781,847.1039628982544
1702297001434,1409.150161743164,844.3678522109985
1702297001445,1410.4035186767578,839.3816041946411
1702297001456,1407.8025817871094,834.3538570404053
1702297001467,1412.4188232421875,831.6682147979736
1702297001478,1414.925537109375,834.2884969711304
1702297001489,1401.1061096191406,845.7150077819824
1702297001501,1399.5355224609375,863.1494522094727
1702297001511,1394.6391296386719,864.3252897262573
1702297001548,1418.5919189453125,946.3898134231567
1702297001549,1407.7117156982422,884.3220806121826
1702297001556,1397.6315307617188,860.0840520858765
1702297001567,1399.6695709228516,858.4910774230957
1702297001579,1398.8260650634766,857.1299314498901
1702297001590,1408.8618469238281,848.9386796951294
1702297001601,1406.820068359375,847.5077962875366
1702297001611,1407.2212982177734,848.1323432922363
1702297001623,1402.7587127685547,858.5215044021606
1702297001634,1401.9148254394531,869.3926906585693
1702297001644,1402.0356750488281,870.5893421173096
1702297001657,1408.5699462890625,859.3816137313843
1702297001699,1408.253173828125,850.4934597015381
1702297001700,1379.2005157470703,861.383056640625
1702297001714,1383.4662628173828,860.821852684021
1702297001722,1377.272720336914,900.4083824157715
1702297001733,1366.7666625976562,880.5931234359741
1702297001744,1357.2682189941406,886.8240451812744
1702297001755,1370.2578735351562,859.4658136367798
1702297001767,1371.6661834716797,883.1434965133667
1702297001777,1376.0301208496094,877.6144552230835
1702297001789,1382.6862335205078,856.5354251861572
1702297001800,1373.9640045166016,855.7942771911621
1702297001835,1378.131332397461,856.540060043335
1702297001836,1373.508529663086,860.9227466583252
1702297001850,1372.4644470214844,857.3407316207886
1702297001856,1372.7879333496094,873.0000686645508
1702297001867,1380.5612182617188,868.2681369781494
1702297001878,1378.5438537597656,871.8499374389648
1702297001890,1399.4180297851562,862.6946353912354
1702297001899,1402.0209503173828,848.227744102478
1702297001910,1399.5641326904297,845.3139209747314
1702297001922,1293.3625793457031,809.8836135864258
1702297001932,1274.091796875,789.5176219940186
1702297001944,1271.853256225586,775.5489349365234
1702297001963,1279.8096466064453,734.8124027252197
1702297001981,1281.2277221679688,743.4006214141846
1702297001982,1286.279296875,735.9479427337646
1702297001987,1287.7505493164062,755.862979888916
1702297001999,1287.6165771484375,753.4507942199707
1702297002010,1279.8812866210938,757.1363639831543
1702297002020,1269.3600463867188,746.9318675994873
1702297002032,1275.9931945800781,749.8143196105957
1702297002043,1286.0591125488281,745.6725597381592
1702297002054,1290.13916015625,739.7638034820557
1702297002065,1286.0987854003906,732.1041870117188
1702297002076,1277.296142578125,735.2722835540771
1702297002087,1271.1195373535156,749.9443531036377
1702297002098,1273.7047576904297,752.2341442108154
1702297002132,1271.2110900878906,761.5849685668945
1702297002133,1256.6902923583984,749.0417575836182
1702297002149,1257.955551147461,753.4350872039795
1702297002154,1377.7760314941406,781.8450450897217
1702297002165,1406.8592834472656,798.0569171905518
1702297002176,1442.2297668457031,783.8700485229492
1702297002187,nan,nan
1702297002198,nan,nan
1702297002209,nan,nan
1702297002220,nan,nan
1702297002231,nan,nan
1702297002242,nan,nan
1702297002253,nan,nan
1702297002284,nan,nan
1702297002286,nan,nan
1702297002301,nan,nan
1702297002309,nan,nan
1702297002320,nan,nan
1702297002330,nan,nan
1702297002348,nan,nan
1702297002368,nan,nan
1702297002379,nan,nan
1702297002389,nan,nan
1702297002401,nan,nan
1702297002436,nan,nan
1702297002454,nan,nan
1702297002456,nan,nan
1702297002470,nan,nan
1702297002479,nan,nan
1702297002489,nan,nan
1702297002501,nan,nan
1702297002513,nan,nan
1702297002522,nan,nan
1702297002535,nan,nan
1702297002547,nan,nan
1702297002585,nan,nan
1702297002586,nan,nan
1702297002589,nan,nan
1702297002601,nan,nan
1702297002614,nan,nan
1702297002623,nan,nan
1702297002634,nan,nan
1702297002647,nan,nan
1702297002656,nan,nan
1702297002668,nan,nan
1702297002680,nan,nan
1702297002690,nan,nan
1702297002701,nan,nan
1702297002734,nan,nan
1702297002735,nan,nan
1702297002750,nan,nan
1702297002756,nan,nan
1702297002767,nan,nan
1702297002780,nan,nan
1702297002789,nan,nan
1702297002800,nan,nan
1702297002813,nan,nan
1702297002822,nan,nan
1702297002834,nan,nan
1702297002846,nan,nan
1702297002865,nan,nan
1702297002885,nan,nan
1702297002886,nan,nan
1702297002890,nan,nan
1702297002901,nan,nan
1702297002912,nan,nan
1702297002923,nan,nan
1702297002934,nan,nan
1702297002946,nan,nan
1702297002956,nan,nan
1702297002968,nan,nan
1702297002979,nan,nan
1702297003019,nan,nan
1702297003020,nan,nan
1702297003023,nan,nan
1702297003035,nan,nan
1702297003049,nan,nan
1702297003056,nan,nan
1702297003068,nan,nan
1702297003080,nan,nan
1702297003088,nan,nan
1702297003100,nan,nan
1702297003113,nan,nan
1702297003122,nan,nan
1702297003141,nan,nan
1702297003167,nan,nan
1702297003168,nan,nan
1702297003182,nan,nan
1702297003190,nan,nan
1702297003202,nan,nan
1702297003213,nan,nan
1702297003224,nan,nan
1702297003235,nan,nan
1702297003246,nan,nan
1702297003258,nan,nan
1702297003270,nan,nan
1702297003280,nan,nan
1702297003318,nan,nan
1702297003319,nan,nan
1702297003325,1277.596206665039,519.0407466888428
1702297003336,1277.596206665039,519.0407466888428
1702297003348,1277.7264404296875,520.4829597473145
1702297003358,1271.86767578125,572.3032379150391
1702297003370,1271.86767578125,572.3032379150391
1702297003381,1285.9106826782227,542.1659803390503
1702297003393,1268.1120681762695,491.53769731521606
1702297003404,1268.732795715332,486.1959385871887
1702297003415,1263.9046478271484,490.59679985046387
1702297003453,1267.379379272461,485.2519941329956
1702297003454,1264.8102951049805,487.8540372848511
1702297003460,1264.7090148925781,482.0885109901428
1702297003471,1259.581298828125,476.3970994949341
1702297003483,1252.2441864013672,482.9088592529297
1702297003493,1250.065803527832,488.4040832519531
1702297003504,1248.3883666992188,498.4879231452942
1702297003515,1254.4512176513672,491.64071559906006
1702297003527,1254.654426574707,490.5875515937805
1702297003538,1255.577507019043,494.8608469963074
1702297003549,1254.513931274414,519.1325426101685
1702297003560,1347.171859741211,713.4277296066284
1702297003603,1369.3531036376953,744.6718597412109
1702297003604,1380.7762145996094,772.96311378479
1702297003621,1373.922348022461,761.1393356323242
1702297003627,1372.1276092529297,775.1921796798706
1702297003638,1375.4608154296875,780.6907939910889
1702297003649,1374.3107604980469,781.6649293899536
1702297003659,1380.3581237792969,777.9958391189575
1702297003670,1376.5642547607422,773.8725757598877
1702297003681,1376.0247802734375,775.5010414123535
1702297003692,1369.9281311035156,773.7425422668457
1702297003704,1370.2976989746094,778.4902667999268
1702297003715,1371.2568664550781,771.3313436508179
1702297003755,1372.908706665039,774.3741273880005
1702297003760,1384.3035888671875,780.1720333099365
1702297003771,1377.909927368164,780.5284023284912
1702297003782,1372.1024322509766,777.4951028823853
1702297003793,1376.1897277832031,777.5618362426758
1702297003804,1381.3257598876953,776.6326332092285
1702297003815,1373.8227081298828,776.3399934768677
1702297003826,1373.4728240966797,773.764214515686
1702297003837,1373.3403015136719,779.8073387145996
1702297003848,1386.8889617919922,780.0305414199829
1702297003860,1377.9368591308594,786.269359588623
1702297003900,1376.9548797607422,781.0554027557373
1702297003901,1373.4625244140625,784.868860244751
1702297003904,1382.480697631836,790.6947040557861
1702297003915,1378.8631439208984,788.5916805267334
1702297003929,1335.2362823486328,793.7547397613525
1702297003937,1307.6180267333984,777.2188997268677
1702297003949,1287.4249649047852,766.9916582107544
1702297003960,1221.5763092041016,750.856990814209
1702297003971,1226.4350128173828,757.5713109970093
1702297003982,1221.416130065918,762.9226398468018
1702297003993,1221.9995880126953,769.8225688934326
1702297004004,1223.1953048706055,772.7496957778931
1702297004015,1224.1197967529297,774.8629331588745
1702297004052,1219.9838638305664,777.0713138580322
1702297004053,1214.1957473754883,769.2780590057373
1702297004059,1218.0703353881836,765.9349536895752
1702297004071,1222.7252960205078,767.9364395141602
1702297004084,1219.8052597045898,772.2202491760254
1702297004093,1225.660743713379,777.304515838623
1702297004104,1227.846565246582,786.8896150588989
1702297004115,1235.8487701416016,783.2947254180908
1702297004126,1242.472267150879,784.3582105636597
1702297004138,1243.2543563842773,778.1986999511719
1702297004148,1237.7595138549805,786.2306070327759
1702297004187,1230.6862258911133,782.7413749694824
1702297004193,1216.5963745117188,780.7193756103516
1702297004205,1214.8623657226562,773.1077814102173
1702297004215,1217.6602935791016,777.2717714309692
1702297004227,1200.5102157592773,782.7221918106079
1702297004237,1199.3918228149414,784.7253084182739
1702297004249,1104.7784423828125,770.2760553359985
1702297004259,547.7583312988281,760.8082437515259
1702297004270,536.1379051208496,768.9373540878296
1702297004281,482.0920944213867,778.3669710159302
1702297004292,391.13338470458984,788.8743209838867
1702297004304,378.63264083862305,790.0182294845581
1702297004337,384.59802627563477,793.3199214935303
1702297004338,363.9668846130371,791.6923999786377
1702297004348,370.4463768005371,779.4958162307739
1702297004359,366.57093048095703,776.7945957183838
1702297004371,364.3972969055176,774.57359790802
1702297004381,359.5832061767578,787.1998929977417
1702297004393,356.978816986084,793.3970832824707
1702297004403,354.02868270874023,799.5856046676636
1702297004415,355.6479835510254,793.174352645874
1702297004426,361.73057556152344,802.3747158050537
1702297004437,362.1402168273926,792.9732513427734
1702297004448,359.62669372558594,799.6713495254517
1702297004484,353.5946464538574,793.0026912689209
1702297004485,357.4897003173828,786.7293691635132
1702297004498,360.60720443725586,785.8315801620483
1702297004504,356.7769241333008,788.9144897460938
1702297004515,361.6513442993164,778.7616634368896
1702297004526,362.9696273803711,785.5714273452759
1702297004537,363.57677459716797,783.9087581634521
1702297004548,366.88547134399414,783.4157466888428
1702297004560,397.3866271972656,776.4564228057861
1702297004570,402.8433418273926,780.8125877380371
1702297004582,399.1290283203125,785.2206802368164
1702297004618,385.56650161743164,783.0109691619873
1702297004619,385.9535789489746,778.5154581069946
1702297004626,390.15743255615234,793.0718278884888
1702297004637,390.99903106689453,795.9181022644043
1702297004649,391.560001373291,793.2613849639893
1702297004659,396.4806365966797,786.8884134292603
1702297004670,394.18291091918945,779.4968032836914
1702297004681,403.824462890625,790.2222919464111
1702297004693,398.9768600463867,798.7861776351929
1702297004704,396.9064140319824,806.061487197876
1702297004715,395.08167266845703,790.7890319824219
1702297004726,400.1905822753906,789.2121934890747
1702297004747,407.0417785644531,787.2487735748291
1702297004769,403.8944625854492,800.3906106948853
1702297004770,596.928825378418,793.7726783752441
1702297004785,795.5576324462891,802.189450263977
1702297004793,1143.7431335449219,826.6684055328369
1702297004805,1185.8010482788086,837.6073980331421
1702297004815,1191.9574737548828,838.1282186508179
1702297004826,1188.8591766357422,827.1689701080322
1702297004837,1193.6468124389648,828.2065343856812
1702297004847,1203.3075714111328,825.5846214294434
1702297004859,1204.9241638183594,826.5091037750244
1702297004870,1201.6613006591797,826.7390012741089
1702297004881,1197.6733016967773,828.4755277633667
1702297004919,1205.9032821655273,837.1719360351562
1702297004920,1209.8580932617188,836.8606281280518
1702297004925,1212.7481079101562,832.9104852676392
1702297004936,1213.2691192626953,836.7060899734497
1702297004948,1212.460594177246,835.2782535552979
1702297004959,1210.0748443603516,839.1755676269531
1702297004970,1211.048469543457,837.8929138183594
1702297004981,1211.2480163574219,849.028844833374
1702297004993,1196.9897842407227,849.3792486190796
1702297005003,1147.4301147460938,845.0259160995483
1702297005014,1065.5818557739258,826.0455751419067
1702297005054,617.6716804504395,814.0443849563599
1702297005055,536.7293357849121,814.5648622512817
1702297005058,434.65776443481445,823.0124473571777
1702297005072,425.69189071655273,816.6128253936768
1702297005081,427.0580291748047,820.1884889602661
1702297005093,422.8407287597656,823.0317163467407
1702297005104,431.01680755615234,834.3670749664307
1702297005115,430.18444061279297,831.5531587600708
1702297005126,423.30135345458984,825.9815454483032
1702297005137,420.3335762023926,830.2622652053833
1702297005148,416.003475189209,827.8233432769775
1702297005158,418.72907638549805,827.5038385391235
1702297005169,412.7391242980957,821.7920637130737
1702297005201,416.14160537719727,826.9259405136108
1702297005202,410.68212509155273,835.4938173294067
1702297005203,413.25023651123047,838.4136486053467
1702297005218,410.5708312988281,836.2832021713257
1702297005225,413.20423126220703,827.6493644714355
1702297005236,414.0655326843262,825.1701021194458
1702297005248,415.55419921875,830.7863903045654
1702297005259,417.8521537780762,840.4781770706177
1702297005270,417.6295280456543,832.2369718551636
1702297005281,423.2992362976074,827.6413822174072
1702297005292,419.6083068847656,827.3935461044312
1702297005334,426.7682647705078,837.4610137939453
1702297005335,423.4787178039551,834.2793989181519
1702297005336,390.16536712646484,829.8410940170288
1702297005349,384.5270538330078,829.7626876831055
1702297005358,394.1849899291992,828.4503793716431
1702297005369,388.77153396606445,827.4006271362305
1702297005380,389.58154678344727,832.4442100524902
1702297005391,387.36806869506836,836.6026639938354
1702297005403,392.11408615112305,837.3702049255371
1702297005414,389.20764923095703,831.6947793960571
1702297005425,386.4926528930664,827.7315473556519
1702297005436,383.1364059448242,829.2947816848755
1702297005447,379.7832489013672,832.1275806427002
1702297005466,383.2881736755371,830.6837797164917
1702297005486,383.1663131713867,831.5647459030151
1702297005487,398.76014709472656,838.2252502441406
1702297005492,523.9905738830566,876.2652826309204
1702297005503,590.6358909606934,885.6624126434326
1702297005513,752.3374176025391,875.3990364074707
1702297005525,1173.6784362792969,1025.5172538757324
1702297005536,nan,nan
1702297005546,nan,nan
1702297005557,nan,nan
1702297005568,nan,nan
1702297005579,nan,nan
1702297005620,nan,nan
1702297005621,nan,nan
1702297005624,nan,nan
1702297005636,nan,nan
1702297005644,nan,nan
1702297005656,nan,nan
1702297005666,nan,nan
1702297005678,nan,nan
1702297005689,nan,nan
1702297005700,nan,nan
1702297005711,nan,nan
1702297005723,nan,nan
1702297005734,nan,nan
1702297005751,nan,nan
1702297005771,nan,nan
1702297005772,nan,nan
1702297005778,nan,nan
1702297005789,nan,nan
1702297005802,nan,nan
1702297005811,nan,nan
1702297005823,nan,nan
1702297005833,nan,nan
1702297005844,nan,nan
1702297005856,nan,nan
1702297005867,nan,nan
1702297005902,nan,nan
1702297005903,nan,nan
1702297005917,nan,nan
1702297005923,nan,nan
1702297005933,nan,nan
1702297005945,nan,nan
1702297005955,nan,nan
1702297005966,nan,nan
1702297005977,nan,nan
1702297005988,nan,nan
1702297005999,nan,nan
1702297006010,nan,nan
1702297006032,nan,nan
1702297006053,nan,nan
1702297006056,nan,nan
1702297006069,nan,nan
1702297006077,nan,nan
1702297006090,nan,nan
1702297006100,nan,nan
1702297006111,nan,nan
1702297006122,nan,nan
1702297006133,nan,nan
1702297006144,nan,nan
1702297006185,nan,nan
1702297006186,nan,nan
1702297006188,nan,nan
1702297006200,nan,nan
1702297006211,nan,nan
1702297006222,nan,nan
1702297006233,nan,nan
1702297006244,nan,nan
1702297006256,nan,nan
1702297006266,nan,nan
1702297006277,nan,nan
1702297006289,nan,nan
1702297006300,nan,nan
1702297006335,nan,nan
1702297006336,nan,nan
1702297006351,nan,nan
1702297006356,nan,nan
1702297006367,nan,nan
1702297006377,nan,nan
1702297006388,nan,nan
1702297006400,nan,nan
1702297006410,nan,nan
1702297006422,nan,nan
1702297006433,nan,nan
1702297006444,nan,nan
1702297006455,nan,nan
1702297006486,nan,nan
1702297006487,nan,nan
1702297006488,nan,nan
1702297006503,nan,nan
1702297006511,nan,nan
1702297006522,nan,nan
1702297006533,nan,nan
1702297006544,nan,nan
1702297006555,nan,nan
1702297006566,nan,nan
1702297006577,nan,nan
1702297006619,nan,nan
1702297006622,nan,nan
1702297006636,nan,nan
1702297006644,nan,nan
1702297006656,nan,nan
1702297006666,nan,nan
1702297006677,nan,nan
1702297006689,nan,nan
1702297006700,nan,nan
1702297006711,nan,nan
1702297006729,nan,nan
1702297006754,nan,nan
1702297006755,nan,nan
1702297006769,nan,nan
1702297006776,nan,nan
1702297006789,nan,nan
1702297006799,nan,nan
1702297006811,nan,nan
1702297006822,nan,nan
1702297006833,nan,nan
1702297006844,nan,nan
1702297006855,nan,nan
1702297006866,nan,nan
1702297006903,nan,nan
1702297006904,nan,nan
1702297006925,nan,nan
1702297006934,nan,nan
1702297006947,nan,nan
1702297006957,nan,nan
1702297006968,nan,nan
1702297006981,nan,nan
1702297006990,nan,nan
1702297007002,nan,nan
1702297007039,nan,nan
1702297007040,nan,nan
1702297007055,nan,nan
1702297007057,nan,nan
1702297007068,nan,nan
1702297007080,nan,nan
1702297007089,nan,nan
1702297007101,nan,nan
1702297007112,nan,nan
1702297007123,nan,nan
1702297007135,nan,nan
1702297007146,nan,nan
1702297007156,nan,nan
1702297007188,nan,nan
1702297007189,nan,nan
1702297007206,nan,nan
1702297007213,nan,nan
1702297007225,nan,nan
1702297007235,nan,nan
1702297007246,nan,nan
1702297007257,nan,nan
1702297007269,nan,nan
1702297007279,nan,nan
1702297007298,nan,nan
1702297007338,nan,nan
1702297007340,nan,nan
1702297007354,nan,nan
1702297007362,nan,nan
1702297007373,nan,nan
1702297007386,nan,nan
1702297007395,nan,nan
1702297007407,nan,nan
1702297007419,nan,nan
1702297007429,nan,nan
1702297007440,nan,nan
1702297007452,nan,nan
1702297007486,nan,nan
1702297007487,nan,nan
1702297007501,nan,nan
1702297007507,nan,nan
1702297007520,nan,nan
1702297007529,nan,nan
1702297007541,nan,nan
1702297007552,nan,nan
1702297007562,nan,nan
1702297007574,nan,nan
1702297007585,nan,nan
1702297007622,nan,nan
1702297007623,nan,nan
1702297007629,nan,nan
1702297007640,nan,nan
1702297007653,nan,nan
1702297007662,nan,nan
1702297007674,nan,nan
1702297007685,nan,nan
1702297007695,nan,nan
1702297007706,nan,nan
1702297007718,nan,nan
1702297007727,nan,nan
1702297007750,nan,nan
1702297007771,nan,nan
1702297007773,nan,nan
1702297007786,nan,nan
1702297007794,nan,nan
1702297007807,nan,nan
1702297007818,nan,nan
1702297007827,nan,nan
1702297007840,nan,nan
1702297007852,nan,nan
1702297007861,nan,nan
1702297007873,nan,nan
1702297007907,nan,nan
1702297007908,nan,nan
1702297007924,nan,nan
1702297007927,nan,nan
1702297007940,nan,nan
1702297007952,nan,nan
1702297007961,nan,nan
1702297007973,nan,nan
1702297007985,nan,nan
1702297007995,nan,nan
1702297008007,nan,nan
1702297008019,nan,nan
1702297008057,nan,nan
1702297008062,nan,nan
1702297008073,nan,nan
1702297008087,nan,nan
1702297008096,nan,nan
1702297008106,nan,nan
1702297008117,nan,nan
1702297008127,nan,nan
1702297008139,nan,nan
1702297008151,nan,nan
1702297008188,nan,nan
1702297008189,nan,nan
1702297008195,nan,nan
1702297008207,nan,nan
1702297008218,nan,nan
1702297008228,nan,nan
1702297008240,nan,nan
1702297008251,nan,nan
1702297008262,nan,nan
1702297008274,nan,nan
1702297008293,nan,nan
1702297008307,nan,nan
1702297008337,nan,nan
1702297008338,nan,nan
1702297008339,nan,nan
1702297008354,nan,nan
1702297008362,nan,nan
1702297008373,nan,nan
1702297008384,1613.4489440917969,1199.0124893188477
1702297008395,1613.4489440917969,1199.0124893188477
1702297008406,1613.4489440917969,1199.0124893188477
1702297008418,nan,nan
1702297008429,nan,nan
1702297008440,nan,nan
1702297008471,1069.1401672363281,1016.1506366729736
1702297008473,1069.1401672363281,1016.1506366729736
1702297008488,nan,nan
1702297008495,nan,nan
1702297008507,nan,nan
1702297008518,nan,nan
1702297008529,nan,nan
1702297008540,nan,nan
1702297008551,nan,nan
1702297008562,1166.4932250976562,925.8423328399658
1702297008574,1174.7987365722656,918.5488700866699
1702297008585,1174.5135498046875,917.1609020233154
1702297008622,1200.7679748535156,851.2346935272217
1702297008623,1210.075912475586,859.0480327606201
1702297008630,1224.3871307373047,873.8188076019287
1702297008641,1217.3970031738281,867.1210098266602
1702297008653,1222.0210266113281,859.9441051483154
1702297008664,1216.19140625,839.8072814941406
1702297008676,1261.726951599121,946.8768167495728
1702297008686,1260.7331085205078,948.6845397949219
1702297008698,1236.3107681274414,871.8545293807983
1702297008709,1234.2754745483398,863.2602167129517
1702297008719,1234.0037536621094,858.7083148956299
1702297008731,1229.0781784057617,863.4489583969116
1702297008770,1228.632469177246,856.4259910583496
1702297008771,1232.7892684936523,856.3933753967285
1702297008775,1211.7741394042969,866.6935729980469
1702297008786,1207.6789093017578,870.41832447052
1702297008797,1213.753776550293,861.1819982528687
1702297008808,1209.3048095703125,864.3878602981567
1702297008819,1212.0766067504883,863.6956357955933
1702297008831,1221.4645385742188,870.246319770813
1702297008842,1224.050521850586,867.7758979797363
1702297008852,1227.8011322021484,869.2880630493164
1702297008864,1414.7623443603516,925.8353805541992
1702297008875,1982.5038146972656,1031.076807975769
1702297008885,2017.4632263183594,1026.5344762802124
1702297008922,2320.7821655273438,1190.7043361663818
1702297008923,nan,nan
1702297008929,nan,nan
1702297008940,nan,nan
1702297008953,nan,nan
1702297008963,nan,nan
1702297008973,nan,nan
1702297008984,nan,nan
1702297008995,nan,nan
1702297009005,nan,nan
1702297009024,nan,nan
1702297009053,nan,nan
1702297009072,nan,nan
1702297009074,nan,nan
1702297009086,nan,nan
1702297009097,nan,nan
1702297009108,nan,nan
1702297009118,nan,nan
1702297009129,nan,nan
1702297009140,nan,nan
1702297009150,nan,nan
1702297009168,nan,nan
1702297009205,nan,nan
1702297009210,nan,nan
1702297009222,nan,nan
1702297009234,nan,nan
1702297009243,nan,nan
1702297009255,nan,nan
1702297009265,nan,nan
1702297009276,nan,nan
1702297009288,nan,nan
1702297009299,nan,nan
1702297009310,nan,nan
1702297009322,nan,nan
1702297009356,nan,nan
1702297009371,nan,nan
1702297009377,nan,nan
1702297009388,nan,nan
1702297009398,nan,nan
1702297009410,nan,nan
1702297009422,nan,nan
1702297009431,nan,nan
1702297009443,nan,nan
1702297009456,nan,nan
1702297009491,nan,nan
1702297009492,nan,nan
1702297009498,nan,nan
1702297009510,nan,nan
1702297009522,nan,nan
1702297009531,nan,nan
1702297009543,nan,nan
1702297009555,nan,nan
1702297009564,nan,nan
1702297009576,nan,nan
1702297009588,nan,nan
1702297009621,nan,nan
1702297009622,nan,nan
1702297009637,nan,nan
1702297009643,nan,nan
1702297009656,nan,nan
1702297009664,nan,nan
1702297009676,nan,nan
1702297009688,nan,nan
1702297009698,nan,nan
1702297009709,nan,nan
1702297009722,nan,nan
1702297009732,nan,nan
1702297009772,nan,nan
1702297009773,nan,nan
1702297009776,nan,nan
1702297009789,nan,nan
1702297009799,nan,nan
1702297009810,nan,nan
1702297009822,nan,nan
1702297009832,nan,nan
1702297009843,nan,nan
1702297009855,nan,nan
1702297009865,nan,nan
1702297009906,nan,nan
1702297009907,nan,nan
1702297009909,nan,nan
1702297009923,nan,nan
1702297009931,nan,nan
1702297009942,nan,nan
1702297009954,nan,nan
1702297009964,nan,nan
1702297009976,nan,nan
1702297009987,nan,nan
1702297009997,nan,nan
1702297010009,nan,nan
1702297010021,nan,nan
1702297010058,nan,nan
1702297010059,nan,nan
1702297010064,nan,nan
1702297010078,nan,nan
1702297010088,nan,nan
1702297010098,nan,nan
1702297010110,nan,nan
1702297010121,nan,nan
1702297010131,nan,nan
1702297010143,nan,nan
1702297010155,nan,nan
1702297010164,nan,nan
1702297010187,nan,nan
1702297010207,nan,nan
1702297010210,nan,nan
1702297010225,nan,nan
1702297010232,nan,nan
1702297010243,nan,nan
1702297010255,nan,nan
1702297010264,nan,nan
1702297010276,nan,nan
1702297010288,nan,nan
1702297010298,nan,nan
1702297010337,nan,nan
1702297010339,nan,nan
1702297010342,nan,nan
1702297010354,nan,nan
1702297010364,nan,nan
1702297010375,nan,nan
1702297010388,nan,nan
1702297010397,nan,nan
1702297010408,nan,nan
1702297010421,nan,nan
1702297010431,nan,nan
1702297010452,nan,nan
1702297010472,nan,nan
1702297010473,nan,nan
1702297010476,nan,nan
1702297010488,nan,nan
1702297010498,nan,nan
1702297010509,nan,nan
1702297010521,nan,nan
1702297010531,nan,nan
1702297010542,nan,nan
1702297010554,nan,nan
1702297010564,nan,nan
1702297010576,nan,nan
1702297010607,nan,nan
1702297010608,nan,nan
1702297010609,nan,nan
1702297010623,nan,nan
1702297010631,nan,nan
1702297010642,nan,nan
1702297010654,nan,nan
1702297010664,nan,nan
1702297010676,nan,nan
1702297010688,nan,nan
1702297010697,nan,nan
1702297010710,nan,nan
1702297010722,nan,nan
1702297010757,nan,nan
1702297010764,nan,nan
1702297010775,nan,nan
1702297010788,nan,nan
1702297010797,nan,nan
1702297010809,nan,nan
1702297010821,nan,nan
1702297010830,nan,nan
1702297010842,nan,nan
1702297010854,nan,nan
1702297010890,nan,nan
1702297010898,nan,nan
1702297010908,nan,nan
1702297010921,nan,nan
1702297010930,nan,nan
1702297010941,nan,nan
1702297010954,nan,nan
1702297010964,nan,nan
1702297010975,nan,nan
1702297010987,nan,nan
1702297011005,nan,nan
1702297011039,nan,nan
1702297011043,nan,nan
1702297011054,nan,nan
1702297011067,nan,nan
1702297011076,nan,nan
1702297011088,nan,nan
1702297011097,nan,nan
1702297011114,nan,nan
1702297011135,nan,nan
1702297011174,nan,nan
1702297011175,nan,nan
1702297011179,nan,nan
1702297011191,1135.1937103271484,712.2277736663818
1702297011202,1160.7759475708008,678.4774947166443
1702297011213,1163.8043594360352,686.0537481307983
1702297011224,1184.3357849121094,733.576033115387
1702297011235,1185.2934265136719,730.9702563285828
1702297011246,1179.7406768798828,723.3263254165649
1702297011258,1180.8559799194336,682.7171659469604
1702297011268,1154.6453475952148,693.7551856040955
1702297011294,1155.4822158813477,742.9438304901123
1702297011316,1159.4544219970703,754.4720077514648
1702297011317,1159.4544219970703,754.4720077514648
1702297011324,1116.2896728515625,684.8209190368652
1702297011335,1179.5104217529297,646.6043543815613
1702297011348,1175.990219116211,668.9506101608276
1702297011358,1178.7410354614258,671.1453008651733
1702297011369,1173.6139297485352,673.7277102470398
1702297011380,1173.9529418945312,656.4162182807922
1702297011392,1168.2304382324219,669.8102688789368
1702297011403,1171.078872680664,683.4874534606934
1702297011414,1169.748764038086,680.8606266975403
1702297011435,1178.1498336791992,666.9973611831665
1702297011436,1173.7762069702148,664.7547769546509
1702297011457,1183.851318359375,665.0491547584534
1702297011458,1176.4485168457031,675.8433079719543
1702297011472,1184.4343566894531,664.2724514007568
1702297011480,1173.0096054077148,658.238639831543
1702297011491,1171.1371231079102,656.7000818252563
1702297011502,1171.1659240722656,660.6149482727051
1702297011513,1177.313346862793,675.1765322685242
1702297011524,1185.6217575073242,674.4639444351196
1702297011536,1215.5489349365234,785.2300786972046
1702297011547,1217.833137512207,799.0998029708862
1702297011558,1217.3957443237305,812.1101474761963
1702297011594,1206.6072845458984,780.8472204208374
1702297011595,1203.3949661254883,779.2576360702515
1702297011602,1205.8821105957031,782.6863145828247
1702297011613,1209.3993377685547,788.1944561004639
1702297011626,1209.9889373779297,792.2441625595093
1702297011636,1194.9407196044922,793.8471794128418
1702297011647,1199.6170043945312,791.8351793289185
1702297011658,1206.263198852539,790.6975793838501
1702297011669,1213.1711196899414,786.7420291900635
1702297011680,1209.2833709716797,783.3563089370728
1702297011691,1204.422492980957,776.9792604446411
1702297011702,1015.7657241821289,771.6082334518433
1702297011741,956.7962646484375,764.9100923538208
1702297011742,845.3313827514648,759.705319404602
1702297011747,378.8769340515137,802.0889854431152
1702297011759,358.53099822998047,813.9746475219727
1702297011769,332.6290225982666,802.9251909255981
1702297011780,337.34289169311523,801.4435815811157
1702297011792,327.69835472106934,791.065149307251
1702297011803,337.9629611968994,799.790997505188
1702297011814,337.3110103607178,793.3305644989014
1702297011825,341.33739471435547,802.0700597763062
1702297011835,352.8151607513428,815.7161092758179
1702297011846,351.8523120880127,818.6018657684326
1702297011858,355.8985137939453,827.0017290115356
1702297011889,349.47431564331055,816.3833570480347
1702297011890,345.04405975341797,819.7414827346802
1702297011891,342.3724365234375,809.3232679367065
1702297011907,330.3697872161865,808.1257152557373
1702297011913,327.77597427368164,803.2088613510132
1702297011926,328.2562446594238,807.2797679901123
1702297011935,318.0870723724365,801.9988632202148
1702297011946,310.27846336364746,804.5778608322144
1702297011958,303.90491485595703,770.4329967498779
1702297011969,300.7396984100342,438.575656414032
1702297011980,308.89474868774414,338.93529295921326
1702297011991,308.5788631439209,259.6120083332062
1702297012026,320.40514945983887,204.54665958881378
1702297012035,289.98412132263184,146.42618894577026
1702297012046,286.69875144958496,152.0125114917755
1702297012062,290.65019607543945,160.98296105861664
1702297012069,307.03614234924316,176.52015030384064
1702297012080,302.42018699645996,170.40677905082703
1702297012091,303.8090229034424,167.05694139003754
1702297012102,303.9542579650879,151.3544100522995
1702297012113,305.93377113342285,151.4662528038025
1702297012125,303.7731742858887,141.6259467601776
1702297012135,302.34745025634766,147.63926088809967
1702297012155,304.82415199279785,152.33067512512207
1702297012175,315.3443717956543,160.09503185749054
1702297012180,309.2911148071289,148.32294523715973
1702297012194,303.8223075866699,151.6881412267685
1702297012203,307.89517402648926,158.731546998024
1702297012215,310.03040313720703,160.22440552711487
1702297012225,313.55956077575684,162.41838812828064
1702297012236,484.6341133117676,150.13970732688904
1702297012247,613.2863616943359,180.62210083007812
1702297012257,738.6315155029297,199.57696080207825
1702297012267,1215.4285049438477,326.9859766960144
1702297012278,1579.3951416015625,453.7470245361328
1702297012289,1649.7125244140625,475.7676601409912
1702297012325,nan,nan
1702297012326,nan,nan
1702297012333,nan,nan
1702297012344,nan,nan
1702297012356,nan,nan
1702297012366,nan,nan
1702297012377,nan,nan
1702297012388,nan,nan
1702297012399,nan,nan
1702297012410,nan,nan
1702297012421,nan,nan
1702297012432,nan,nan
1702297012455,nan,nan
1702297012477,nan,nan
1702297012492,nan,nan
1702297012499,nan,nan
1702297012511,nan,nan
1702297012521,nan,nan
1702297012533,nan,nan
1702297012543,nan,nan
1702297012555,nan,nan
1702297012566,nan,nan
1702297012577,nan,nan
1702297012588,nan,nan
1702297012626,nan,nan
1702297012627,nan,nan
1702297012632,nan,nan
1702297012643,nan,nan
1702297012655,nan,nan
1702297012665,nan,nan
1702297012676,nan,nan
1702297012688,nan,nan
1702297012699,nan,nan
1702297012710,nan,nan
1702297012721,nan,nan
1702297012758,nan,nan
1702297012759,nan,nan
1702297012765,nan,nan
1702297012776,nan,nan
1702297012788,nan,nan
1702297012799,nan,nan
1702297012810,nan,nan
1702297012822,nan,nan
1702297012833,nan,nan
1702297012844,nan,nan
1702297012854,nan,nan
1702297012866,nan,nan
1702297012877,nan,nan
1702297012909,nan,nan
1702297012910,nan,nan
1702297012926,nan,nan
1702297012933,nan,nan
1702297012944,nan,nan
1702297012954,nan,nan
1702297012966,nan,nan
1702297012977,nan,nan
1702297012988,nan,nan
1702297013000,nan,nan
1702297013010,nan,nan
1702297013040,nan,nan
1702297013041,nan,nan
1702297013042,nan,nan
1702297013056,nan,nan
1702297013065,nan,nan
1702297013076,nan,nan
1702297013087,nan,nan
1702297013097,nan,nan
1702297013114,nan,nan
1702297013133,nan,nan
1702297013145,nan,nan
1702297013191,nan,nan
1702297013192,nan,nan
1702297013207,nan,nan
1702297013211,nan,nan
1702297013224,nan,nan
1702297013234,nan,nan
1702297013245,nan,nan
1702297013257,nan,nan
1702297013268,nan,nan
1702297013278,nan,nan
1702297013290,nan,nan
1702297013301,nan,nan
1702297013321,nan,nan
1702297013341,nan,nan
1702297013342,nan,nan
1702297013345,nan,nan
1702297013358,nan,nan
1702297013368,nan,nan
1702297013379,nan,nan
1702297013390,nan,nan
1702297013401,nan,nan
1702297013412,nan,nan
1702297013423,nan,nan
1702297013434,nan,nan
1702297013445,nan,nan
1702297013476,nan,nan
1702297013477,nan,nan
1702297013496,nan,nan
1702297013514,nan,nan
1702297013525,nan,nan
1702297013536,nan,nan
1702297013547,nan,nan
1702297013559,nan,nan
1702297013568,nan,nan
1702297013581,nan,nan
1702297013593,nan,nan
1702297013626,nan,nan
1702297013627,nan,nan
1702297013643,nan,nan
1702297013648,nan,nan
1702297013660,nan,nan
1702297013668,nan,nan
1702297013681,nan,nan
1702297013693,nan,nan
1702297013702,nan,nan
1702297013714,nan,nan
1702297013727,nan,nan
1702297013760,nan,nan
1702297013775,nan,nan
1702297013782,nan,nan
1702297013795,nan,nan
1702297013802,nan,nan
1702297013814,nan,nan
1702297013825,nan,nan
1702297013835,nan,nan
1702297013846,nan,nan
1702297013859,nan,nan
1702297013868,nan,nan
1702297013908,nan,nan
1702297013909,nan,nan
1702297013913,nan,nan
1702297013925,nan,nan
1702297013935,nan,nan
1702297013946,nan,nan
1702297013958,nan,nan
1702297013968,nan,nan
1702297013980,nan,nan
1702297013992,nan,nan
1702297014001,nan,nan
1702297014041,nan,nan
1702297014042,nan,nan
1702297014047,nan,nan
1702297014058,nan,nan
1702297014069,nan,nan
1702297014080,nan,nan
1702297014092,nan,nan
1702297014102,nan,nan
1702297014113,nan,nan
1702297014125,nan,nan
1702297014135,nan,nan
1702297014147,nan,nan
1702297014158,nan,nan
1702297014192,nan,nan
1702297014209,nan,nan
1702297014215,nan,nan
1702297014226,nan,nan
1702297014235,nan,nan
1702297014247,nan,nan
1702297014259,nan,nan
1702297014268,nan,nan
1702297014280,nan,nan
1702297014292,nan,nan
1702297014327,nan,nan
1702297014328,nan,nan
1702297014335,nan,nan
1702297014347,nan,nan
1702297014360,nan,nan
1702297014368,nan,nan
1702297014380,nan,nan
1702297014393,nan,nan
1702297014402,nan,nan
1702297014413,nan,nan
1702297014425,nan,nan
1702297014434,nan,nan
1702297014453,nan,nan
1702297014476,nan,nan
1702297014479,nan,nan
1702297014492,nan,nan
1702297014501,nan,nan
1702297014512,nan,nan
1702297014525,nan,nan
1702297014535,nan,nan
1702297014546,nan,nan
1702297014558,nan,nan
1702297014568,nan,nan
1702297014579,nan,nan
1702297014591,nan,nan
1702297014624,nan,nan
1702297014625,nan,nan
1702297014639,nan,nan
1702297014646,nan,nan
1702297014658,nan,nan
1702297014668,nan,nan
1702297014680,nan,nan
1702297014691,nan,nan
1702297014701,nan,nan
1702297014713,nan,nan
1702297014725,nan,nan
1702297014761,nan,nan
1702297014768,nan,nan
1702297014780,nan,nan
1702297014792,nan,nan
1702297014801,nan,nan
1702297014812,nan,nan
1702297014824,nan,nan
1702297014834,nan,nan
1702297014846,nan,nan
1702297014858,nan,nan
1702297014893,nan,nan
1702297014894,nan,nan
1702297014901,nan,nan
1702297014913,nan,nan
1702297014925,nan,nan
1702297014934,nan,nan
1702297014946,nan,nan
1702297014958,nan,nan
1702297014967,nan,nan
1702297014979,nan,nan
1702297014991,nan,nan
1702297015001,nan,nan
1702297015013,nan,nan
1702297015044,nan,nan
1702297015046,nan,nan
1702297015062,nan,nan
1702297015068,nan,nan
1702297015079,nan,nan
1702297015091,nan,nan
1702297015101,nan,nan
1702297015113,nan,nan
1702297015124,nan,nan
1702297015134,nan,nan
1702297015176,nan,nan
1702297015179,nan,nan
1702297015190,nan,nan
1702297015200,nan,nan
1702297015212,nan,nan
1702297015224,nan,nan
1702297015234,nan,nan
1702297015245,nan,nan
1702297015258,nan,nan
1702297015267,nan,nan
1702297015279,nan,nan
1702297015290,nan,nan
1702297015327,nan,nan
1702297015328,nan,nan
1702297015334,nan,nan
1702297015346,nan,nan
1702297015359,nan,nan
1702297015367,nan,nan
1702297015380,nan,nan
1702297015391,nan,nan
1702297015415,nan,nan
1702297015416,nan,nan
1702297015425,nan,nan
1702297015462,nan,nan
1702297015468,nan,nan
1702297015480,nan,nan
1702297015492,nan,nan
1702297015501,nan,nan
1702297015513,nan,nan
1702297015524,nan,nan
1702297015534,nan,nan
1702297015546,nan,nan
1702297015558,nan,nan
1702297015593,nan,nan
1702297015601,nan,nan
1702297015612,nan,nan
1702297015624,nan,nan
1702297015634,nan,nan
1702297015645,nan,nan
1702297015657,nan,nan
1702297015667,nan,nan
1702297015679,nan,nan
1702297015691,nan,nan
1702297015728,nan,nan
1702297015734,nan,nan
1702297015745,nan,nan
1702297015759,nan,nan
1702297015767,nan,nan
1702297015778,nan,nan
1702297015791,nan,nan
1702297015801,nan,nan
1702297015812,nan,nan
1702297015824,nan,nan
1702297015863,nan,nan
1702297015864,nan,nan
1702297015867,nan,nan
1702297015880,nan,nan
1702297015893,nan,nan
1702297015901,nan,nan
1702297015913,nan,nan
1702297015924,nan,nan
1702297015934,nan,nan
1702297015946,nan,nan
1702297015956,nan,nan
1702297015967,nan,nan
1702297015979,nan,nan
1702297016011,nan,nan
1702297016012,nan,nan
1702297016028,nan,nan
1702297016035,nan,nan
1702297016046,nan,nan
1702297016056,nan,nan
1702297016067,nan,nan
1702297016079,nan,nan
1702297016091,nan,nan
1702297016100,nan,nan
1702297016113,nan,nan
1702297016161,nan,nan
1702297016168,nan,nan
1702297016180,nan,nan
1702297016192,nan,nan
1702297016202,nan,nan
1702297016213,nan,nan
1702297016223,nan,nan
1702297016241,nan,nan
1702297016273,nan,nan
1702297016293,nan,nan
1702297016294,nan,nan
1702297016309,nan,nan
1702297016316,nan,nan
1702297016328,755.4196166992188,832.2720336914062
1702297016339,755.4196166992188,832.2720336914062
1702297016350,755.4196166992188,832.2720336914062
1702297016360,755.9657287597656,815.3991794586182
1702297016371,755.9657287597656,815.3991794586182
1702297016383,755.9657287597656,815.3991794586182
1702297016394,696.3919830322266,747.1559715270996
1702297016427,696.3919830322266,747.1559715270996
1702297016442,1158.1446838378906,753.1200885772705
1702297016450,1157.148208618164,756.6101360321045
1702297016461,1169.9398803710938,751.0343170166016
1702297016473,1152.4733352661133,774.5612812042236
1702297016484,1159.7981262207031,775.5515098571777
1702297016495,1157.0327377319336,775.3120422363281
1702297016506,1159.6259689331055,774.0976238250732
1702297016517,1154.6348190307617,769.6244287490845
1702297016529,1160.3833770751953,766.4698934555054
1702297016564,1171.3212203979492,764.4112014770508
1702297016572,1163.4636688232422,761.9264459609985
1702297016583,1166.1484146118164,771.2959814071655
1702297016595,1170.9322357177734,764.6066808700562
1702297016606,1166.8994903564453,761.1516094207764
1702297016617,1160.473976135254,751.3642072677612
1702297016628,1163.5108184814453,757.9241180419922
1702297016639,1204.1621017456055,767.1377420425415
1702297016650,1215.1362609863281,769.2125272750854
1702297016661,1217.905616760254,764.8954153060913
1702297016672,1216.0075759887695,749.5609474182129
1702297016712,1214.3978881835938,743.7306833267212
1702297016713,1215.0661849975586,745.644965171814
1702297016717,1221.268653869629,754.3120622634888
1702297016729,1212.536735534668,766.7676401138306
1702297016739,1207.9730987548828,768.5638189315796
1702297016751,1208.1796264648438,777.3001384735107
1702297016762,1206.7614364624023,776.6114330291748
1702297016773,1209.9670028686523,768.8292503356934
1702297016784,1206.0998916625977,771.4778137207031
1702297016795,1213.269386291504,764.4975900650024
1702297016806,1212.1836471557617,765.0502109527588
1702297016817,1216.5933227539062,764.113712310791
1702297016829,1215.6095123291016,768.800539970398
1702297016862,1219.0810012817383,781.5405607223511
1702297016878,1230.1304626464844,762.460527420044
1702297016885,1230.9818267822266,764.4143772125244
1702297016896,1236.010513305664,765.8401107788086
1702297016906,1239.808692932129,766.2300395965576
1702297016917,1241.4120483398438,764.3461847305298
1702297016929,1238.312759399414,764.3366146087646
1702297016940,1224.593734741211,759.1478490829468
1702297016951,1225.492820739746,763.7093210220337
1702297016961,1223.2434844970703,770.1988077163696
1702297016994,1232.4972534179688,784.4321966171265
1702297017009,1227.1281433105469,780.8005285263062
1702297017017,1222.4738693237305,773.0855941772461
1702297017028,1221.8505096435547,772.2974967956543
1702297017040,1222.2208786010742,773.3218431472778
1702297017051,1227.6568222045898,778.7844514846802
1702297017062,1228.166160583496,779.1720199584961
1702297017072,1238.2780075073242,788.1294822692871
1702297017083,1231.4208602905273,789.7919368743896
1702297017094,1236.7293167114258,787.2760248184204
1702297017105,1197.2701263427734,764.9615049362183
1702297017125,1191.0015106201172,757.7274799346924
1702297017146,1186.8556594848633,755.8892440795898
1702297017148,1201.9489288330078,769.119701385498
1702297017150,1203.7560272216797,775.991907119751
1702297017166,1203.6096954345703,778.7863397598267
1702297017173,1199.4969177246094,779.2654895782471
1702297017184,1201.7362976074219,776.6375684738159
1702297017195,1194.5396041870117,771.5412855148315
1702297017206,1186.87744140625,766.260552406311
1702297017217,1182.0136642456055,765.6531715393066
1702297017228,1190.6061172485352,764.7156429290771
1702297017239,1199.8105239868164,767.8676891326904
1702297017250,1204.030647277832,770.9284543991089
1702297017261,1200.506477355957,776.625509262085
1702297017299,1200.7559967041016,777.151050567627
1702297017300,1195.0792694091797,771.8065452575684
1702297017306,1197.0401763916016,766.6392803192139
1702297017317,1201.1725997924805,766.1034822463989
1702297017328,1200.1635360717773,774.2292022705078
1702297017338,1197.1572875976562,776.7808198928833
1702297017350,1197.5727844238281,782.6866579055786
1702297017361,1198.0623245239258,785.1250648498535
1702297017372,1197.7695083618164,787.3967027664185
1702297017383,1195.4105758666992,785.3443193435669
1702297017394,1198.0892944335938,776.1650705337524
1702297017431,1206.6196060180664,776.9429111480713
1702297017447,1373.0174255371094,797.4443864822388
1702297017451,1372.3587036132812,796.1940908432007
1702297017463,1378.3267974853516,797.4210834503174
1702297017473,1386.2377166748047,791.9529819488525
1702297017483,1393.1790161132812,794.7538089752197
1702297017494,1388.2908630371094,796.8011283874512
1702297017505,1387.1900939941406,802.6668405532837
1702297017516,1380.6553649902344,795.8085823059082
1702297017527,1378.1829071044922,797.1523475646973
1702297017539,1386.4444732666016,795.9901571273804
1702297017557,1380.019760131836,795.5068874359131
1702297017582,1381.396484375,796.6722536087036
1702297017583,1368.5023498535156,799.870433807373
1702297017598,1379.7022247314453,807.9598045349121
1702297017605,1394.3252563476562,809.6878337860107
1702297017617,1390.7202911376953,807.8836297988892
1702297017628,1393.7275695800781,807.8215742111206
1702297017639,1393.0619812011719,799.8966550827026
1702297017650,1397.0396423339844,810.234317779541
1702297017661,1391.0675811767578,804.3311834335327
1702297017672,1481.0562133789062,812.9366540908813
1702297017683,1531.1544799804688,807.0249795913696
1702297017694,1637.952651977539,806.9290208816528
1702297017732,1929.4957733154297,803.9125871658325
1702297017733,1952.9535675048828,803.3885478973389
1702297017739,1951.5155792236328,804.0412044525146
1702297017750,1945.5403137207031,817.2517490386963
1702297017763,1949.2906951904297,816.9645166397095
1702297017772,1950.4875946044922,817.9393815994263
1702297017783,1955.2145385742188,811.3986968994141
1702297017795,1955.1063537597656,818.174729347229
1702297017806,1957.0503997802734,821.8136072158813
1702297017817,1956.1019134521484,825.3656673431396
1702297017828,1958.2609558105469,818.2037401199341
1702297017839,1964.897689819336,820.2703714370728
1702297017850,1958.1004333496094,815.4246711730957
1702297017882,1952.1363830566406,817.6155424118042
1702297017883,1948.2501220703125,812.7485990524292
1702297017899,1949.9342346191406,802.9051494598389
1702297017906,1951.5580749511719,809.4408130645752
1702297017916,1944.4256591796875,820.4757642745972
1702297017927,1953.4830474853516,826.2684345245361
1702297017938,1960.7694244384766,826.7150974273682
1702297017950,1960.9504699707031,828.7074851989746
1702297017960,1949.0868377685547,829.6653985977173
1702297017972,1924.9800872802734,837.2303438186646
1702297017983,1930.0993347167969,833.0062294006348
1702297017994,1937.0814514160156,831.7679500579834
1702297018030,1930.1504516601562,830.9556484222412
1702297018046,1911.6995239257812,840.908145904541
1702297018050,1913.0140686035156,841.8182516098022
1702297018061,1919.0992736816406,834.7358465194702
1702297018072,1838.1426239013672,830.430064201355
1702297018083,1786.2161254882812,834.1643857955933
1702297018094,1692.989501953125,846.9905376434326
1702297018105,1402.9293823242188,852.1042442321777
1702297018116,1382.8724670410156,847.7212572097778
1702297018127,1375.572280883789,842.5277280807495
1702297018163,1385.245132446289,851.4311599731445
1702297018164,1382.2560119628906,851.8984222412109
1702297018178,1380.4853057861328,848.2298469543457
1702297018183,1390.018081665039,856.5943050384521
1702297018194,1403.0567932128906,857.4309396743774
1702297018205,1398.0360412597656,857.0143175125122
1702297018216,1382.1810150146484,857.4277639389038
1702297018227,1380.4835510253906,854.7171878814697
1702297018239,1379.2896270751953,862.3349618911743
1702297018249,1396.535873413086,871.3203620910645
1702297018260,1391.9796752929688,872.4426412582397
1702297018271,1395.781021118164,883.5508060455322
1702297018293,1390.8953857421875,875.3068113327026
1702297018316,1396.5040588378906,879.3191814422607
1702297018317,1649.3959045410156,866.7478609085083
1702297018332,1746.796875,859.2144584655762
1702297018338,1867.1560668945312,876.5288686752319
1702297018349,1878.2815551757812,867.7899742126465
1702297018360,1877.5602722167969,870.2167510986328
1702297018371,1894.8106384277344,882.9740238189697
1702297018383,1884.1080474853516,897.5331401824951
1702297018393,1879.3992614746094,900.020899772644
1702297018404,1827.1382141113281,974.1451406478882
1702297018415,1824.648208618164,950.9174680709839
1702297018427,1825.838394165039,948.8677883148193
1702297018463,1823.0460357666016,965.8060455322266
1702297018464,1846.8798828125,939.4248676300049
1702297018479,1837.7588653564453,931.6896772384644
1702297018483,1908.6553955078125,899.0071535110474
1702297018493,1899.3611907958984,899.3629217147827
1702297018505,1900.6615447998047,905.1821136474609
1702297018516,1827.8855895996094,873.9503002166748
1702297018527,1850.8659362792969,883.5035133361816
1702297018538,1880.3562927246094,891.6067028045654
1702297018548,1883.2481384277344,894.0048122406006
1702297018558,1895.0250244140625,875.7045078277588
1702297018570,nan,nan
1702297018579,nan,nan
1702297018615,nan,nan
1702297018631,nan,nan
1702297018635,nan,nan
1702297018646,nan,nan
1702297018657,nan,nan
1702297018668,nan,nan
1702297018678,nan,nan
1702297018696,nan,nan
1702297018716,nan,nan
1702297018728,nan,nan
1702297018743,nan,nan
1702297018766,nan,nan
1702297018771,nan,nan
1702297018782,nan,nan
1702297018795,nan,nan
1702297018804,nan,nan
1702297018816,nan,nan
1702297018827,nan,nan
1702297018838,nan,nan
1702297018849,nan,nan
1702297018861,nan,nan
1702297018871,nan,nan
1702297018882,nan,nan
1702297018916,nan,nan
1702297018917,nan,nan
1702297018933,nan,nan
1702297018938,nan,nan
1702297018949,nan,nan
1702297018961,nan,nan
1702297018970,nan,nan
1702297018983,nan,nan
1702297018994,nan,nan
1702297019004,nan,nan
1702297019047,nan,nan
1702297019050,nan,nan
1702297019062,nan,nan
1702297019071,nan,nan
1702297019084,nan,nan
1702297019094,nan,nan
1702297019104,nan,nan
1702297019116,nan,nan
1702297019127,nan,nan
1702297019137,nan,nan
1702297019149,nan,nan
1702297019161,nan,nan
1702297019196,nan,nan
1702297019197,nan,nan
1702297019204,nan,nan
1702297019218,nan,nan
1702297019228,nan,nan
1702297019236,nan,nan
1702297019250,nan,nan
1702297019261,nan,nan
1702297019270,nan,nan
1702297019283,nan,nan
1702297019294,nan,nan
1702297019303,nan,nan
1702297019327,nan,nan
1702297019347,nan,nan
1702297019348,nan,nan
1702297019351,nan,nan
1702297019362,nan,nan
1702297019370,nan,nan
1702297019383,nan,nan
1702297019395,nan,nan
1702297019404,nan,nan
1702297019416,nan,nan
1702297019429,nan,nan
1702297019437,nan,nan
1702297019449,nan,nan
1702297019483,nan,nan
1702297019484,nan,nan
1702297019500,nan,nan
1702297019503,nan,nan
1702297019515,nan,nan
1702297019528,nan,nan
1702297019537,nan,nan
1702297019549,nan,nan
1702297019562,nan,nan
1702297019570,nan,nan
1702297019582,nan,nan
1702297019616,nan,nan
1702297019632,nan,nan
1702297019637,nan,nan
1702297019649,nan,nan
1702297019661,nan,nan
1702297019671,nan,nan
1702297019682,nan,nan
1702297019694,nan,nan
1702297019704,nan,nan
1702297019715,nan,nan
1702297019726,nan,nan
1702297019764,nan,nan
1702297019765,nan,nan
1702297019770,nan,nan
1702297019782,nan,nan
1702297019794,nan,nan
1702297019803,nan,nan
1702297019815,nan,nan
1702297019827,nan,nan
1702297019836,nan,nan
1702297019850,nan,nan
1702297019861,nan,nan
1702297019896,nan,nan
1702297019897,nan,nan
1702297019904,nan,nan
1702297019916,nan,nan
1702297019928,nan,nan
1702297019937,nan,nan
1702297019950,nan,nan
1702297019968,nan,nan
1702297019982,nan,nan
1702297019993,nan,nan
1702297020004,nan,nan
1702297020016,nan,nan
1702297020051,nan,nan
1702297020052,nan,nan
1702297020066,nan,nan
1702297020072,1852.0486450195312,989.1728496551514
1702297020084,1852.0486450195312,989.1728496551514
1702297020094,1832.1073913574219,993.7304592132568
1702297020105,1595.3861999511719,1047.834177017212
1702297020116,1595.3861999511719,1047.834177017212
1702297020127,nan,nan
1702297020138,nan,nan
1702297020150,1528.97705078125,981.5007019042969
1702297020161,1418.8600158691406,965.8879280090332
1702297020197,1460.057373046875,922.9464054107666
1702297020214,1465.4481506347656,929.8213577270508
1702297020217,1466.6481018066406,929.252815246582
1702297020228,1463.9927673339844,922.6514911651611
1702297020239,1449.5401000976562,906.4661407470703
1702297020250,1446.5786743164062,907.853422164917
1702297020261,1439.5329284667969,914.0336608886719
1702297020272,1381.6839599609375,889.5708847045898
1702297020282,1370.3691101074219,886.0501956939697
1702297020294,1361.0604858398438,871.8359470367432
1702297020332,1309.2628479003906,886.1693286895752
1702297020333,1313.8455200195312,894.2973232269287
1702297020338,1302.5172424316406,879.3668174743652
1702297020349,1300.3379821777344,870.1671409606934
1702297020361,1304.7923278808594,862.6398754119873
1702297020372,1308.5446166992188,870.7925891876221
1702297020383,1316.129150390625,874.0969848632812
1702297020394,1313.6734008789062,884.5624923706055
1702297020405,1314.4715881347656,892.7563190460205
1702297020416,1319.3418884277344,893.9108276367188
1702297020427,1331.9963073730469,880.4433059692383
1702297020438,1332.8384399414062,879.5737552642822
1702297020450,1320.6655883789062,877.0988273620605
1702297020483,1312.6632690429688,883.8582515716553
1702297020484,1322.1112060546875,864.6320915222168
1702297020499,1330.4182434082031,870.5885696411133
1702297020505,1323.3331298828125,892.2769546508789
1702297020516,1321.7320251464844,886.4987468719482
1702297020527,1305.4109191894531,877.44704246521
1702297020538,1297.2305297851562,849.34401512146
1702297020549,1307.5526428222656,858.7472820281982
1702297020560,1306.2864685058594,860.6686019897461
1702297020571,1301.6462707519531,866.9150161743164
1702297020583,1292.0123291015625,862.2696018218994
1702297020617,1296.3845825195312,866.6461086273193
1702297020618,1280.0714111328125,885.9440231323242
1702297020632,1288.9114379882812,887.8940963745117
1702297020639,1609.3937683105469,914.4007587432861
1702297020651,1639.3411254882812,921.4239406585693
1702297020660,1692.4674987792969,908.8644218444824
1702297020671,nan,nan
1702297020682,nan,nan
1702297020693,nan,nan
1702297020704,nan,nan
1702297020715,nan,nan
1702297020726,nan,nan
1702297020745,nan,nan
1702297020767,nan,nan
1702297020770,nan,nan
1702297020783,nan,nan
1702297020799,nan,nan
1702297020818,nan,nan
1702297020830,nan,nan
1702297020840,nan,nan
1702297020851,nan,nan
1702297020864,nan,nan
1702297020899,nan,nan
1702297020900,nan,nan
1702297020906,nan,nan
1702297020918,nan,nan
1702297020931,nan,nan
1702297020939,nan,nan
1702297020953,nan,nan
1702297020963,nan,nan
1702297020972,nan,nan
1702297020986,nan,nan
1702297020997,nan,nan
1702297021006,nan,nan
1702297021048,nan,nan
1702297021053,nan,nan
1702297021066,nan,nan
1702297021073,nan,nan
1702297021085,nan,nan
1702297021097,nan,nan
1702297021106,nan,nan
1702297021119,nan,nan
1702297021130,nan,nan
1702297021140,nan,nan
1702297021153,nan,nan
1702297021164,nan,nan
1702297021182,nan,nan
1702297021200,nan,nan
1702297021201,nan,nan
1702297021205,nan,nan
1702297021217,nan,nan
1702297021231,nan,nan
1702297021239,nan,nan
1702297021251,nan,nan
1702297021264,nan,nan
1702297021272,nan,nan
1702297021284,nan,nan
1702297021297,nan,nan
1702297021330,nan,nan
1702297021331,nan,nan
1702297021345,nan,nan
1702297021351,nan,nan
1702297021363,nan,nan
1702297021373,nan,nan
1702297021385,nan,nan
1702297021396,nan,nan
1702297021406,nan,nan
1702297021418,nan,nan
1702297021430,nan,nan
1702297021439,nan,nan
1702297021461,nan,nan
1702297021483,nan,nan
1702297021484,nan,nan
1702297021498,nan,nan
1702297021506,nan,nan
1702297021518,nan,nan
1702297021530,nan,nan
1702297021540,nan,nan
1702297021551,nan,nan
1702297021563,nan,nan
1702297021572,nan,nan
1702297021586,nan,nan
1702297021616,nan,nan
1702297021618,nan,nan
1702297021632,nan,nan
1702297021638,nan,nan
1702297021653,nan,nan
1702297021663,nan,nan
1702297021672,nan,nan
1702297021686,nan,nan
1702297021696,nan,nan
1702297021705,nan,nan
1702297021718,nan,nan
1702297021730,nan,nan
1702297021769,nan,nan
1702297021770,nan,nan
1702297021772,nan,nan
1702297021786,nan,nan
1702297021796,nan,nan
1702297021805,nan,nan
1702297021817,nan,nan
1702297021829,nan,nan
1702297021839,nan,nan
1702297021851,nan,nan
1702297021863,nan,nan
1702297021872,nan,nan
1702297021884,nan,nan
1702297021917,nan,nan
1702297021918,nan,nan
1702297021934,nan,nan
1702297021939,nan,nan
1702297021953,nan,nan
1702297021963,nan,nan
1702297021972,nan,nan
1702297021984,nan,nan
1702297021996,nan,nan
1702297022006,nan,nan
1702297022054,nan,nan
1702297022055,nan,nan
1702297022063,nan,nan
1702297022072,nan,nan
1702297022086,nan,nan
1702297022096,nan,nan
1702297022106,nan,nan
1702297022117,nan,nan
1702297022130,nan,nan
1702297022139,nan,nan
1702297022151,nan,nan
1702297022163,nan,nan
1702297022199,nan,nan
1702297022200,nan,nan
1702297022205,nan,nan
1702297022218,nan,nan
1702297022230,nan,nan
1702297022239,nan,nan
1702297022252,nan,nan
1702297022263,nan,nan
1702297022272,nan,nan
1702297022285,nan,nan
1702297022296,nan,nan
1702297022306,nan,nan
1702297022329,nan,nan
1702297022349,nan,nan
1702297022350,nan,nan
1702297022351,nan,nan
1702297022364,nan,nan
1702297022371,nan,nan
1702297022385,nan,nan
1702297022395,nan,nan
1702297022404,nan,nan
1702297022418,nan,nan
1702297022428,nan,nan
1702297022438,nan,nan
1702297022450,nan,nan
1702297022485,nan,nan
1702297022501,nan,nan
1702297022505,nan,nan
1702297022518,nan,nan
1702297022528,nan,nan
1702297022538,nan,nan
1702297022551,nan,nan
1702297022562,nan,nan
1702297022571,nan,nan
1702297022584,nan,nan
1702297022595,nan,nan
1702297022613,nan,nan
1702297022632,nan,nan
1702297022633,nan,nan
1702297022638,nan,nan
1702297022651,nan,nan
1702297022668,nan,nan
1702297022683,nan,nan
1702297022694,nan,nan
1702297022705,nan,nan
1702297022716,nan,nan
1702297022728,1596.25244140625,987.1333408355713
1702297022766,1596.25244140625,987.1333408355713
1702297022772,1707.7554321289062,841.4045906066895
1702297022783,1707.7554321289062,841.4045906066895
1702297022795,1486.5541076660156,912.1065902709961
1702297022806,1648.8369750976562,803.8076591491699
1702297022816,1648.8369750976562,803.8076591491699
1702297022827,1655.0656127929688,802.5534152984619
1702297022838,1643.3955383300781,831.5203285217285
1702297022850,1645.2703857421875,835.2907848358154
1702297022861,1638.5557556152344,836.3402366638184
1702297022899,1595.1422119140625,872.7311611175537
1702297022900,1513.2235717773438,858.4870433807373
1702297022905,1395.1992797851562,809.1188621520996
1702297022916,1374.9436950683594,804.8634624481201
1702297022928,1380.6155395507812,791.8801116943359
1702297022939,1384.1374206542969,776.9827365875244
1702297022949,1384.1374206542969,776.9827365875244
1702297022961,1383.7603759765625,779.7045993804932
1702297022972,1399.0483093261719,779.5192909240723
1702297022983,1405.5079650878906,783.4813213348389
1702297022994,1397.645263671875,793.086462020874
1702297023005,1365.9591674804688,794.6585369110107
1702297023017,1356.536865234375,792.6420307159424
1702297023052,1361.5583801269531,797.1573257446289
1702297023053,1363.3866882324219,802.1199703216553
1702297023061,1378.0107116699219,806.2067127227783
1702297023072,1347.4308776855469,794.0145492553711
1702297023083,1333.69873046875,782.999210357666
1702297023094,1338.5369873046875,782.1454524993896
1702297023106,1357.1922302246094,788.2314491271973
1702297023117,1345.5963134765625,787.2970104217529
1702297023128,1335.4022216796875,788.1045913696289
1702297023139,1343.6669921875,790.4598712921143
1702297023150,1337.2474670410156,786.0741806030273
1702297023183,1342.364501953125,789.8882389068604
1702297023184,1316.9215393066406,793.9466571807861
1702297023198,1362.1047973632812,793.3359718322754
1702297023205,1370.4324340820312,778.7258720397949
1702297023217,1335.4273986816406,782.1819305419922
1702297023228,1341.8562316894531,777.723970413208
1702297023239,1326.8919372558594,788.6849784851074
1702297023250,1341.6778564453125,794.4368362426758
1702297023261,1334.4287109375,803.827657699585
1702297023272,1345.5101013183594,802.1461486816406
1702297023283,1322.8419494628906,789.2747211456299
1702297023294,1328.1356811523438,777.9186344146729
1702297023332,1317.0928955078125,777.6420879364014
1702297023333,1320.5320739746094,781.2886047363281
1702297023339,1365.5720520019531,788.3614826202393
1702297023350,1375.6703186035156,794.492883682251
1702297023362,1379.0480041503906,788.2432079315186
1702297023372,1369.4943237304688,791.1757850646973
1702297023383,1366.2445068359375,797.5345516204834
1702297023395,1355.4701232910156,797.9749488830566
1702297023405,1358.42529296875,793.3184623718262
1702297023416,1354.8333740234375,785.1128768920898
1702297023427,1356.326904296875,800.456485748291
1702297023466,1356.8621826171875,795.5947780609131
1702297023467,1371.9483947753906,803.8783836364746
1702297023472,1728.8084411621094,793.0601978302002
1702297023483,1770.8929443359375,786.9268226623535
1702297023495,1815.9397888183594,782.1031379699707
1702297023505,1837.1586608886719,780.2861022949219
1702297023516,1840.34423828125,791.6188430786133
1702297023527,1837.3283386230469,801.0955810546875
1702297023538,1849.814453125,825.1645660400391
1702297023549,1851.7417907714844,815.1759338378906
1702297023560,1854.4976806640625,807.8295135498047
1702297023572,1873.1771850585938,782.6301383972168
1702297023582,1865.5618286132812,778.1968116760254
1702297023620,1856.5768432617188,779.8475074768066
1702297023621,1852.6258850097656,802.283992767334
1702297023627,1872.2923278808594,802.5065517425537
1702297023638,1883.8102722167969,821.5427684783936
1702297023650,1850.8903503417969,848.2608318328857
1702297023660,1815.3555297851562,842.7571964263916
1702297023671,1857.4957275390625,789.3852710723877
1702297023683,1862.1101379394531,790.1204967498779
1702297023693,1860.9226989746094,786.9334316253662
1702297023705,1858.6680603027344,804.3168926239014
1702297023715,1853.0313110351562,800.6327819824219
1702297023727,1867.0231628417969,799.9108600616455
1702297023765,1862.451171875,790.4263973236084
1702297023766,1869.7421264648438,796.6633701324463
1702297023772,2018.2662963867188,910.3356456756592
1702297023782,2068.128204345703,944.9467849731445
1702297023794,nan,nan
1702297023804,nan,nan
1702297023815,nan,nan
1702297023826,nan,nan
1702297023837,nan,nan
1702297023848,nan,nan
1702297023860,nan,nan
1702297023870,nan,nan
1702297023882,nan,nan
1702297023918,nan,nan
1702297023925,nan,nan
1702297023942,nan,nan
1702297023963,nan,nan
1702297023973,nan,nan
1702297023986,nan,nan
1702297023996,nan,nan
1702297024006,nan,nan
1702297024018,nan,nan
1702297024050,nan,nan
1702297024051,nan,nan
1702297024066,nan,nan
1702297024073,nan,nan
1702297024085,nan,nan
1702297024097,nan,nan
1702297024106,nan,nan
1702297024117,nan,nan
1702297024130,nan,nan
1702297024139,nan,nan
1702297024151,nan,nan
1702297024163,nan,nan
1702297024200,nan,nan
1702297024205,nan,nan
1702297024217,nan,nan
1702297024230,nan,nan
1702297024239,nan,nan
1702297024250,nan,nan
1702297024262,nan,nan
1702297024272,nan,nan
1702297024284,nan,nan
1702297024295,nan,nan
1702297024335,nan,nan
1702297024336,nan,nan
1702297024339,nan,nan
1702297024352,nan,nan
1702297024362,nan,nan
1702297024373,nan,nan
1702297024384,nan,nan
1702297024395,nan,nan
1702297024406,nan,nan
1702297024417,nan,nan
1702297024428,nan,nan
1702297024468,nan,nan
1702297024471,nan,nan
1702297024485,nan,nan
1702297024495,nan,nan
1702297024505,nan,nan
1702297024517,nan,nan
1702297024528,nan,nan
1702297024538,nan,nan
1702297024551,nan,nan
1702297024562,nan,nan
1702297024571,nan,nan
1702297024585,nan,nan
1702297024618,nan,nan
1702297024619,nan,nan
1702297024634,nan,nan
1702297024638,nan,nan
1702297024650,nan,nan
1702297024662,nan,nan
1702297024672,nan,nan
1702297024683,nan,nan
1702297024702,nan,nan
1702297024716,nan,nan
1702297024750,nan,nan
1702297024751,nan,nan
1702297024764,nan,nan
1702297024771,nan,nan
1702297024783,nan,nan
1702297024794,nan,nan
1702297024805,nan,nan
1702297024815,nan,nan
1702297024832,nan,nan
1702297024854,nan,nan
1702297024886,nan,nan
1702297024888,nan,nan
1702297024905,1840.1496887207031,855.3484725952148
1702297024908,1836.5629577636719,801.2346267700195
1702297024920,1836.5629577636719,801.2346267700195
1702297024930,1844.5204162597656,794.2904949188232
1702297024941,1958.9410400390625,780.435962677002
1702297024952,1951.7720031738281,783.6647415161133
1702297024963,1959.1842651367188,777.1060752868652
1702297024974,1935.3152465820312,771.2955951690674
1702297024985,1991.3888549804688,730.123987197876
1702297025024,nan,nan
1702297025025,nan,nan
1702297025030,nan,nan
1702297025042,nan,nan
1702297025054,nan,nan
1702297025063,nan,nan
1702297025075,1946.7979431152344,777.8770923614502
1702297025086,1944.3560791015625,796.8848133087158
1702297025097,1933.7815856933594,809.6229457855225
1702297025109,1941.0177612304688,815.0308799743652
1702297025120,1937.7073669433594,800.9893226623535
1702297025131,1944.3580627441406,789.5989036560059
1702297025149,1922.1450805664062,777.337474822998
1702297025168,1919.4766235351562,783.0855560302734
1702297025169,1914.0719604492188,778.8966751098633
1702297025174,1917.64892578125,791.8318748474121
1702297025185,1919.6714782714844,785.698070526123
1702297025198,1920.2803039550781,797.188310623169
1702297025208,1922.6814270019531,800.4165744781494
1702297025218,1925.2140808105469,809.9951934814453
1702297025229,1931.846923828125,802.314977645874
1702297025241,1930.0498962402344,801.7518424987793
1702297025252,1933.4317016601562,806.3630104064941
1702297025263,1919.4964599609375,813.3727169036865
1702297025301,1920.4411315917969,823.8735008239746
1702297025308,2059.0090942382812,807.7039432525635
1702297025319,2064.799346923828,814.6002674102783
1702297025331,2051.700439453125,811.0128021240234
1702297025341,2053.7826538085938,813.0701637268066
1702297025352,2046.5911865234375,815.2420234680176
1702297025362,2059.0721130371094,813.1231212615967
1702297025374,2061.58203125,815.319185256958
1702297025385,2077.014923095703,807.9212665557861
1702297025396,2072.3597717285156,805.398359298706
1702297025436,2086.8992614746094,791.013994216919
1702297025437,2082.290802001953,787.653636932373
1702297025441,2063.9273071289062,804.3516540527344
1702297025454,2055.678253173828,816.6554832458496
1702297025463,2048.233642578125,816.2263298034668
1702297025474,2060.3468322753906,832.7349185943604
1702297025485,2068.4716796875,818.6076164245605
1702297025496,2083.5043334960938,809.2725849151611
1702297025507,2093.5704040527344,830.2722644805908
1702297025518,nan,nan
1702297025529,nan,nan
1702297025568,nan,nan
1702297025569,nan,nan
1702297025572,nan,nan
1702297025584,nan,nan
1702297025597,nan,nan
1702297025606,nan,nan
1702297025617,nan,nan
1702297025628,nan,nan
1702297025638,nan,nan
1702297025657,nan,nan
1702297025675,nan,nan
1702297025697,nan,nan
1702297025719,nan,nan
1702297025720,nan,nan
1702297025721,nan,nan
1702297025734,nan,nan
1702297025742,nan,nan
1702297025754,nan,nan
1702297025765,nan,nan
1702297025775,nan,nan
1702297025787,nan,nan
1702297025799,nan,nan
1702297025809,nan,nan
1702297025820,nan,nan
1702297025855,nan,nan
1702297025856,nan,nan
1702297025872,nan,nan
1702297025876,nan,nan
1702297025887,nan,nan
1702297025899,nan,nan
1702297025909,nan,nan
1702297025922,nan,nan
1702297025932,nan,nan
1702297025943,nan,nan
1702297025984,nan,nan
1702297025985,nan,nan
1702297025988,nan,nan
1702297026000,nan,nan
1702297026008,nan,nan
1702297026021,nan,nan
1702297026033,nan,nan
1702297026041,nan,nan
1702297026054,nan,nan
1702297026066,nan,nan
1702297026075,nan,nan
1702297026087,nan,nan
1702297026099,nan,nan
1702297026136,nan,nan
1702297026137,nan,nan
1702297026142,nan,nan
1702297026154,nan,nan
1702297026166,nan,nan
1702297026176,nan,nan
1702297026188,nan,nan
1702297026198,nan,nan
1702297026209,nan,nan
1702297026221,nan,nan
1702297026232,nan,nan
1702297026242,nan,nan
1702297026255,nan,nan
1702297026287,nan,nan
1702297026288,nan,nan
1702297026303,nan,nan
1702297026309,nan,nan
1702297026322,nan,nan
1702297026332,nan,nan
1702297026342,nan,nan
1702297026353,nan,nan
1702297026365,nan,nan
1702297026374,nan,nan
1702297026387,nan,nan
1702297026420,nan,nan
1702297026421,nan,nan
1702297026436,nan,nan
1702297026441,nan,nan
1702297026454,nan,nan
1702297026465,nan,nan
1702297026475,nan,nan
1702297026488,nan,nan
1702297026499,nan,nan
1702297026508,nan,nan
1702297026520,nan,nan
1702297026532,nan,nan
1702297026550,nan,nan
1702297026568,nan,nan
1702297026569,nan,nan
1702297026574,nan,nan
1702297026588,nan,nan
1702297026599,nan,nan
1702297026607,nan,nan
1702297026619,nan,nan
1702297026632,nan,nan
1702297026641,nan,nan
1702297026653,nan,nan
1702297026665,nan,nan
1702297026704,nan,nan
1702297026705,nan,nan
1702297026707,nan,nan
1702297026721,nan,nan
1702297026734,nan,nan
1702297026741,nan,nan
1702297026753,nan,nan
1702297026765,nan,nan
1702297026774,nan,nan
1702297026786,nan,nan
1702297026799,nan,nan
1702297026808,nan,nan
1702297026820,nan,nan
1702297026854,nan,nan
1702297026855,nan,nan
1702297026869,nan,nan
1702297026876,nan,nan
1702297026887,nan,nan
1702297026898,nan,nan
1702297026908,nan,nan
1702297026920,nan,nan
1702297026932,nan,nan
1702297026941,nan,nan
1702297026953,nan,nan
1702297026965,nan,nan
1702297027002,nan,nan
1702297027003,nan,nan
1702297027007,nan,nan
1702297027020,nan,nan
1702297027033,nan,nan
1702297027040,nan,nan
1702297027053,nan,nan
1702297027064,nan,nan
1702297027074,nan,nan
1702297027086,nan,nan
1702297027098,nan,nan
1702297027135,nan,nan
1702297027136,nan,nan
1702297027141,nan,nan
1702297027153,nan,nan
1702297027165,nan,nan
1702297027174,nan,nan
1702297027187,nan,nan
1702297027198,nan,nan
1702297027207,nan,nan
1702297027220,nan,nan
1702297027231,nan,nan
1702297027241,nan,nan
1702297027253,nan,nan
1702297027288,nan,nan
1702297027289,nan,nan
1702297027304,nan,nan
1702297027307,nan,nan
1702297027322,nan,nan
1702297027332,nan,nan
1702297027341,nan,nan
1702297027354,nan,nan
1702297027365,nan,nan
1702297027374,nan,nan
1702297027387,nan,nan
1702297027422,nan,nan
1702297027423,nan,nan
1702297027440,nan,nan
1702297027441,nan,nan
1702297027454,nan,nan
1702297027465,nan,nan
1702297027474,nan,nan
1702297027486,nan,nan
1702297027498,nan,nan
1702297027508,nan,nan
1702297027520,nan,nan
1702297027555,nan,nan
1702297027556,nan,nan
1702297027570,nan,nan
1702297027575,nan,nan
1702297027588,nan,nan
1702297027597,nan,nan
1702297027607,nan,nan
1702297027619,nan,nan
1702297027630,nan,nan
1702297027640,nan,nan
1702297027654,nan,nan
1702297027687,nan,nan
1702297027688,nan,nan
1702297027704,nan,nan
1702297027707,nan,nan
1702297027721,nan,nan
1702297027731,nan,nan
1702297027741,nan,nan
1702297027755,nan,nan
1702297027764,nan,nan
1702297027775,nan,nan
1702297027787,nan,nan
1702297027821,nan,nan
1702297027822,nan,nan
1702297027837,nan,nan
1702297027840,nan,nan
1702297027852,nan,nan
1702297027864,nan,nan
1702297027873,nan,nan
1702297027885,nan,nan
1702297027898,nan,nan
1702297027907,nan,nan
1702297027919,nan,nan
1702297027931,nan,nan
1702297027951,nan,nan
1702297027970,nan,nan
1702297027971,nan,nan
1702297027974,nan,nan
1702297027986,nan,nan
1702297027999,nan,nan
1702297028007,nan,nan
1702297028019,nan,nan
1702297028031,nan,nan
1702297028041,nan,nan
1702297028053,nan,nan
1702297028064,nan,nan
1702297028075,nan,nan
1702297028086,nan,nan
1702297028121,nan,nan
1702297028122,nan,nan
1702297028137,nan,nan
1702297028141,nan,nan
1702297028152,nan,nan
1702297028164,nan,nan
1702297028174,nan,nan
1702297028186,nan,nan
1702297028198,nan,nan
1702297028207,nan,nan
1702297028219,nan,nan
1702297028255,nan,nan
1702297028256,nan,nan
1702297028270,nan,nan
1702297028274,nan,nan
1702297028287,nan,nan
1702297028297,nan,nan
1702297028307,nan,nan
1702297028321,nan,nan
1702297028331,nan,nan
1702297028341,nan,nan
1702297028354,nan,nan
1702297028390,nan,nan
1702297028397,nan,nan
1702297028407,nan,nan
1702297028420,nan,nan
1702297028430,nan,nan
1702297028440,nan,nan
1702297028453,nan,nan
1702297028464,nan,nan
1702297028473,nan,nan
1702297028485,nan,nan
1702297028521,nan,nan
1702297028522,nan,nan
1702297028536,nan,nan
1702297028540,nan,nan
1702297028554,nan,nan
1702297028564,nan,nan
1702297028573,nan,nan
1702297028586,nan,nan
1702297028598,nan,nan
1702297028607,nan,nan
1702297028619,nan,nan
1702297028631,nan,nan
1702297028672,nan,nan
1702297028673,nan,nan
1702297028688,nan,nan
1702297028697,nan,nan
1702297028707,nan,nan
1702297028718,nan,nan
1702297028731,nan,nan
1702297028741,nan,nan
1702297028752,nan,nan
1702297028764,nan,nan
1702297028805,nan,nan
1702297028807,nan,nan
1702297028822,nan,nan
1702297028830,nan,nan
1702297028840,nan,nan
1702297028851,nan,nan
1702297028863,nan,nan
1702297028873,nan,nan
1702297028885,nan,nan
1702297028897,nan,nan
1702297028913,nan,nan
1702297028937,nan,nan
1702297028938,nan,nan
1702297028940,nan,nan
1702297028953,nan,nan
1702297028964,nan,nan
1702297028973,nan,nan
1702297028986,nan,nan
1702297028997,nan,nan
1702297029006,nan,nan
1702297029019,nan,nan
1702297029031,nan,nan
1702297029070,nan,nan
1702297029071,nan,nan
1702297029073,nan,nan
1702297029086,nan,nan
1702297029098,nan,nan
1702297029106,nan,nan
1702297029119,nan,nan
1702297029130,nan,nan
1702297029140,nan,nan
1702297029152,nan,nan
1702297029164,nan,nan
1702297029173,nan,nan
1702297029205,nan,nan
1702297029206,nan,nan
1702297029223,nan,nan
1702297029230,nan,nan
1702297029240,nan,nan
1702297029251,nan,nan
1702297029263,nan,nan
1702297029272,nan,nan
1702297029285,nan,nan
1702297029297,nan,nan
1702297029307,nan,nan
1702297029318,nan,nan
1702297029356,nan,nan
1702297029357,nan,nan
1702297029363,nan,nan
1702297029374,nan,nan
1702297029385,nan,nan
1702297029396,nan,nan
1702297029406,nan,nan
1702297029418,nan,nan
1702297029429,nan,nan
1702297029440,nan,nan
1702297029452,nan,nan
1702297029489,nan,nan
1702297029490,nan,nan
1702297029496,nan,nan
1702297029506,nan,nan
1702297029520,nan,nan
1702297029530,nan,nan
1702297029539,nan,nan
1702297029552,nan,nan
1702297029563,nan,nan
1702297029573,nan,nan
1702297029586,nan,nan
1702297029623,nan,nan
1702297029630,nan,nan
1702297029640,nan,nan
1702297029654,nan,nan
1702297029663,nan,nan
1702297029673,nan,nan
1702297029686,nan,nan
1702297029697,nan,nan
1702297029707,nan,nan
1702297029719,nan,nan
1702297029730,nan,nan
1702297029740,nan,nan
1702297029773,nan,nan
1702297029790,nan,nan
1702297029796,nan,nan
1702297029807,nan,nan
1702297029817,nan,nan
1702297029829,nan,nan
1702297029840,nan,nan
1702297029851,nan,nan
1702297029862,nan,nan
1702297029903,nan,nan
1702297029904,nan,nan
1702297029906,nan,nan
1702297029920,nan,nan
1702297029937,nan,nan
1702297029950,nan,nan
1702297029961,nan,nan
1702297029972,nan,nan
1702297029984,nan,nan
1702297029995,nan,nan
1702297030006,nan,nan
1702297030017,nan,nan
1702297030055,nan,nan
1702297030056,nan,nan
1702297030062,1980.3746032714844,851.3485908508301
1702297030073,1980.3746032714844,851.3485908508301
1702297030085,1939.8175048828125,917.980842590332
1702297030096,2027.9006958007812,964.714879989624
1702297030107,2027.9006958007812,964.714879989624
1702297030118,1995.4830932617188,945.0139045715332
1702297030129,1809.7554016113281,944.9638652801514
1702297030141,1842.9228210449219,846.97096824646
1702297030152,1849.6490478515625,841.9870376586914
1702297030191,1873.0183410644531,850.1777744293213
1702297030192,1892.8657531738281,826.79612159729
1702297030195,1863.8919067382812,816.5286254882812
1702297030206,1872.6025390625,809.4998645782471
1702297030220,1878.1336975097656,819.6859073638916
1702297030229,1888.2321166992188,821.8666934967041
1702297030239,1920.1199340820312,902.1829319000244
1702297030251,1920.5712890625,891.6121959686279
1702297030262,2002.9176330566406,883.2653331756592
1702297030273,2070.1356506347656,815.0395488739014
1702297030284,2084.7767639160156,814.8646259307861
1702297030322,2085.2195739746094,820.5835247039795
1702297030323,2070.1589965820312,905.562858581543
1702297030329,2167.161102294922,733.8580513000488
1702297030339,2167.161102294922,733.8580513000488
1702297030351,2167.161102294922,733.8580513000488
1702297030362,nan,nan
1702297030373,2119.4305419921875,797.5286293029785
1702297030384,2119.4305419921875,797.5286293029785
1702297030396,2105.7492065429688,794.4802665710449
1702297030407,2098.043975830078,780.1431941986084
1702297030418,2095.5577087402344,793.9651107788086
1702297030429,2113.5606384277344,796.1035823822021
1702297030452,2111.4251708984375,804.4092464447021
1702297030470,2113.6228942871094,801.5787220001221
1702297030471,2098.501434326172,810.1589584350586
1702297030474,2097.1551513671875,784.8465442657471
1702297030487,2098.406524658203,780.3975963592529
1702297030496,2097.9278564453125,775.0039958953857
1702297030508,2082.106170654297,788.6167430877686
1702297030520,2104.1799926757812,849.5084238052368
1702297030530,2122.762680053711,848.7808799743652
1702297030542,2226.2479400634766,799.8503494262695
1702297030554,2238.108901977539,799.9097871780396
1702297030563,2236.0107421875,797.8753852844238
1702297030574,2242.5060272216797,798.7061834335327
1702297030614,2241.916732788086,797.9332780838013
1702297030615,2241.470947265625,794.8450469970703
1702297030619,2259.3150329589844,791.215181350708
1702297030630,2268.02490234375,792.6804399490356
1702297030642,2270.652084350586,793.3154582977295
1702297030653,2278.9476013183594,786.8502616882324
1702297030663,2270.6988525390625,792.6327180862427
1702297030675,2263.3565521240234,793.5278034210205
1702297030686,2255.4690551757812,798.1267833709717
1702297030696,2258.221893310547,792.1396207809448
1702297030708,2260.3062438964844,788.3125591278076
1702297030720,2263.6600494384766,787.7848291397095
1702297030757,2262.023162841797,787.6625633239746
1702297030763,2259.9939727783203,795.7957935333252
1702297030775,2261.961669921875,803.1517839431763
1702297030788,2266.7919921875,802.1738719940186
1702297030797,2270.864486694336,804.6114206314087
1702297030808,2278.042755126953,800.9692811965942
1702297030820,2280.510025024414,800.4233980178833
1702297030830,2273.2179260253906,804.3826818466187
1702297030841,2223.2518005371094,806.8911695480347
1702297030853,2176.1990356445312,806.7189931869507
1702297030891,2134.7962951660156,804.1264772415161
1702297030892,1587.4394226074219,794.3149137496948
1702297030896,1542.7086639404297,800.7856464385986
1702297030908,1556.930160522461,802.2615480422974
1702297030920,1560.4669189453125,776.4867210388184
1702297030930,1556.6532897949219,774.4796991348267
1702297030941,1542.7290344238281,742.4997854232788
1702297030952,1505.7987976074219,830.6594467163086
1702297030963,1491.8745422363281,845.8218669891357
1702297030974,1487.6898193359375,822.9846382141113
1702297030985,1467.8921508789062,810.0799083709717
1702297031023,1481.6867065429688,785.2299499511719
1702297031024,nan,nan
1702297031028,nan,nan
1702297031039,nan,nan
1702297031050,nan,nan
1702297031061,nan,nan
1702297031072,nan,nan
1702297031083,nan,nan
1702297031094,nan,nan
1702297031105,nan,nan
1702297031116,nan,nan
1702297031128,nan,nan
1702297031139,nan,nan
1702297031173,nan,nan
1702297031174,nan,nan
1702297031189,nan,nan
1702297031197,nan,nan
1702297031207,nan,nan
1702297031220,nan,nan
1702297031230,nan,nan
1702297031241,nan,nan
1702297031253,nan,nan
1702297031264,nan,nan
1702297031275,nan,nan
1702297031309,nan,nan
1702297031310,nan,nan
1702297031326,nan,nan
1702297031331,nan,nan
1702297031341,nan,nan
1702297031354,nan,nan
1702297031365,nan,nan
1702297031374,nan,nan
1702297031387,nan,nan
1702297031398,nan,nan
1702297031407,nan,nan
1702297031420,nan,nan
1702297031459,nan,nan
1702297031465,nan,nan
1702297031475,nan,nan
1702297031487,nan,nan
1702297031498,nan,nan
1702297031507,nan,nan
1702297031519,nan,nan
1702297031531,nan,nan
1702297031540,nan,nan
1702297031552,nan,nan
1702297031591,nan,nan
1702297031592,nan,nan
1702297031598,nan,nan
1702297031608,nan,nan
1702297031620,nan,nan
1702297031631,nan,nan
1702297031640,nan,nan
1702297031653,nan,nan
1702297031665,nan,nan
1702297031674,nan,nan
1702297031687,nan,nan
1702297031698,nan,nan
1702297031707,nan,nan
1702297031741,nan,nan
1702297031742,nan,nan
1702297031758,nan,nan
1702297031765,nan,nan
1702297031773,nan,nan
1702297031786,nan,nan
1702297031797,nan,nan
1702297031806,nan,nan
1702297031819,nan,nan
1702297031830,nan,nan
1702297031840,nan,nan
1702297031876,nan,nan
1702297031877,nan,nan
1702297031893,nan,nan
1702297031898,nan,nan
1702297031907,nan,nan
1702297031919,nan,nan
1702297031931,nan,nan
1702297031940,nan,nan
1702297031953,nan,nan
1702297031964,nan,nan
1702297031973,nan,nan
1702297031986,nan,nan
1702297032028,nan,nan
1702297032029,nan,nan
1702297032031,nan,nan
1702297032045,nan,nan
1702297032053,nan,nan
1702297032065,nan,nan
1702297032073,nan,nan
1702297032086,nan,nan
1702297032098,nan,nan
1702297032107,nan,nan
1702297032119,nan,nan
1702297032132,nan,nan
1702297032140,nan,nan
1702297032176,nan,nan
1702297032177,nan,nan
1702297032187,nan,nan
1702297032198,nan,nan
1702297032208,nan,nan
1702297032220,nan,nan
1702297032230,nan,nan
1702297032239,nan,nan
1702297032253,nan,nan
1702297032264,nan,nan
1702297032273,nan,nan
1702297032306,nan,nan
1702297032307,nan,nan
1702297032322,nan,nan
1702297032330,nan,nan
1702297032341,nan,nan
1702297032353,nan,nan
1702297032364,nan,nan
1702297032374,nan,nan
1702297032386,nan,nan
1702297032396,nan,nan
1702297032406,nan,nan
1702297032441,nan,nan
1702297032442,nan,nan
1702297032457,nan,nan
1702297032463,nan,nan
1702297032474,nan,nan
1702297032486,nan,nan
1702297032496,nan,nan
1702297032506,nan,nan
1702297032519,nan,nan
1702297032530,nan,nan
1702297032539,nan,nan
1702297032553,nan,nan
1702297032591,nan,nan
1702297032592,nan,nan
1702297032597,nan,nan
1702297032607,nan,nan
1702297032621,nan,nan
1702297032630,nan,nan
1702297032640,nan,nan
1702297032653,nan,nan
1702297032664,nan,nan
1702297032673,nan,nan
1702297032687,nan,nan
1702297032728,nan,nan
1702297032729,nan,nan
1702297032730,nan,nan
1702297032747,nan,nan
1702297032754,nan,nan
1702297032765,nan,nan
1702297032772,nan,nan
1702297032786,nan,nan
1702297032797,nan,nan
1702297032806,nan,nan
1702297032819,nan,nan
1702297032830,nan,nan
1702297032840,nan,nan
1702297032877,nan,nan
1702297032878,nan,nan
1702297032886,nan,nan
1702297032897,nan,nan
1702297032907,nan,nan
1702297032920,nan,nan
1702297032931,nan,nan
1702297032940,nan,nan
1702297032953,nan,nan
1702297032964,nan,nan
1702297032974,nan,nan
1702297033009,nan,nan
1702297033024,nan,nan
1702297033030,nan,nan
1702297033041,nan,nan
1702297033053,nan,nan
1702297033064,nan,nan
1702297033074,nan,nan
1702297033087,nan,nan
1702297033097,nan,nan
1702297033107,nan,nan
1702297033120,nan,nan
1702297033137,nan,nan
1702297033159,nan,nan
1702297033160,nan,nan
1702297033164,nan,nan
1702297033173,nan,nan
1702297033188,nan,nan
1702297033196,nan,nan
1702297033206,nan,nan
1702297033219,nan,nan
1702297033230,nan,nan
1702297033240,nan,nan
1702297033253,nan,nan
1702297033293,nan,nan
1702297033294,nan,nan
1702297033296,nan,nan
1702297033310,nan,nan
1702297033320,nan,nan
1702297033330,nan,nan
1702297033340,nan,nan
1702297033353,nan,nan
1702297033363,nan,nan
1702297033373,nan,nan
1702297033386,nan,nan
1702297033397,nan,nan
1702297033406,nan,nan
1702297033442,nan,nan
1702297033443,nan,nan
1702297033452,nan,nan
1702297033463,nan,nan
1702297033473,nan,nan
1702297033485,nan,nan
1702297033497,nan,nan
1702297033506,nan,nan
1702297033519,nan,nan
1702297033530,nan,nan
1702297033540,nan,nan
1702297033576,nan,nan
1702297033590,nan,nan
1702297033597,nan,nan
1702297033608,nan,nan
1702297033618,nan,nan
1702297033629,nan,nan
1702297033640,nan,nan
1702297033652,nan,nan
1702297033663,nan,nan
1702297033673,nan,nan
1702297033709,nan,nan
1702297033710,nan,nan
1702297033725,nan,nan
1702297033730,nan,nan
1702297033740,nan,nan
1702297033752,nan,nan
1702297033763,nan,nan
1702297033773,nan,nan
1702297033785,nan,nan
1702297033796,nan,nan
1702297033806,nan,nan
1702297033846,nan,nan
1702297033847,nan,nan
1702297033853,nan,nan
1702297033863,nan,nan
1702297033873,nan,nan
1702297033886,nan,nan
1702297033896,nan,nan
1702297033906,nan,nan
1702297033919,nan,nan
1702297033930,nan,nan
1702297033940,nan,nan
1702297033976,nan,nan
1702297033977,nan,nan
1702297033992,nan,nan
1702297033997,nan,nan
1702297034007,nan,nan
1702297034019,nan,nan
1702297034030,nan,nan
1702297034040,nan,nan
1702297034051,nan,nan
1702297034063,nan,nan
1702297034072,nan,nan
1702297034090,nan,nan
1702297034109,nan,nan
1702297034110,nan,nan
1702297034118,nan,nan
1702297034129,nan,nan
1702297034139,nan,nan
1702297034151,nan,nan
1702297034162,nan,nan
1702297034173,nan,nan
1702297034184,nan,nan
1702297034196,nan,nan
1702297034206,nan,nan
1702297034243,nan,nan
1702297034251,nan,nan
1702297034262,nan,nan
1702297034274,nan,nan
1702297034284,nan,nan
1702297034296,nan,nan
1702297034306,nan,nan
1702297034317,nan,nan
1702297034329,nan,nan
1702297034339,nan,nan
1702297034350,nan,nan
1702297034371,nan,nan
1702297034393,nan,nan
1702297034394,nan,nan
1702297034395,nan,nan
1702297034409,nan,nan
1702297034417,nan,nan
1702297034429,nan,nan
1702297034438,nan,nan
1702297034450,nan,nan
1702297034462,nan,nan
1702297034472,nan,nan
1702297034483,nan,nan
1702297034496,nan,nan
1702297034527,nan,nan
1702297034528,nan,nan
1702297034529,nan,nan
1702297034545,nan,nan
1702297034549,nan,nan
1702297034562,nan,nan
1702297034572,nan,nan
1702297034583,nan,nan
1702297034595,nan,nan
1702297034605,nan,nan
1702297034616,nan,nan
1702297034660,nan,nan
1702297034662,nan,nan
1702297034675,nan,nan
1702297034683,nan,nan
1702297034695,nan,nan
1702297034705,nan,nan
1702297034717,nan,nan
1702297034728,nan,nan
1702297034739,nan,nan
1702297034751,nan,nan
1702297034762,nan,nan
1702297034772,nan,nan
1702297034809,nan,nan
1702297034810,nan,nan
1702297034817,nan,nan
1702297034829,nan,nan
1702297034839,nan,nan
1702297034851,nan,nan
1702297034862,nan,nan
1702297034872,nan,nan
1702297034884,nan,nan
1702297034903,nan,nan
1702297034945,nan,nan
1702297034946,nan,nan
1702297034950,nan,nan
1702297034961,nan,nan
1702297034974,nan,nan
1702297034983,nan,nan
1702297034995,nan,nan
1702297035006,nan,nan
1702297035017,nan,nan
1702297035028,1870.2674865722656,623.2027244567871
1702297035039,1870.2674865722656,623.2027244567871
1702297035078,1870.2674865722656,623.2027244567871
1702297035079,1786.8917846679688,532.1237897872925
1702297035084,1782.8660583496094,550.6432628631592
1702297035095,1790.1078796386719,550.7578468322754
1702297035107,1795.2569580078125,548.0009651184082
1702297035118,1798.2777404785156,544.8207235336304
1702297035129,1775.1141357421875,549.7080516815186
1702297035139,1720.0148010253906,693.576250076294
1702297035151,1665.9535217285156,696.7356777191162
1702297035162,1376.2057495117188,733.4649467468262
1702297035174,1360.5674743652344,697.6025247573853
1702297035186,1316.4871978759766,677.2665739059448
1702297035208,1315.1333618164062,677.7908277511597
1702297035227,1345.6980895996094,719.6170020103455
1702297035228,1332.711410522461,714.2548584938049
1702297035230,1313.4784698486328,756.1021256446838
1702297035243,1289.5236587524414,794.0199995040894
1702297035251,1309.2774963378906,828.3127498626709
1702297035262,nan,nan
1702297035273,nan,nan
1702297035285,nan,nan
1702297035296,nan,nan
1702297035307,1445.2972412109375,674.1136264801025
1702297035319,1437.5179290771484,692.4657940864563
