timestamp,x,y
1702297372850,nan,nan
1702297372861,nan,nan
1702297372872,nan,nan
1702297372883,nan,nan
1702297372922,nan,nan
1702297372927,701.0369873046875,1192.1319150924683
1702297372938,1022.1470260620117,824.4116163253784
1702297372952,1058.3085632324219,781.6616678237915
1702297372961,1068.5484313964844,772.4904012680054
1702297372972,1091.139144897461,762.4357652664185
1702297372983,1085.391845703125,759.8471546173096
1702297372994,1090.6946563720703,754.6945667266846
1702297373005,1095.1894760131836,758.6828184127808
1702297373016,1104.0027236938477,756.8169450759888
1702297373035,1102.5860595703125,764.2946004867554
1702297373056,1107.3305130004883,764.4009017944336
1702297373061,1108.9187240600586,764.4145488739014
1702297373072,1113.0600357055664,763.1239128112793
1702297373084,1109.2598724365234,760.3039884567261
1702297373094,1112.8250122070312,763.9939785003662
1702297373105,1110.1940536499023,762.3405361175537
1702297373117,1111.2297821044922,765.4980325698853
1702297373128,1111.844139099121,769.0168762207031
1702297373139,1108.7321472167969,774.1169786453247
1702297373150,1111.138038635254,764.5763397216797
1702297373161,1112.8128814697266,705.8802938461304
1702297373172,1125.5122375488281,408.553991317749
1702297373208,1119.124755859375,312.05374360084534
1702297373224,1134.0962600708008,250.19949316978455
1702297373228,1134.9530792236328,241.00513815879822
1702297373239,1137.6099395751953,237.65605688095093
1702297373250,1133.6775588989258,232.76599287986755
1702297373261,1129.2246627807617,234.7251534461975
1702297373272,1124.6339416503906,222.1736705303192
1702297373283,1122.3773574829102,227.82968759536743
1702297373295,1126.9931411743164,230.90097784996033
1702297373306,1131.3917922973633,219.32066917419434
1702297373343,1137.6016998291016,187.42545425891876
1702297373350,1150.7790756225586,115.04530906677246
1702297373361,1147.9242706298828,118.90234708786011
1702297373372,1146.1115264892578,123.45040261745453
1702297373383,1152.5000762939453,129.14820313453674
1702297373394,1150.5332565307617,122.31944382190704
1702297373405,1154.096794128418,133.32047045230865
1702297373416,1146.3199615478516,123.57799530029297
1702297373428,1119.2312240600586,124.48659896850586
1702297373439,888.1421661376953,53.690366595983505
1702297373449,839.0917587280273,47.9544398188591
1702297373461,703.1527709960938,56.60811245441437
1702297373492,321.3198471069336,85.7570618391037
1702297373494,298.19911003112793,95.59110760688782
1702297373508,289.2631530761719,108.19846630096436
1702297373516,281.527042388916,105.4641580581665
1702297373527,280.0454807281494,108.99264693260193
1702297373539,267.01541900634766,100.25233089923859
1702297373550,274.57794189453125,101.47127151489258
1702297373561,275.1869297027588,101.57175242900848
1702297373572,275.0767707824707,103.84323477745056
1702297373583,268.3245849609375,98.08718740940094
1702297373594,262.29214668273926,98.49361181259155
1702297373605,260.3422737121582,98.02865087985992
1702297373641,266.1181640625,102.0888501405716
1702297373650,278.7042427062988,113.88432830572128
1702297373661,299.8700428009033,107.65715897083282
1702297373672,404.70773696899414,98.36622834205627
1702297373683,421.8486976623535,91.45466923713684
1702297373694,425.35491943359375,90.13714671134949
1702297373705,439.3582534790039,115.8821314573288
1702297373716,445.9910011291504,116.45007312297821
1702297373727,446.03052139282227,117.22258150577545
1702297373739,451.175537109375,122.6458203792572
1702297373773,451.7477798461914,123.61526191234589
1702297373774,590.9714698791504,106.9273567199707
1702297373789,628.548641204834,105.65394043922424
1702297373794,667.7547836303711,101.67339742183685
1702297373806,716.3137817382812,96.28730982542038
1702297373816,724.0657424926758,95.48573702573776
1702297373827,722.4533081054688,88.13236981630325
1702297373838,730.6794357299805,91.01272165775299
1702297373850,731.5886688232422,93.71619790792465
1702297373861,732.611083984375,97.28238523006439
1702297373872,738.1948089599609,100.70869535207748
1702297373910,744.4425964355469,104.79515612125397
1702297373916,723.0350875854492,94.82753366231918
1702297373928,722.2455596923828,84.39460963010788
1702297373940,722.2696685791016,84.16196286678314
1702297373949,724.605598449707,84.49168413877487
1702297373961,731.9374847412109,90.91808795928955
1702297373972,806.7190170288086,107.82204508781433
1702297373983,868.974723815918,114.64715123176575
1702297373994,964.9591827392578,113.72019052505493
1702297374005,1196.5422821044922,94.89712357521057
1702297374042,1258.990821838379,84.9678298830986
1702297374043,1283.1682586669922,72.87607625126839
1702297374050,1295.6565856933594,78.54999169707298
1702297374060,1309.608154296875,88.57896566390991
1702297374073,1310.1062774658203,89.25899147987366
1702297374082,1303.0667877197266,79.03563112020493
1702297374093,1300.8544921875,82.77116775512695
1702297374104,1299.48974609375,78.13081204891205
1702297374115,1305.3118133544922,79.30578857660294
1702297374127,1304.428482055664,68.9344185590744
1702297374137,1307.1768188476562,80.62441349029541
1702297374149,1293.5131072998047,94.32149469852448
1702297374191,1297.9125213623047,111.53296709060669
1702297374192,1330.0624084472656,109.56043839454651
1702297374193,1387.2061157226562,105.96254199743271
1702297374207,1497.2066497802734,105.20602494478226
1702297374216,1532.1809387207031,108.78898411989212
1702297374227,1550.013198852539,101.01436525583267
1702297374238,1552.1224975585938,96.79420441389084
1702297374250,1551.693115234375,90.55753201246262
1702297374261,1550.946044921875,99.64948296546936
1702297374271,1554.2847442626953,113.83424073457718
1702297374283,1553.6309051513672,117.8830486536026
1702297374294,1549.2967224121094,116.14318817853928
1702297374325,1548.9801788330078,112.29613602161407
1702297374327,1543.3686065673828,119.45694744586945
1702297374340,1374.6646118164062,148.2949000597
1702297374348,1337.6144409179688,153.68454158306122
1702297374360,1170.4618835449219,165.05125522613525
1702297374371,731.4097595214844,194.85781252384186
1702297374382,709.243049621582,199.78085160255432
1702297374394,668.7449645996094,207.8077483177185
1702297374405,616.7647933959961,213.03003072738647
1702297374416,608.0203437805176,212.0919120311737
1702297374427,608.9396667480469,219.35994744300842
1702297374438,611.3138961791992,233.52575540542603
1702297374456,613.9776992797852,228.2448399066925
1702297374476,614.5550918579102,220.4926174879074
1702297374482,603.8326263427734,224.36939120292664
1702297374493,600.5008125305176,228.0422043800354
1702297374507,589.622802734375,219.17827606201172
1702297374516,590.0758934020996,207.07428216934204
1702297374527,577.35107421875,207.06040978431702
1702297374538,467.66740798950195,210.38495421409607
1702297374549,443.5793876647949,222.01618194580078
1702297374560,422.39938735961914,217.91913986206055
1702297374571,428.48806381225586,212.1820342540741
1702297374608,426.24107360839844,209.37993049621582
1702297374609,432.33097076416016,215.2912724018097
1702297374615,429.63478088378906,214.46226060390472
1702297374627,426.1411666870117,207.53297746181488
1702297374640,427.64930725097656,211.69052481651306
1702297374649,420.5516242980957,205.86013197898865
1702297374661,417.6734924316406,209.2912995815277
1702297374671,417.6738739013672,204.76752877235413
1702297374682,414.6327018737793,205.1784646511078
1702297374694,419.19189453125,208.88850688934326
1702297374705,400.36556243896484,221.13912105560303
1702297374715,376.774959564209,218.21919322013855
1702297374738,356.5110206604004,212.27731704711914
1702297374758,335.4327964782715,239.19592380523682
1702297374760,344.7978973388672,255.49594402313232
1702297374773,344.52308654785156,254.64463233947754
1702297374782,333.2748031616211,250.10277271270752
1702297374794,340.853271484375,246.59244775772095
1702297374804,342.41079330444336,247.3671019077301
1702297374815,351.7574691772461,257.1473479270935
1702297374826,345.77003479003906,258.2020354270935
1702297374837,329.2013168334961,244.4479465484619
1702297374848,321.55837059020996,234.73648309707642
1702297374859,319.6007442474365,235.4515278339386
1702297374870,395.0447082519531,235.86517810821533
1702297374909,489.9549674987793,277.7368104457855
1702297374910,1156.4479446411133,714.0034174919128
1702297374916,1242.6501083374023,786.5632009506226
1702297374927,1294.6753692626953,818.4194755554199
1702297374940,1371.6093444824219,867.3136568069458
1702297374949,1374.7891235351562,860.9202146530151
1702297374960,1373.1242370605469,861.8144845962524
1702297374971,1381.7912292480469,873.323221206665
1702297374982,1382.2108459472656,881.2285280227661
1702297374993,1383.5765838623047,878.9586925506592
1702297375004,1393.7560272216797,882.3965120315552
1702297375043,1393.9744567871094,883.3511638641357
1702297375044,1396.62353515625,888.0146026611328
1702297375049,1404.6868896484375,896.5690469741821
1702297375060,1401.4096069335938,897.3246145248413
1702297375073,1405.6546020507812,900.0664329528809
1702297375082,1396.4212799072266,890.194787979126
1702297375093,1394.4091796875,886.5814447402954
1702297375104,1395.76904296875,893.1789064407349
1702297375115,1396.0135650634766,892.8951501846313
1702297375126,1393.6774444580078,895.0389432907104
1702297375137,1389.4987487792969,895.9491348266602
1702297375148,1391.3947296142578,903.0156183242798
1702297375160,1403.2121276855469,901.4499807357788
1702297375193,1408.2723236083984,899.2570066452026
1702297375209,1161.656723022461,862.1540307998657
1702297375215,1156.168441772461,867.3526239395142
1702297375226,1151.526222229004,867.9569578170776
1702297375237,1161.8520736694336,874.4470453262329
1702297375248,1153.1020736694336,870.8833122253418
1702297375259,1155.9963607788086,876.2676429748535
1702297375270,1155.3651809692383,879.236569404602
1702297375281,1163.6273956298828,880.3925800323486
1702297375292,1170.4605102539062,869.1264009475708
1702297375325,1175.7880401611328,861.8989849090576
1702297375326,1173.0280303955078,862.4966669082642
1702297375341,1163.9819717407227,873.2955837249756
1702297375348,1164.9301528930664,882.5185632705688
1702297375360,1161.8146133422852,887.388596534729
1702297375370,1164.0264511108398,878.9234161376953
1702297375381,1162.5691223144531,872.3082304000854
1702297375392,1158.41796875,868.5645532608032
1702297375404,1158.0516052246094,876.0606622695923
1702297375415,1151.5082550048828,877.1676635742188
1702297375426,1159.7532272338867,873.1470108032227
1702297375437,1156.577033996582,876.9381093978882
1702297375458,1160.295524597168,878.6644649505615
1702297375481,1156.0420608520508,881.4904403686523
1702297375482,1151.2712097167969,876.320858001709
1702297375498,1154.1834259033203,886.2287664413452
1702297375504,1155.8545303344727,895.7211685180664
1702297375515,1151.6265869140625,887.6195240020752
1702297375526,1148.215217590332,884.0030908584595
1702297375537,1147.4563217163086,880.4906845092773
1702297375548,1151.6638565063477,885.4555177688599
1702297375559,1143.1484603881836,882.4669790267944
1702297375570,1113.6095428466797,876.5969753265381
1702297375581,1112.6767349243164,876.310772895813
1702297375592,1111.8951416015625,882.0538330078125
1702297375625,1117.4756622314453,889.1522455215454
1702297375626,1118.7067794799805,890.1136350631714
1702297375640,1115.0880432128906,883.0395126342773
1702297375648,1118.4785842895508,884.7793006896973
1702297375660,1115.4812622070312,878.7816667556763
1702297375670,1116.6474533081055,891.6043853759766
1702297375681,1113.6871337890625,889.8749828338623
1702297375692,1119.0938186645508,889.3364381790161
1702297375703,1117.1466064453125,888.232569694519
1702297375714,1121.0715103149414,899.3683290481567
1702297375725,1114.4520950317383,906.0638523101807
1702297375737,1107.7726745605469,906.7938423156738
1702297375776,1097.3264694213867,902.086329460144
1702297375781,1106.529769897461,894.8178434371948
1702297375792,1101.9359970092773,899.1052150726318
1702297375806,1106.0572814941406,908.3965158462524
1702297375815,1114.5491027832031,912.7965831756592
1702297375826,1113.9323043823242,919.5262241363525
1702297375837,1106.8816757202148,923.657169342041
1702297375848,1097.8900527954102,905.2616357803345
1702297375859,1104.1453552246094,904.0800905227661
1702297375870,1107.9118728637695,900.2390384674072
1702297375881,1108.66455078125,911.7060613632202
1702297375892,1105.6706237792969,904.949426651001
1702297375925,1106.9120407104492,910.59730052948
1702297375940,1492.3786163330078,1067.9284715652466
1702297375947,1565.03173828125,1081.7541217803955
1702297375958,1565.03173828125,1081.7541217803955
1702297375968,nan,nan
1702297375979,nan,nan
1702297375990,nan,nan
1702297376001,nan,nan
1702297376012,nan,nan
1702297376023,nan,nan
1702297376061,nan,nan
1702297376067,nan,nan
1702297376078,nan,nan
1702297376090,nan,nan
1702297376101,nan,nan
1702297376111,nan,nan
1702297376129,nan,nan
1702297376148,nan,nan
1702297376159,nan,nan
1702297376169,nan,nan
1702297376189,nan,nan
1702297376210,nan,nan
1702297376211,nan,nan
1702297376214,nan,nan
1702297376226,nan,nan
1702297376236,nan,nan
1702297376247,nan,nan
1702297376260,nan,nan
1702297376268,nan,nan
1702297376281,nan,nan
1702297376293,nan,nan
1702297376302,nan,nan
1702297376314,nan,nan
1702297376345,nan,nan
1702297376346,nan,nan
1702297376347,nan,nan
1702297376363,nan,nan
1702297376369,nan,nan
1702297376382,nan,nan
1702297376393,nan,nan
1702297376402,nan,nan
1702297376413,nan,nan
1702297376426,nan,nan
1702297376435,nan,nan
1702297376447,nan,nan
1702297376460,nan,nan
1702297376494,nan,nan
1702297376513,nan,nan
1702297376514,nan,nan
1702297376527,nan,nan
1702297376536,nan,nan
1702297376547,nan,nan
1702297376560,nan,nan
1702297376568,nan,nan
1702297376580,nan,nan
1702297376592,nan,nan
1702297376602,nan,nan
1702297376613,nan,nan
1702297376646,nan,nan
1702297376647,nan,nan
1702297376663,nan,nan
1702297376670,nan,nan
1702297376680,nan,nan
1702297376692,nan,nan
1702297376702,nan,nan
1702297376714,nan,nan
1702297376725,nan,nan
1702297376735,nan,nan
1702297376747,nan,nan
1702297376759,nan,nan
1702297376796,nan,nan
1702297376797,nan,nan
1702297376802,nan,nan
1702297376813,nan,nan
1702297376827,nan,nan
1702297376835,nan,nan
1702297376846,nan,nan
1702297376859,nan,nan
1702297376868,nan,nan
1702297376880,nan,nan
1702297376892,nan,nan
1702297376928,nan,nan
1702297376929,nan,nan
1702297376934,nan,nan
1702297376947,nan,nan
1702297376959,nan,nan
1702297376968,nan,nan
1702297376980,nan,nan
1702297376992,nan,nan
1702297377001,nan,nan
1702297377013,nan,nan
1702297377025,nan,nan
1702297377035,nan,nan
1702297377060,nan,nan
1702297377079,nan,nan
1702297377080,nan,nan
1702297377096,nan,nan
1702297377102,nan,nan
1702297377114,nan,nan
1702297377125,nan,nan
1702297377136,nan,nan
1702297377147,nan,nan
1702297377158,nan,nan
1702297377169,nan,nan
1702297377180,nan,nan
1702297377212,961.1275482177734,645.5438089370728
1702297377213,961.1275482177734,645.5438089370728
1702297377228,944.9203491210938,500.60126781463623
1702297377236,944.9203491210938,500.60126781463623
1702297377247,944.9203491210938,500.60126781463623
1702297377258,931.4082336425781,663.5590267181396
1702297377270,931.4082336425781,663.5590267181396
1702297377282,930.6692504882812,601.3790059089661
1702297377293,913.59619140625,527.5991821289062
1702297377305,910.0992584228516,497.7473974227905
1702297377343,911.1457824707031,496.0117506980896
1702297377348,1054.638671875,855.5657958984375
1702297377360,1053.3856201171875,854.9944639205933
1702297377371,1055.8348846435547,809.0619993209839
1702297377381,1058.3346939086914,815.8771705627441
1702297377394,1057.3208236694336,818.1027173995972
1702297377405,1055.4669189453125,834.8668670654297
1702297377416,1057.5111389160156,834.081859588623
1702297377427,1056.9317245483398,833.2859516143799
1702297377438,1063.797264099121,820.1169490814209
1702297377460,1065.8222579956055,824.8420143127441
1702297377480,1063.2443618774414,831.0048723220825
1702297377481,1060.2744674682617,831.5758609771729
1702297377483,1053.8174438476562,825.6032037734985
1702297377496,1054.3850708007812,820.7481908798218
1702297377505,1051.289291381836,831.9873332977295
1702297377516,1069.1322708129883,836.6747188568115
1702297377527,1091.9342803955078,841.9940757751465
1702297377538,1175.5076599121094,835.677924156189
1702297377549,1178.2457733154297,835.038743019104
1702297377560,1174.339942932129,835.1488637924194
1702297377571,1180.0055694580078,844.3370389938354
1702297377582,1179.5322036743164,841.8240880966187
1702297377602,1185.038185119629,843.2437705993652
1702297377622,1184.6466445922852,840.1373434066772
1702297377623,1182.3405075073242,842.5715446472168
1702297377627,1185.1746368408203,834.8076438903809
1702297377638,1185.5711364746094,826.314868927002
1702297377649,1187.843360900879,825.6680488586426
1702297377660,1179.3303298950195,827.2899913787842
1702297377671,1175.731430053711,834.6215629577637
1702297377681,1176.0721969604492,830.5675220489502
1702297377693,1180.6524276733398,833.9379644393921
1702297377705,1189.8772048950195,842.7580547332764
1702297377716,1194.4871520996094,848.9888048171997
1702297377727,1193.6922073364258,846.9661617279053
1702297377761,1194.8947143554688,843.8091373443604
1702297377762,1192.6618194580078,845.7476663589478
1702297377777,1197.511215209961,852.7623081207275
1702297377783,1195.7393646240234,847.4072027206421
1702297377794,1191.4510345458984,850.6903553009033
1702297377805,1190.5831146240234,845.3234481811523
1702297377816,1196.1708068847656,851.6496849060059
1702297377827,1200.7591247558594,853.7472581863403
1702297377838,1191.4495086669922,853.1792306900024
1702297377849,1190.730323791504,858.9396715164185
1702297377860,1191.7866516113281,861.8763256072998
1702297377895,1191.2895965576172,863.843092918396
1702297377896,1186.4319610595703,858.5493564605713
1702297377910,1184.3937683105469,856.9337224960327
1702297377916,1188.9502334594727,857.7302312850952
1702297377928,1191.8341445922852,860.5118751525879
1702297377938,1188.8125228881836,854.6532011032104
1702297377949,1182.0210647583008,849.0633487701416
1702297377960,1178.1475067138672,842.2483921051025
1702297377971,1202.5274276733398,835.7023859024048
1702297377982,1206.2791442871094,835.643892288208
1702297377993,1215.9377670288086,831.6909170150757
1702297378004,1210.2970123291016,843.4053468704224
1702297378015,1217.6204299926758,852.6851892471313
1702297378053,1219.0866470336914,859.2037725448608
1702297378060,1228.815574645996,862.196044921875
1702297378071,1222.6876068115234,860.8527517318726
1702297378082,1214.948844909668,847.8175163269043
1702297378093,1211.1344528198242,853.1673431396484
1702297378104,1209.2281341552734,861.0975408554077
1702297378115,1213.3312225341797,865.9568881988525
1702297378126,1217.620964050293,860.6452131271362
1702297378137,1224.5487976074219,862.864580154419
1702297378148,1225.3813552856445,865.9771871566772
1702297378160,1225.6170272827148,868.3490753173828
1702297378180,1229.4793701171875,863.3301258087158
1702297378203,1226.1213684082031,856.1463117599487
1702297378204,1221.2184524536133,848.3585500717163
1702297378220,1228.1219863891602,848.0298185348511
1702297378227,1224.246482849121,851.7556428909302
1702297378237,1225.15625,853.361234664917
1702297378248,1222.4604034423828,853.7234830856323
1702297378259,1223.0070114135742,854.5511054992676
1702297378270,1220.5198669433594,870.9657096862793
1702297378281,1221.0097885131836,876.410722732544
1702297378293,1223.3213806152344,880.0532913208008
1702297378303,1209.7257614135742,902.0548725128174
1702297378315,1209.2708206176758,886.6971445083618
1702297378346,1223.4696197509766,873.0204963684082
1702297378348,1234.186782836914,884.4814682006836
1702297378362,1219.6257400512695,888.314151763916
1702297378370,1212.6155090332031,871.1798143386841
1702297378381,1174.0827178955078,880.1325559616089
1702297378393,1111.242904663086,867.179160118103
1702297378404,699.1963577270508,817.8745365142822
1702297378415,626.2430572509766,808.9619636535645
1702297378426,574.6919250488281,806.8129777908325
1702297378438,463.5498046875,830.4855108261108
1702297378480,459.6309280395508,827.4767160415649
1702297378481,453.4142303466797,836.1231708526611
1702297378482,451.2614059448242,847.9442882537842
1702297378494,446.0810661315918,846.2899017333984
1702297378504,449.0914726257324,838.0657768249512
1702297378515,451.73364639282227,839.2494678497314
1702297378526,449.9355125427246,834.3540716171265
1702297378537,438.4242630004883,843.5701847076416
1702297378548,434.7181510925293,835.6910991668701
1702297378559,438.1034851074219,835.7572317123413
1702297378571,434.02854919433594,821.3385343551636
1702297378582,442.5643730163574,824.0872621536255
1702297378593,438.2866668701172,826.0854005813599
1702297378630,446.2713813781738,836.1090087890625
1702297378631,447.12886810302734,840.1533937454224
1702297378637,447.65247344970703,833.3849573135376
1702297378648,462.6982879638672,832.4693155288696
1702297378660,461.33750915527344,836.7092657089233
1702297378670,1239.1901016235352,920.5189418792725
1702297378680,1312.3404693603516,913.4440040588379
1702297378691,1312.3404693603516,913.4440040588379
1702297378702,nan,nan
1702297378713,nan,nan
1702297378724,nan,nan
1702297378735,nan,nan
1702297378777,nan,nan
1702297378778,nan,nan
1702297378780,nan,nan
1702297378792,nan,nan
1702297378801,nan,nan
1702297378812,nan,nan
1702297378823,nan,nan
1702297378834,nan,nan
1702297378846,nan,nan
1702297378857,nan,nan
1702297378868,nan,nan
1702297378878,nan,nan
1702297378912,nan,nan
1702297378913,1448.9604187011719,771.7075824737549
1702297378927,1448.9604187011719,771.7075824737549
1702297378934,nan,nan
1702297378945,nan,nan
1702297378956,nan,nan
1702297378967,nan,nan
1702297378978,nan,nan
1702297378989,nan,nan
1702297379000,nan,nan
1702297379012,nan,nan
1702297379048,nan,nan
1702297379049,nan,nan
1702297379065,nan,nan
1702297379068,nan,nan
1702297379079,nan,nan
1702297379089,nan,nan
1702297379101,nan,nan
1702297379111,nan,nan
1702297379123,nan,nan
1702297379134,nan,nan
1702297379145,nan,nan
1702297379156,nan,nan
1702297379197,nan,nan
1702297379201,nan,nan
1702297379212,nan,nan
1702297379223,nan,nan
1702297379234,nan,nan
1702297379245,nan,nan
1702297379256,nan,nan
1702297379268,nan,nan
1702297379278,nan,nan
1702297379290,nan,nan
1702297379328,nan,nan
1702297379329,nan,nan
1702297379334,nan,nan
1702297379345,nan,nan
1702297379357,nan,nan
1702297379368,nan,nan
1702297379379,nan,nan
1702297379390,nan,nan
1702297379401,nan,nan
1702297379412,nan,nan
1702297379423,nan,nan
1702297379435,nan,nan
1702297379445,nan,nan
1702297379479,nan,nan
1702297379494,nan,nan
1702297379500,nan,nan
1702297379512,nan,nan
1702297379523,nan,nan
1702297379534,nan,nan
1702297379545,nan,nan
1702297379557,2413.5992431640625,1239.848928451538
1702297379568,1931.50390625,915.4371643066406
1702297379579,1931.50390625,915.4371643066406
1702297379612,1776.8923950195312,830.6873416900635
1702297379613,1641.7666625976562,815.383472442627
1702297379627,1565.0990295410156,772.8346252441406
1702297379634,1565.0990295410156,772.8346252441406
1702297379645,1565.0990295410156,772.8346252441406
1702297379657,1574.2012023925781,688.3265018463135
1702297379668,1543.6962890625,616.1160707473755
1702297379679,1543.6962890625,616.1160707473755
1702297379690,1540.5323791503906,608.4388589859009
1702297379701,1550.0343322753906,615.5240964889526
1702297379712,1550.0343322753906,615.5240964889526
1702297379724,1518.4445190429688,630.0890493392944
1702297379744,1235.8306121826172,653.8667678833008
1702297379764,1216.256332397461,663.0488920211792
1702297379768,1232.0752716064453,652.716851234436
1702297379780,1232.9877471923828,647.968955039978
1702297379790,1227.5816345214844,656.4352941513062
1702297379801,1225.2613067626953,679.789867401123
1702297379812,1244.9585723876953,680.1375675201416
1702297379823,1237.2834777832031,693.3914995193481
1702297379834,1221.321792602539,673.716402053833
1702297379845,1202.6090240478516,681.1924695968628
1702297379857,1202.7781677246094,673.209228515625
1702297379896,1208.514175415039,701.3505792617798
1702297379897,1213.6058044433594,708.2096529006958
1702297379901,1214.0093231201172,714.2475414276123
1702297379912,1220.4631042480469,708.1993532180786
1702297379924,1218.6048889160156,711.8209791183472
1702297379934,1218.2546997070312,703.1337976455688
1702297379946,1216.461181640625,708.8599920272827
1702297379957,1218.4712219238281,708.8660860061646
1702297379968,1230.0767517089844,730.3733253479004
1702297379979,1223.870620727539,728.0989837646484
1702297379990,1225.7637786865234,729.323616027832
1702297380001,1215.5108642578125,720.624589920044
1702297380012,1212.9427337646484,726.408634185791
1702297380048,1203.6712646484375,737.0394515991211
1702297380049,1190.8760833740234,771.8796730041504
1702297380064,1198.3443450927734,779.5823764801025
1702297380068,1199.449462890625,786.1957168579102
1702297380079,1198.226089477539,788.0164432525635
1702297380090,1189.915542602539,774.376745223999
1702297380101,1207.4736785888672,781.2880897521973
1702297380112,1213.388671875,782.2233009338379
1702297380123,1215.7880401611328,794.9682998657227
1702297380134,1198.3863830566406,788.3874034881592
1702297380146,1197.4790954589844,787.3800945281982
1702297380181,1197.5016784667969,785.2387046813965
1702297380182,1197.8047943115234,802.0338821411133
1702297380197,1199.2529296875,809.7283458709717
1702297380201,1206.1956024169922,811.5181732177734
1702297380212,1205.5906677246094,807.0168685913086
1702297380223,1202.579116821289,805.8444213867188
1702297380234,1191.341552734375,804.4694137573242
1702297380245,1188.3773803710938,814.6202659606934
1702297380256,1187.1361541748047,814.0089797973633
1702297380268,1196.8402862548828,816.6571998596191
1702297380278,1194.750747680664,812.1802711486816
1702297380291,1190.7613372802734,810.2788639068604
1702297380302,1189.0557861328125,814.5807838439941
1702297380332,1188.517837524414,816.5938568115234
1702297380333,1197.6741790771484,816.1165523529053
1702297380335,1212.3213195800781,817.7135181427002
1702297380350,1237.9472351074219,817.7027034759521
1702297380357,1248.957290649414,817.3229885101318
1702297380369,1286.015625,817.0675563812256
1702297380379,1275.7866668701172,813.9845180511475
1702297380390,1272.3464965820312,817.5739574432373
1702297380400,1273.307113647461,809.5282745361328
1702297380412,1274.9436950683594,811.8464756011963
1702297380423,1269.7764587402344,819.2504024505615
1702297380434,1256.8254852294922,841.360387802124
1702297380446,1266.530532836914,847.4402046203613
1702297380483,1271.3153076171875,841.9514179229736
1702297380484,1283.6407470703125,833.1011581420898
1702297380490,1283.4207153320312,822.524585723877
1702297380501,1279.488296508789,832.4992275238037
1702297380513,1286.0433959960938,837.0310020446777
1702297380523,1274.485092163086,842.4246883392334
1702297380534,1259.7057342529297,854.478235244751
1702297380545,1256.0713195800781,854.2164516448975
1702297380557,1261.158447265625,858.8632392883301
1702297380568,1270.186767578125,851.4747619628906
1702297380579,1269.1512298583984,852.1778011322021
1702297380614,1263.1321716308594,852.0804691314697
1702297380615,1263.4740447998047,847.5482654571533
1702297380629,1268.1214904785156,850.3732967376709
1702297380634,1261.5652465820312,851.7560291290283
1702297380646,1261.8262481689453,850.5163764953613
1702297380657,1254.2289733886719,848.8030242919922
1702297380668,1267.426528930664,863.1533145904541
1702297380679,1268.3650207519531,866.323299407959
1702297380690,1273.2882690429688,861.527509689331
1702297380701,1270.9082794189453,855.1423072814941
1702297380712,1267.1461486816406,858.2331562042236
1702297380723,1267.9859924316406,862.5542163848877
1702297380765,1256.384048461914,876.1772632598877
1702297380766,1256.6804504394531,878.7423133850098
1702297380768,1270.6417846679688,864.662389755249
1702297380780,1273.0070495605469,862.4861526489258
1702297380790,1268.2329559326172,863.5750007629395
1702297380801,1262.8842163085938,878.3438873291016
1702297380812,1266.7499542236328,884.1850090026855
1702297380823,1282.0439147949219,897.518720626831
1702297380834,1540.7035827636719,949.1574668884277
1702297380845,1628.2669067382812,969.4452667236328
1702297380856,1700.3169250488281,963.4947109222412
1702297380867,1900.9815979003906,1069.390468597412
1702297380878,nan,nan
1702297380916,nan,nan
1702297380917,nan,nan
1702297380922,nan,nan
1702297380933,nan,nan
1702297380946,nan,nan
1702297380955,nan,nan
1702297380966,nan,nan
1702297380977,nan,nan
1702297380989,nan,nan
1702297380999,nan,nan
1702297381010,nan,nan
1702297381049,nan,nan
1702297381067,nan,nan
1702297381080,nan,nan
1702297381091,nan,nan
1702297381102,nan,nan
1702297381113,nan,nan
1702297381125,nan,nan
1702297381134,nan,nan
1702297381146,nan,nan
1702297381159,nan,nan
1702297381168,nan,nan
1702297381200,nan,nan
1702297381201,nan,nan
1702297381218,nan,nan
1702297381225,nan,nan
1702297381234,nan,nan
1702297381246,nan,nan
1702297381258,nan,nan
1702297381267,nan,nan
1702297381279,nan,nan
1702297381292,nan,nan
1702297381301,nan,nan
1702297381313,nan,nan
1702297381349,nan,nan
1702297381366,nan,nan
1702297381368,nan,nan
1702297381381,nan,nan
1702297381392,nan,nan
1702297381400,nan,nan
1702297381413,nan,nan
1702297381425,nan,nan
1702297381433,nan,nan
1702297381446,nan,nan
1702297381482,nan,nan
1702297381483,nan,nan
1702297381498,nan,nan
1702297381501,nan,nan
1702297381513,nan,nan
1702297381525,nan,nan
1702297381534,nan,nan
1702297381547,nan,nan
1702297381558,nan,nan
1702297381568,nan,nan
1702297381579,nan,nan
1702297381592,nan,nan
1702297381612,nan,nan
1702297381632,nan,nan
1702297381633,nan,nan
1702297381634,nan,nan
1702297381648,nan,nan
1702297381659,nan,nan
1702297381668,nan,nan
1702297381679,nan,nan
1702297381692,nan,nan
1702297381701,nan,nan
1702297381713,nan,nan
1702297381725,nan,nan
1702297381766,nan,nan
1702297381767,nan,nan
1702297381782,nan,nan
1702297381791,nan,nan
1702297381801,nan,nan
1702297381813,nan,nan
1702297381825,nan,nan
1702297381833,nan,nan
1702297381845,nan,nan
1702297381857,nan,nan
1702297381867,nan,nan
1702297381879,nan,nan
1702297381915,nan,nan
1702297381916,nan,nan
1702297381932,nan,nan
1702297381934,nan,nan
1702297381946,nan,nan
1702297381958,nan,nan
1702297381967,nan,nan
1702297381979,nan,nan
1702297381991,nan,nan
1702297382001,nan,nan
1702297382013,nan,nan
1702297382024,nan,nan
1702297382034,nan,nan
1702297382066,nan,nan
1702297382067,nan,nan
1702297382083,nan,nan
1702297382090,nan,nan
1702297382101,nan,nan
1702297382112,nan,nan
1702297382124,nan,nan
1702297382134,nan,nan
1702297382145,nan,nan
1702297382158,nan,nan
1702297382199,nan,nan
1702297382200,nan,nan
1702297382201,nan,nan
1702297382215,nan,nan
1702297382225,nan,nan
1702297382234,nan,nan
1702297382245,nan,nan
1702297382259,nan,nan
1702297382267,nan,nan
1702297382279,nan,nan
1702297382292,nan,nan
1702297382300,nan,nan
1702297382312,nan,nan
1702297382349,nan,nan
1702297382350,nan,nan
1702297382366,nan,nan
1702297382367,nan,nan
1702297382379,nan,nan
1702297382391,nan,nan
1702297382400,nan,nan
1702297382412,nan,nan
1702297382424,nan,nan
1702297382433,nan,nan
1702297382445,nan,nan
1702297382482,nan,nan
1702297382483,nan,nan
1702297382497,nan,nan
1702297382500,nan,nan
1702297382513,nan,nan
1702297382524,nan,nan
1702297382533,nan,nan
1702297382546,nan,nan
1702297382558,nan,nan
1702297382566,nan,nan
1702297382578,nan,nan
1702297382616,nan,nan
1702297382617,nan,nan
1702297382632,nan,nan
1702297382633,nan,nan
1702297382646,nan,nan
1702297382658,nan,nan
1702297382666,nan,nan
1702297382679,nan,nan
1702297382692,nan,nan
1702297382700,nan,nan
1702297382711,nan,nan
1702297382724,nan,nan
1702297382733,nan,nan
1702297382768,nan,nan
1702297382785,nan,nan
1702297382791,nan,nan
1702297382800,nan,nan
1702297382811,nan,nan
1702297382824,nan,nan
1702297382833,nan,nan
1702297382845,nan,nan
1702297382858,nan,nan
1702297382867,nan,nan
1702297382899,nan,nan
1702297382900,nan,nan
1702297382915,nan,nan
1702297382924,nan,nan
1702297382933,nan,nan
1702297382945,nan,nan
1702297382958,nan,nan
1702297382966,nan,nan
1702297382978,nan,nan
1702297382991,nan,nan
1702297383000,nan,nan
1702297383012,nan,nan
1702297383049,nan,nan
1702297383050,nan,nan
1702297383065,nan,nan
1702297383067,nan,nan
1702297383079,nan,nan
1702297383091,nan,nan
1702297383100,nan,nan
1702297383112,nan,nan
1702297383124,nan,nan
1702297383133,nan,nan
1702297383145,nan,nan
1702297383184,nan,nan
1702297383185,nan,nan
1702297383191,nan,nan
1702297383201,nan,nan
1702297383211,nan,nan
1702297383224,nan,nan
1702297383232,nan,nan
1702297383244,nan,nan
1702297383257,nan,nan
1702297383266,nan,nan
1702297383277,nan,nan
1702297383317,nan,nan
1702297383318,nan,nan
1702297383324,nan,nan
1702297383333,nan,nan
1702297383344,nan,nan
1702297383357,nan,nan
1702297383366,nan,nan
1702297383377,nan,nan
1702297383390,nan,nan
1702297383400,nan,nan
1702297383411,nan,nan
1702297383451,nan,nan
1702297383452,nan,nan
1702297383456,nan,nan
1702297383468,nan,nan
1702297383478,nan,nan
1702297383489,nan,nan
1702297383500,nan,nan
1702297383511,nan,nan
1702297383523,nan,nan
1702297383533,nan,nan
1702297383545,nan,nan
1702297383583,nan,nan
1702297383584,nan,nan
1702297383599,nan,nan
1702297383612,nan,nan
1702297383623,nan,nan
1702297383634,nan,nan
1702297383645,nan,nan
1702297383656,nan,nan
1702297383668,nan,nan
1702297383679,nan,nan
1702297383690,nan,nan
1702297383733,1425.4951477050781,855.6798648834229
1702297383735,1268.8597869873047,900.4609966278076
1702297383748,1268.8597869873047,900.4609966278076
1702297383757,1304.0414428710938,877.781867980957
1702297383768,1304.0414428710938,877.781867980957
1702297383780,1304.0414428710938,877.781867980957
1702297383792,1243.2012557983398,934.4177198410034
1702297383803,1243.2012557983398,934.4177198410034
1702297383814,1243.2012557983398,934.4177198410034
1702297383825,1101.456184387207,993.7159538269043
1702297383837,1203.282356262207,911.4528179168701
1702297383868,1212.2998428344727,911.9249725341797
1702297383869,1215.8820724487305,905.5730724334717
1702297383870,1210.717544555664,879.2781114578247
1702297383884,1208.703842163086,875.9193849563599
1702297383893,1210.511245727539,877.5494384765625
1702297383903,1197.282943725586,892.1653318405151
1702297383914,1166.1984634399414,923.5644292831421
1702297383926,1182.0183944702148,881.7385768890381
1702297383936,1151.3788986206055,898.0510425567627
1702297383947,1151.3788986206055,898.0510425567627
1702297383959,1150.978775024414,892.2532653808594
1702297383970,1212.9387664794922,861.2970542907715
1702297383981,1212.9387664794922,861.2970542907715
1702297383992,1215.4862213134766,859.1425323486328
1702297384027,1207.876319885254,848.536434173584
1702297384028,1209.7687530517578,845.4893159866333
1702297384043,1208.5948944091797,835.6532907485962
1702297384047,1209.0778732299805,834.7809076309204
1702297384059,1213.8174057006836,833.3074951171875
1702297384069,1201.565284729004,832.3403549194336
1702297384080,1199.6107864379883,832.1995496749878
1702297384092,1200.1947784423828,833.7445020675659
1702297384103,1200.4858016967773,836.5648555755615
1702297384114,1202.4564361572266,832.647500038147
1702297384126,1193.2844924926758,830.8727359771729
1702297384136,1191.7718505859375,822.4782800674438
1702297384168,1191.4864349365234,821.7588472366333
1702297384170,1195.4336547851562,822.1180486679077
1702297384186,1201.4401245117188,824.7318077087402
1702297384192,1200.2545928955078,816.4323663711548
1702297384204,1189.0540313720703,813.3882093429565
1702297384214,1183.551254272461,810.068793296814
1702297384226,1185.1210021972656,832.349967956543
1702297384237,1195.7666778564453,982.3386669158936
1702297384248,1197.0695495605469,1014.8835611343384
1702297384259,1201.2511825561523,1022.9800987243652
1702297384270,1189.7461318969727,991.3538503646851
1702297384281,1192.4015426635742,993.8004970550537
1702297384320,1191.025733947754,995.3167819976807
1702297384321,1194.8429870605469,999.2766237258911
1702297384326,1193.1878662109375,994.3593835830688
1702297384337,1200.7268905639648,992.9156684875488
1702297384348,1197.3376083374023,991.6658020019531
1702297384359,1200.8269500732422,993.5864782333374
1702297384370,1200.5269241333008,992.5138092041016
1702297384381,1200.8714294433594,993.9652919769287
1702297384392,1195.8235549926758,994.2551851272583
1702297384403,1111.9251251220703,989.5285749435425
1702297384413,1094.9706268310547,988.8294839859009
1702297384426,984.8159027099609,968.7737703323364
1702297384437,405.1089668273926,901.5360689163208
1702297384470,395.44063568115234,915.821385383606
1702297384489,330.13330459594727,914.2196130752563
1702297384492,327.0076370239258,911.9977140426636
1702297384505,326.22653007507324,922.2110080718994
1702297384514,327.61070251464844,916.2474918365479
1702297384526,331.41929626464844,920.6050300598145
1702297384537,312.23029136657715,911.9819641113281
1702297384548,311.55723571777344,918.7893676757812
1702297384559,307.23164558410645,916.7755651473999
1702297384569,301.2765884399414,919.6557426452637
1702297384602,306.69782638549805,919.3385982513428
1702297384603,404.0631866455078,931.1163711547852
1702297384618,447.5735664367676,934.1395425796509
1702297384623,471.6366195678711,928.3249855041504
1702297384635,1516.6929626464844,1361.804552078247
1702297384645,nan,nan
1702297384656,nan,nan
1702297384667,nan,nan
1702297384678,nan,nan
1702297384690,nan,nan
1702297384701,nan,nan
1702297384712,nan,nan
1702297384750,nan,nan
1702297384751,nan,nan
1702297384755,nan,nan
1702297384767,nan,nan
1702297384779,nan,nan
1702297384789,nan,nan
1702297384800,nan,nan
1702297384811,nan,nan
1702297384822,nan,nan
1702297384833,nan,nan
1702297384844,nan,nan
1702297384886,nan,nan
1702297384887,nan,nan
1702297384889,nan,nan
1702297384902,nan,nan
1702297384911,nan,nan
1702297384922,nan,nan
1702297384933,nan,nan
1702297384944,nan,nan
1702297384956,nan,nan
1702297384967,nan,nan
1702297384978,nan,nan
1702297384989,nan,nan
1702297385001,nan,nan
1702297385034,nan,nan
1702297385050,nan,nan
1702297385057,nan,nan
1702297385068,nan,nan
1702297385078,nan,nan
1702297385089,nan,nan
1702297385101,nan,nan
1702297385111,nan,nan
1702297385123,nan,nan
1702297385134,nan,nan
1702297385145,nan,nan
1702297385166,nan,nan
1702297385185,nan,nan
1702297385189,nan,nan
1702297385203,nan,nan
1702297385211,nan,nan
1702297385222,nan,nan
1702297385233,nan,nan
1702297385244,nan,nan
1702297385256,nan,nan
1702297385267,nan,nan
1702297385278,nan,nan
1702297385318,nan,nan
1702297385319,nan,nan
1702297385323,nan,nan
1702297385334,nan,nan
1702297385345,nan,nan
1702297385356,nan,nan
1702297385366,nan,nan
1702297385378,nan,nan
1702297385390,nan,nan
1702297385400,nan,nan
1702297385411,nan,nan
1702297385423,nan,nan
1702297385433,nan,nan
1702297385468,nan,nan
1702297385484,nan,nan
1702297385490,nan,nan
1702297385501,nan,nan
1702297385510,nan,nan
1702297385523,nan,nan
1702297385533,nan,nan
1702297385543,nan,nan
1702297385556,nan,nan
1702297385567,nan,nan
1702297385603,nan,nan
1702297385604,nan,nan
1702297385617,nan,nan
1702297385623,nan,nan
1702297385632,nan,nan
1702297385644,nan,nan
1702297385655,nan,nan
1702297385666,nan,nan
1702297385677,nan,nan
1702297385689,nan,nan
1702297385700,nan,nan
1702297385736,nan,nan
1702297385737,nan,nan
1702297385744,nan,nan
1702297385756,nan,nan
1702297385767,nan,nan
1702297385777,nan,nan
1702297385789,nan,nan
1702297385799,nan,nan
1702297385811,nan,nan
1702297385822,nan,nan
1702297385833,nan,nan
1702297385844,nan,nan
1702297385855,nan,nan
1702297385886,nan,nan
1702297385888,nan,nan
1702297385901,nan,nan
1702297385910,nan,nan
1702297385922,nan,nan
1702297385931,nan,nan
1702297385950,nan,nan
1702297385969,nan,nan
1702297385981,nan,nan
1702297386020,nan,nan
1702297386021,nan,nan
1702297386026,nan,nan
1702297386035,nan,nan
1702297386048,nan,nan
1702297386059,nan,nan
1702297386068,nan,nan
1702297386081,nan,nan
1702297386093,nan,nan
1702297386102,nan,nan
1702297386114,nan,nan
1702297386126,nan,nan
1702297386135,nan,nan
1702297386169,nan,nan
1702297386170,nan,nan
1702297386185,nan,nan
1702297386191,nan,nan
1702297386202,nan,nan
1702297386213,nan,nan
1702297386225,nan,nan
1702297386235,nan,nan
1702297386246,nan,nan
1702297386258,nan,nan
1702297386268,nan,nan
1702297386302,nan,nan
1702297386303,nan,nan
1702297386319,nan,nan
1702297386326,nan,nan
1702297386336,nan,nan
1702297386346,nan,nan
1702297386358,nan,nan
1702297386368,nan,nan
1702297386380,nan,nan
1702297386392,nan,nan
1702297386402,nan,nan
1702297386413,nan,nan
1702297386434,nan,nan
1702297386455,nan,nan
1702297386459,nan,nan
1702297386471,nan,nan
1702297386480,nan,nan
1702297386492,nan,nan
1702297386501,nan,nan
1702297386513,nan,nan
1702297386525,nan,nan
1702297386535,nan,nan
1702297386546,nan,nan
1702297386584,nan,nan
1702297386599,nan,nan
1702297386602,nan,nan
1702297386615,nan,nan
1702297386625,nan,nan
1702297386635,nan,nan
1702297386646,nan,nan
1702297386658,nan,nan
1702297386668,nan,nan
1702297386680,nan,nan
1702297386692,nan,nan
1702297386702,nan,nan
1702297386736,nan,nan
1702297386737,nan,nan
1702297386752,nan,nan
1702297386759,nan,nan
1702297386770,nan,nan
1702297386779,nan,nan
1702297386791,nan,nan
1702297386801,nan,nan
1702297386813,nan,nan
1702297386825,nan,nan
1702297386834,nan,nan
1702297386869,nan,nan
1702297386870,nan,nan
1702297386885,nan,nan
1702297386891,nan,nan
1702297386902,nan,nan
1702297386913,nan,nan
1702297386925,nan,nan
1702297386934,nan,nan
1702297386946,nan,nan
1702297386958,nan,nan
1702297386968,nan,nan
1702297386979,nan,nan
1702297387000,nan,nan
1702297387020,nan,nan
1702297387021,nan,nan
1702297387025,nan,nan
1702297387038,nan,nan
1702297387046,nan,nan
1702297387058,nan,nan
1702297387068,nan,nan
1702297387079,nan,nan
1702297387091,nan,nan
1702297387101,nan,nan
1702297387112,nan,nan
1702297387155,nan,nan
1702297387156,nan,nan
1702297387158,nan,nan
1702297387171,nan,nan
1702297387179,nan,nan
1702297387192,nan,nan
1702297387202,nan,nan
1702297387213,nan,nan
1702297387225,nan,nan
1702297387234,nan,nan
1702297387246,nan,nan
1702297387259,nan,nan
1702297387268,nan,nan
1702297387303,nan,nan
1702297387304,nan,nan
1702297387318,nan,nan
1702297387326,nan,nan
1702297387335,nan,nan
1702297387346,nan,nan
1702297387359,nan,nan
1702297387368,nan,nan
1702297387379,nan,nan
1702297387392,nan,nan
1702297387401,nan,nan
1702297387435,nan,nan
1702297387436,nan,nan
1702297387450,nan,nan
1702297387458,nan,nan
1702297387468,nan,nan
1702297387479,nan,nan
1702297387492,nan,nan
1702297387501,nan,nan
1702297387512,nan,nan
1702297387524,nan,nan
1702297387535,nan,nan
1702297387546,nan,nan
1702297387587,nan,nan
1702297387598,nan,nan
1702297387608,nan,nan
1702297387613,nan,nan
1702297387631,nan,nan
1702297387645,nan,nan
1702297387657,nan,nan
1702297387668,nan,nan
1702297387679,nan,nan
1702297387690,nan,nan
1702297387702,nan,nan
1702297387736,nan,nan
1702297387740,nan,nan
1702297387763,nan,nan
1702297387777,nan,nan
1702297387793,nan,nan
1702297387804,nan,nan
1702297387815,nan,nan
1702297387827,1311.8130493164062,967.9249477386475
1702297387838,1137.021369934082,925.4960060119629
1702297387871,1144.3363189697266,934.656457901001
1702297387888,nan,nan
1702297387894,900.5488967895508,960.1101493835449
1702297387904,900.5488967895508,960.1101493835449
1702297387916,900.5488967895508,960.1101493835449
1702297387927,901.2158584594727,965.8986568450928
1702297387938,901.2158584594727,965.8986568450928
1702297387949,901.2158584594727,965.8986568450928
1702297387961,941.2324523925781,984.4540929794312
1702297387971,941.2324523925781,984.4540929794312
1702297387983,1061.2995529174805,1010.0891017913818
1702297388023,1198.7736511230469,1002.5065612792969
1702297388028,1183.3519744873047,940.903730392456
1702297388039,1179.1984176635742,926.9636678695679
1702297388051,1179.628791809082,926.4166688919067
1702297388061,1180.6868362426758,921.008734703064
1702297388072,1183.426284790039,911.1014270782471
1702297388084,1193.6071395874023,898.609414100647
1702297388095,1188.6538314819336,897.2126483917236
1702297388106,1184.4520950317383,894.8063850402832
1702297388117,1175.123405456543,891.9409275054932
1702297388128,1176.5972137451172,898.4586524963379
1702297388139,1187.8816223144531,905.7648611068726
1702297388172,1185.9587097167969,899.954981803894
1702297388173,1191.9071197509766,888.213472366333
1702297388189,1188.1299591064453,874.23255443573
1702297388195,1186.002082824707,877.5745439529419
1702297388207,1186.6187286376953,876.6068458557129
1702297388217,1187.4387741088867,877.6756954193115
1702297388228,1186.8687438964844,878.4933185577393
1702297388238,1176.8782424926758,885.8241605758667
1702297388249,1178.0034637451172,889.0545272827148
1702297388261,1180.7691192626953,888.7021923065186
1702297388307,1194.12841796875,892.9504251480103
1702297388308,1195.324478149414,894.5103979110718
1702297388316,1184.359245300293,877.3093271255493
1702297388327,1179.5300674438477,883.0603694915771
1702297388339,1172.1796798706055,894.674506187439
1702297388350,1173.056526184082,890.6510639190674
1702297388361,1176.8098831176758,879.949779510498
1702297388372,1183.0712890625,874.864912033081
1702297388383,1184.4415664672852,879.2508602142334
1702297388394,1177.049789428711,885.9533357620239
1702297388405,1180.4832458496094,894.7115850448608
1702297388416,1186.3011169433594,901.42174243927
1702297388437,1196.5440368652344,894.9235439300537
1702297388459,1192.6325607299805,881.777286529541
1702297388461,1190.8293914794922,885.1900863647461
1702297388474,1188.0205535888672,887.3209190368652
1702297388483,1184.7323989868164,890.7389545440674
1702297388494,1184.4411087036133,886.2769174575806
1702297388505,1178.422622680664,876.4634656906128
1702297388517,1174.928855895996,868.0337333679199
1702297388528,1172.2173309326172,870.9690141677856
1702297388539,1181.208381652832,867.3991012573242
1702297388550,1183.3379364013672,873.750958442688
1702297388588,1177.0025634765625,873.0710506439209
1702297388589,1186.576042175293,874.0925216674805
1702297388594,1162.5045776367188,852.7300786972046
1702297388606,1063.6854934692383,806.1405372619629
1702297388618,1054.642105102539,805.0079154968262
1702297388627,1063.2391357421875,806.3549852371216
1702297388638,1072.9985046386719,825.4058361053467
1702297388650,1073.2892227172852,824.9266004562378
1702297388661,1071.2962341308594,823.8681364059448
1702297388672,1071.5555953979492,821.1904764175415
1702297388683,1069.0922164916992,822.6807975769043
1702297388694,1067.6961135864258,819.3327569961548
1702297388705,1064.224739074707,817.8535509109497
1702297388738,1059.7496795654297,813.832426071167
1702297388755,1060.1060485839844,806.7407941818237
1702297388761,1057.541618347168,805.3652286529541
1702297388773,1032.7520370483398,777.6705408096313
1702297388783,1028.931541442871,775.7544994354248
1702297388794,1024.4838333129883,772.3448324203491
1702297388805,1028.4871292114258,783.851809501648
1702297388816,1028.98193359375,787.5008153915405
1702297388827,1028.478775024414,792.5970125198364
1702297388838,1032.1712112426758,793.44162940979
1702297388849,1031.8610000610352,788.1480646133423
1702297388870,1028.0253219604492,787.8624200820923
1702297388889,1026.168441772461,787.0204639434814
1702297388894,1028.868293762207,798.878231048584
1702297388906,1030.2477645874023,798.9735889434814
1702297388916,1025.110206604004,793.5506343841553
1702297388928,1030.6460571289062,782.9907989501953
1702297388939,1030.7076263427734,781.3863229751587
1702297388950,1039.303092956543,784.8856401443481
1702297388961,1035.2964401245117,791.9345283508301
1702297388972,1030.716896057129,795.21888256073
1702297388982,1030.6065368652344,795.6313419342041
1702297389024,1033.2755279541016,796.7446517944336
1702297389025,970.8420944213867,820.7235145568848
1702297389027,867.7457809448242,862.0518493652344
1702297389040,577.978458404541,923.7201690673828
1702297389049,528.0161476135254,934.81116771698
1702297389060,517.4327850341797,933.4331560134888
1702297389071,486.6577339172363,950.0182628631592
1702297389082,495.3800392150879,953.3082818984985
1702297389094,495.5030822753906,954.4110774993896
1702297389105,495.7327651977539,962.8881883621216
1702297389116,497.7187156677246,961.1136388778687
1702297389127,499.6678161621094,971.3765001296997
1702297389138,488.3465003967285,966.392183303833
1702297389172,476.5917205810547,959.5946073532104
1702297389188,463.65636825561523,960.0940990447998
1702297389194,464.73236083984375,962.0416831970215
1702297389206,468.757266998291,967.6450967788696
1702297389216,482.08839416503906,965.2830362319946
1702297389227,482.23745346069336,965.7370376586914
1702297389238,477.93203353881836,959.2135190963745
1702297389249,478.9959526062012,969.8524045944214
1702297389260,478.94968032836914,971.2103748321533
1702297389271,471.1756706237793,976.883225440979
1702297389306,472.1182060241699,969.1820669174194
1702297389307,466.3180160522461,967.3055076599121
1702297389323,470.2354431152344,974.3970108032227
1702297389327,476.70326232910156,973.2209587097168
1702297389338,533.1205177307129,986.74156665802
1702297389349,600.3988265991211,1016.7963409423828
1702297389360,676.9944190979004,1053.6469316482544
1702297389371,1251.5624237060547,1420.3181219100952
1702297389382,nan,nan
1702297389393,nan,nan
1702297389404,nan,nan
1702297389439,nan,nan
1702297389455,nan,nan
1702297389458,nan,nan
1702297389471,nan,nan
1702297389481,nan,nan
1702297389491,nan,nan
1702297389502,nan,nan
1702297389513,nan,nan
1702297389524,nan,nan
1702297389535,nan,nan
1702297389547,nan,nan
1702297389568,nan,nan
1702297389587,nan,nan
1702297389588,nan,nan
1702297389591,nan,nan
1702297389603,nan,nan
1702297389613,nan,nan
1702297389624,nan,nan
1702297389635,nan,nan
1702297389646,nan,nan
1702297389658,nan,nan
1702297389669,nan,nan
1702297389680,nan,nan
1702297389691,nan,nan
1702297389724,nan,nan
1702297389725,nan,nan
1702297389740,nan,nan
1702297389746,nan,nan
1702297389758,nan,nan
1702297389769,nan,nan
1702297389779,nan,nan
1702297389790,nan,nan
1702297389802,nan,nan
1702297389812,nan,nan
1702297389824,nan,nan
1702297389835,nan,nan
1702297389872,nan,nan
1702297389879,nan,nan
1702297389890,nan,nan
1702297389903,nan,nan
1702297389912,nan,nan
1702297389923,nan,nan
1702297389935,nan,nan
1702297389946,nan,nan
1702297389957,nan,nan
1702297389968,nan,nan
1702297389979,nan,nan
1702297389990,nan,nan
1702297390024,nan,nan
1702297390025,nan,nan
1702297390041,nan,nan
1702297390045,nan,nan
1702297390057,nan,nan
1702297390068,nan,nan
1702297390079,nan,nan
1702297390090,nan,nan
1702297390102,nan,nan
1702297390113,nan,nan
1702297390124,nan,nan
1702297390135,nan,nan
1702297390173,nan,nan
1702297390180,1078.4369659423828,964.5510292053223
1702297390192,1072.752685546875,973.1843948364258
1702297390204,1047.560043334961,1006.0557460784912
1702297390214,1053.7248992919922,1003.227367401123
1702297390225,1057.345962524414,1010.5603122711182
1702297390236,1079.0186309814453,982.525520324707
1702297390246,1078.827896118164,986.4591407775879
1702297390257,1077.8059387207031,983.446569442749
1702297390269,1079.6005249023438,912.2309589385986
1702297390306,1088.331527709961,882.8378105163574
1702297390307,1092.4356842041016,863.5224723815918
1702297390314,1070.2165222167969,820.5276489257812
1702297390325,1061.7716217041016,823.5391902923584
1702297390337,1067.4903869628906,822.3973846435547
1702297390347,1068.2714080810547,829.4257164001465
1702297390358,1071.4158630371094,830.1145076751709
1702297390369,1081.3117218017578,811.4416980743408
1702297390380,1079.721908569336,804.1684055328369
1702297390392,1081.328125,792.7920627593994
1702297390403,1092.3539733886719,806.473388671875
1702297390413,1082.7154541015625,813.5666942596436
1702297390432,1084.080810546875,814.1812419891357
1702297390455,1146.5100860595703,817.32590675354
1702297390459,1145.1689910888672,866.0972213745117
1702297390471,1154.5466995239258,844.693021774292
1702297390482,1153.3781051635742,852.1008110046387
1702297390492,1149.4088745117188,848.7990760803223
1702297390503,1155.8120727539062,829.4688034057617
1702297390515,1163.6968994140625,842.0692205429077
1702297390526,1173.6727142333984,837.811975479126
1702297390537,1183.481674194336,848.3293676376343
1702297390548,1175.1996231079102,840.577826499939
1702297390589,1167.7473831176758,841.7452526092529
1702297390592,1170.8898162841797,861.6566848754883
1702297390606,1175.4955291748047,855.1088333129883
1702297390614,1175.311050415039,843.3665943145752
1702297390625,1171.0423278808594,836.5018129348755
1702297390637,1171.7415618896484,821.0409593582153
1702297390648,1165.5304718017578,820.1275491714478
1702297390659,1183.1698608398438,854.7040557861328
1702297390670,1522.3829650878906,1170.8839702606201
1702297390681,1599.2442321777344,1237.9392385482788
1702297390723,1659.631118774414,1281.7849016189575
1702297390725,nan,nan
1702297390739,nan,nan
1702297390747,nan,nan
1702297390759,nan,nan
1702297390769,nan,nan
1702297390780,nan,nan
1702297390791,nan,nan
1702297390802,nan,nan
1702297390813,nan,nan
1702297390823,nan,nan
1702297390834,nan,nan
1702297390874,nan,nan
1702297390879,nan,nan
1702297390890,nan,nan
1702297390903,nan,nan
1702297390912,nan,nan
1702297390923,nan,nan
1702297390935,nan,nan
1702297390946,nan,nan
1702297390957,nan,nan
1702297390968,nan,nan
1702297391007,nan,nan
1702297391008,nan,nan
1702297391012,nan,nan
1702297391023,nan,nan
1702297391034,nan,nan
1702297391045,nan,nan
1702297391057,nan,nan
1702297391067,nan,nan
1702297391079,nan,nan
1702297391090,nan,nan
1702297391101,nan,nan
1702297391112,nan,nan
1702297391123,nan,nan
1702297391157,nan,nan
1702297391173,nan,nan
1702297391179,nan,nan
1702297391191,nan,nan
1702297391201,nan,nan
1702297391211,nan,nan
1702297391222,nan,nan
1702297391233,nan,nan
1702297391245,nan,nan
1702297391256,nan,nan
1702297391290,nan,nan
1702297391306,nan,nan
1702297391312,nan,nan
1702297391324,nan,nan
1702297391333,nan,nan
1702297391345,nan,nan
1702297391356,nan,nan
1702297391367,nan,nan
1702297391378,nan,nan
1702297391389,nan,nan
1702297391400,nan,nan
1702297391421,nan,nan
1702297391440,nan,nan
1702297391445,nan,nan
1702297391456,nan,nan
1702297391466,nan,nan
1702297391484,nan,nan
1702297391503,nan,nan
1702297391515,nan,nan
1702297391527,nan,nan
1702297391537,nan,nan
1702297391572,nan,nan
1702297391587,nan,nan
1702297391594,nan,nan
1702297391604,nan,nan
1702297391615,nan,nan
1702297391627,nan,nan
1702297391635,nan,nan
1702297391648,nan,nan
1702297391660,nan,nan
1702297391669,nan,nan
1702297391708,nan,nan
1702297391709,nan,nan
1702297391714,nan,nan
1702297391727,nan,nan
1702297391737,nan,nan
1702297391747,nan,nan
1702297391759,nan,nan
1702297391770,nan,nan
1702297391781,nan,nan
1702297391794,nan,nan
1702297391803,nan,nan
1702297391839,nan,nan
1702297391854,nan,nan
1702297391860,nan,nan
1702297391870,nan,nan
1702297391880,nan,nan
1702297391893,nan,nan
1702297391903,nan,nan
1702297391914,nan,nan
1702297391926,nan,nan
1702297391937,nan,nan
1702297391948,nan,nan
1702297391970,nan,nan
1702297391989,nan,nan
1702297391993,nan,nan
1702297392004,nan,nan
1702297392015,nan,nan
1702297392026,nan,nan
1702297392036,nan,nan
1702297392048,nan,nan
1702297392059,nan,nan
1702297392070,nan,nan
1702297392081,nan,nan
1702297392093,nan,nan
1702297392125,nan,nan
1702297392126,nan,nan
1702297392140,nan,nan
1702297392148,nan,nan
1702297392160,nan,nan
1702297392169,nan,nan
1702297392181,nan,nan
1702297392194,nan,nan
1702297392202,nan,nan
1702297392215,nan,nan
1702297392227,nan,nan
1702297392258,nan,nan
1702297392260,nan,nan
1702297392274,nan,nan
1702297392281,nan,nan
1702297392293,nan,nan
1702297392302,nan,nan
1702297392314,nan,nan
1702297392326,nan,nan
1702297392336,nan,nan
1702297392348,nan,nan
1702297392360,nan,nan
1702297392370,nan,nan
1702297392408,nan,nan
1702297392409,nan,nan
1702297392414,nan,nan
1702297392427,nan,nan
1702297392438,nan,nan
1702297392446,nan,nan
1702297392459,nan,nan
1702297392469,nan,nan
1702297392480,nan,nan
1702297392492,nan,nan
1702297392503,nan,nan
1702297392539,nan,nan
1702297392540,nan,nan
1702297392547,nan,nan
1702297392559,nan,nan
1702297392571,nan,nan
1702297392581,nan,nan
1702297392592,nan,nan
1702297392602,nan,nan
1702297392614,nan,nan
1702297392625,nan,nan
1702297392636,nan,nan
1702297392673,nan,nan
1702297392681,nan,nan
1702297392699,nan,nan
1702297392714,nan,nan
1702297392725,nan,nan
1702297392736,nan,nan
1702297392747,nan,nan
1702297392758,nan,nan
1702297392770,nan,nan
1702297392808,nan,nan
1702297392814,1480.0132751464844,1140.349359512329
1702297392826,1512.9383850097656,1105.0997257232666
1702297392837,1512.9383850097656,1105.0997257232666
1702297392848,1512.9383850097656,1105.0997257232666
1702297392859,nan,nan
1702297392870,nan,nan
1702297392881,1481.9329833984375,930.8776760101318
1702297392893,1359.2822265625,945.0931262969971
1702297392905,1264.5945739746094,887.6069927215576
1702297392939,1246.0358428955078,880.4488849639893
1702297392940,1234.6063995361328,877.1654319763184
1702297392948,1198.7305450439453,886.9343376159668
1702297392959,1200.1712799072266,897.8441905975342
1702297392971,1175.337142944336,881.5893173217773
1702297392982,1186.1580657958984,890.3679943084717
1702297392993,1186.0549926757812,891.8328666687012
1702297393004,1205.5387878417969,880.3171348571777
1702297393015,1204.198226928711,886.9474697113037
1702297393026,1208.6072540283203,884.4751167297363
1702297393037,1196.8647003173828,874.4482898712158
1702297393048,1187.436752319336,860.2337837219238
1702297393060,1185.3584289550781,863.67018699646
1702297393092,1137.5672912597656,820.4742622375488
1702297393093,1109.1192626953125,808.4432029724121
1702297393108,1099.6033477783203,810.5972099304199
1702297393114,1103.8774108886719,803.1685638427734
1702297393125,1091.4559173583984,803.4149837493896
1702297393137,1088.4566497802734,804.574384689331
1702297393148,1095.787582397461,819.7441864013672
1702297393159,1091.5917205810547,809.0078830718994
1702297393170,1082.414321899414,808.0675220489502
1702297393181,1080.093002319336,798.4707927703857
1702297393224,1080.2408599853516,797.3726749420166
1702297393225,1094.0553283691406,814.0555000305176
1702297393239,1328.6788940429688,903.2080078125
1702297393248,1408.399658203125,925.9069633483887
1702297393259,1532.1707153320312,981.2434673309326
1702297393270,2119.7390747070312,1250.8592891693115
1702297393281,2225.7359313964844,1358.972053527832
1702297393291,2230.4576110839844,1354.6103954315186
1702297393302,nan,nan
1702297393313,nan,nan
1702297393324,nan,nan
1702297393335,nan,nan
1702297393373,nan,nan
1702297393374,nan,nan
1702297393380,nan,nan
1702297393391,nan,nan
1702297393402,nan,nan
1702297393421,nan,nan
1702297393439,nan,nan
1702297393450,nan,nan
1702297393462,nan,nan
1702297393472,nan,nan
1702297393506,nan,nan
1702297393522,nan,nan
1702297393529,nan,nan
1702297393540,nan,nan
1702297393550,nan,nan
1702297393562,nan,nan
1702297393572,nan,nan
1702297393584,nan,nan
1702297393596,nan,nan
1702297393606,nan,nan
1702297393642,nan,nan
1702297393650,nan,nan
1702297393662,nan,nan
1702297393673,nan,nan
1702297393684,nan,nan
1702297393696,nan,nan
1702297393706,nan,nan
1702297393717,nan,nan
1702297393729,nan,nan
1702297393738,nan,nan
1702297393750,nan,nan
1702297393773,nan,nan
1702297393793,nan,nan
1702297393794,nan,nan
1702297393795,nan,nan
1702297393810,nan,nan
1702297393817,nan,nan
1702297393829,nan,nan
1702297393838,nan,nan
1702297393850,nan,nan
1702297393862,nan,nan
1702297393871,nan,nan
1702297393884,nan,nan
1702297393925,nan,nan
1702297393926,nan,nan
1702297393929,nan,nan
1702297393940,nan,nan
1702297393950,nan,nan
1702297393962,nan,nan
1702297393971,nan,nan
1702297393983,nan,nan
1702297393995,nan,nan
1702297394005,nan,nan
1702297394017,nan,nan
1702297394029,nan,nan
1702297394039,nan,nan
1702297394075,nan,nan
1702297394089,nan,nan
1702297394102,nan,nan
1702297394116,nan,nan
1702297394127,nan,nan
1702297394138,nan,nan
1702297394149,nan,nan
1702297394160,nan,nan
1702297394171,nan,nan
1702297394183,nan,nan
1702297394223,nan,nan
1702297394224,nan,nan
1702297394227,nan,nan
1702297394239,nan,nan
1702297394251,nan,nan
1702297394261,nan,nan
1702297394272,nan,nan
1702297394282,nan,nan
1702297394300,nan,nan
1702297394321,nan,nan
1702297394359,nan,nan
1702297394366,1146.652946472168,908.8763523101807
1702297394377,1199.6620559692383,849.822564125061
1702297394387,1199.6620559692383,849.822564125061
1702297394399,1181.184310913086,862.3138475418091
1702297394410,1193.7554550170898,839.155740737915
1702297394421,1199.5824432373047,846.3255214691162
1702297394433,1200.897445678711,846.4895009994507
1702297394444,1186.653175354004,838.1077480316162
1702297394455,1183.1378173828125,836.5263605117798
1702297394466,1179.4325637817383,837.9141998291016
1702297394477,1191.5010070800781,845.4798746109009
1702297394512,1193.4661865234375,843.9270257949829
1702297394513,1201.9286346435547,837.9629945755005
1702297394528,1188.3986282348633,841.0789489746094
1702297394533,1180.6009674072266,847.8266143798828
1702297394544,1183.2511901855469,853.9267730712891
1702297394555,1190.660171508789,843.1817579269409
1702297394565,1194.045753479004,836.8435478210449
1702297394577,1189.0519714355469,837.4023914337158
1702297394588,1179.639892578125,840.8210277557373
1702297394599,1174.2266464233398,847.4262571334839
1702297394610,1178.3642578125,850.7127571105957
1702297394621,1178.0213928222656,846.4434099197388
1702297394658,1180.8268737792969,846.8000793457031
1702297394672,1141.0313415527344,874.8376607894897
1702297394677,1074.973258972168,932.4181652069092
1702297394689,1076.9110107421875,929.3853378295898
1702297394699,1077.9315185546875,927.1009969711304
1702297394710,1069.8993301391602,933.0551147460938
1702297394722,1068.424949645996,936.4478731155396
1702297394733,1075.8111572265625,934.0793323516846
1702297394744,1080.6285858154297,933.8684034347534
1702297394755,1087.6158905029297,937.7770900726318
1702297394792,1079.8019409179688,942.5377321243286
1702297394807,1067.9107666015625,933.173131942749
1702297394810,1069.8831939697266,938.2012224197388
1702297394823,1091.5913772583008,954.3774747848511
1702297394833,1182.3040390014648,1002.6615285873413
1702297394844,1725.389175415039,1304.8105716705322
1702297394854,1812.5057983398438,1351.9247102737427
1702297394864,1912.442398071289,1412.9092168807983
1702297394876,nan,nan
1702297394887,nan,nan
1702297394899,nan,nan
1702297394909,nan,nan
1702297394943,nan,nan
1702297394944,nan,nan
1702297394959,nan,nan
1702297394963,nan,nan
1702297394974,nan,nan
1702297394985,nan,nan
1702297394996,nan,nan
1702297395008,nan,nan
1702297395019,nan,nan
1702297395030,nan,nan
1702297395040,nan,nan
1702297395074,nan,nan
1702297395075,nan,nan
1702297395090,nan,nan
1702297395096,nan,nan
1702297395108,nan,nan
1702297395118,nan,nan
1702297395130,nan,nan
1702297395141,nan,nan
1702297395151,nan,nan
1702297395162,nan,nan
1702297395173,nan,nan
1702297395185,nan,nan
1702297395196,nan,nan
1702297395228,nan,nan
1702297395229,nan,nan
1702297395244,nan,nan
1702297395252,nan,nan
1702297395263,nan,nan
1702297395274,nan,nan
1702297395285,nan,nan
1702297395296,nan,nan
1702297395308,nan,nan
1702297395319,nan,nan
1702297395359,nan,nan
1702297395363,nan,nan
1702297395374,nan,nan
1702297395385,nan,nan
1702297395396,nan,nan
1702297395407,nan,nan
1702297395418,nan,nan
1702297395429,nan,nan
1702297395440,nan,nan
1702297395451,nan,nan
1702297395463,nan,nan
1702297395474,nan,nan
1702297395509,nan,nan
1702297395524,nan,nan
1702297395530,nan,nan
1702297395541,nan,nan
1702297395551,nan,nan
1702297395562,nan,nan
1702297395574,nan,nan
1702297395584,nan,nan
1702297395595,nan,nan
1702297395607,nan,nan
1702297395641,nan,nan
1702297395656,nan,nan
1702297395663,nan,nan
1702297395674,nan,nan
1702297395684,nan,nan
1702297395695,nan,nan
1702297395707,nan,nan
1702297395717,nan,nan
1702297395729,nan,nan
1702297395740,nan,nan
1702297395751,nan,nan
1702297395792,nan,nan
1702297395796,nan,nan
1702297395807,nan,nan
1702297395820,nan,nan
1702297395828,nan,nan
1702297395840,nan,nan
1702297395851,nan,nan
1702297395863,nan,nan
1702297395874,nan,nan
1702297395885,nan,nan
1702297395895,nan,nan
1702297395926,nan,nan
1702297395928,nan,nan
1702297395941,nan,nan
1702297395951,nan,nan
1702297395962,nan,nan
1702297395973,nan,nan
1702297395984,nan,nan
1702297395995,nan,nan
1702297396007,nan,nan
1702297396017,nan,nan
1702297396059,nan,nan
1702297396060,nan,nan
1702297396062,nan,nan
1702297396074,nan,nan
1702297396084,nan,nan
1702297396096,nan,nan
1702297396107,nan,nan
1702297396118,nan,nan
1702297396129,nan,nan
1702297396140,nan,nan
1702297396151,nan,nan
1702297396162,nan,nan
1702297396173,nan,nan
1702297396209,nan,nan
1702297396210,nan,nan
1702297396224,nan,nan
1702297396229,nan,nan
1702297396241,nan,nan
1702297396250,nan,nan
1702297396261,nan,nan
1702297396273,nan,nan
1702297396283,nan,nan
1702297396295,nan,nan
1702297396306,nan,nan
1702297396344,nan,nan
1702297396345,nan,nan
1702297396350,nan,nan
1702297396362,nan,nan
1702297396372,nan,nan
1702297396384,nan,nan
1702297396395,nan,nan
1702297396406,nan,nan
1702297396417,nan,nan
1702297396428,nan,nan
1702297396440,nan,nan
1702297396481,nan,nan
1702297396484,nan,nan
1702297396497,nan,nan
1702297396507,nan,nan
1702297396517,nan,nan
1702297396528,nan,nan
1702297396540,nan,nan
1702297396551,nan,nan
1702297396562,nan,nan
1702297396573,nan,nan
1702297396584,nan,nan
1702297396625,nan,nan
1702297396626,nan,nan
1702297396628,nan,nan
1702297396640,nan,nan
1702297396651,nan,nan
1702297396661,nan,nan
1702297396673,nan,nan
1702297396683,nan,nan
1702297396694,nan,nan
1702297396706,nan,nan
1702297396717,nan,nan
1702297396728,nan,nan
1702297396759,nan,nan
1702297396760,nan,nan
1702297396761,nan,nan
1702297396775,nan,nan
1702297396783,nan,nan
1702297396795,nan,nan
1702297396804,nan,nan
1702297396823,nan,nan
1702297396841,nan,nan
1702297396853,nan,nan
1702297396864,nan,nan
1702297396874,nan,nan
1702297396909,nan,nan
1702297396910,nan,nan
1702297396924,nan,nan
1702297396931,nan,nan
1702297396941,nan,nan
1702297396953,nan,nan
1702297396964,nan,nan
1702297396974,nan,nan
1702297396986,nan,nan
1702297396998,nan,nan
1702297397008,nan,nan
1702297397026,nan,nan
1702297397044,nan,nan
1702297397045,nan,nan
1702297397061,nan,nan
1702297397064,nan,nan
1702297397074,nan,nan
1702297397085,nan,nan
1702297397097,nan,nan
1702297397107,nan,nan
1702297397119,nan,nan
1702297397131,nan,nan
1702297397140,nan,nan
1702297397179,nan,nan
1702297397180,nan,nan
1702297397185,nan,nan
1702297397197,nan,nan
1702297397211,nan,nan
1702297397219,nan,nan
1702297397231,nan,nan
1702297397241,nan,nan
1702297397252,nan,nan
1702297397264,nan,nan
1702297397274,nan,nan
1702297397285,nan,nan
1702297397306,nan,nan
1702297397326,nan,nan
1702297397327,nan,nan
1702297397330,nan,nan
1702297397342,nan,nan
1702297397353,nan,nan
1702297397364,nan,nan
1702297397375,nan,nan
1702297397385,nan,nan
1702297397397,nan,nan
1702297397407,nan,nan
1702297397419,nan,nan
1702297397430,nan,nan
1702297397461,nan,nan
1702297397464,nan,nan
1702297397476,nan,nan
1702297397485,nan,nan
1702297397497,nan,nan
1702297397507,nan,nan
1702297397519,nan,nan
1702297397531,nan,nan
1702297397540,nan,nan
1702297397552,nan,nan
1702297397564,nan,nan
1702297397573,nan,nan
1702297397611,nan,nan
1702297397619,nan,nan
1702297397631,nan,nan
1702297397641,nan,nan
1702297397653,nan,nan
1702297397665,nan,nan
1702297397674,nan,nan
1702297397685,nan,nan
1702297397698,nan,nan
1702297397708,nan,nan
1702297397743,nan,nan
1702297397744,nan,nan
1702297397758,nan,nan
1702297397765,nan,nan
1702297397775,nan,nan
1702297397785,nan,nan
1702297397798,nan,nan
1702297397807,nan,nan
1702297397818,nan,nan
1702297397831,nan,nan
1702297397841,nan,nan
1702297397884,nan,nan
1702297397885,nan,nan
1702297397899,nan,nan
1702297397907,nan,nan
1702297397919,nan,nan
1702297397930,nan,nan
1702297397941,nan,nan
1702297397952,nan,nan
1702297397964,nan,nan
1702297397974,nan,nan
1702297397985,nan,nan
1702297397997,nan,nan
1702297398028,nan,nan
1702297398029,nan,nan
1702297398030,nan,nan
1702297398043,nan,nan
1702297398052,nan,nan
1702297398064,nan,nan
1702297398073,nan,nan
1702297398086,nan,nan
1702297398098,nan,nan
1702297398107,nan,nan
1702297398119,nan,nan
1702297398131,nan,nan
1702297398162,nan,nan
1702297398163,nan,nan
1702297398165,nan,nan
1702297398177,nan,nan
1702297398186,nan,nan
1702297398198,nan,nan
1702297398206,nan,nan
1702297398219,nan,nan
1702297398230,nan,nan
1702297398240,nan,nan
1702297398252,nan,nan
1702297398264,nan,nan
1702297398273,nan,nan
1702297398312,nan,nan
1702297398313,nan,nan
1702297398318,nan,nan
1702297398330,nan,nan
1702297398343,nan,nan
1702297398352,nan,nan
1702297398364,nan,nan
1702297398374,nan,nan
1702297398385,nan,nan
1702297398397,nan,nan
1702297398407,nan,nan
1702297398444,nan,nan
1702297398445,nan,nan
1702297398452,nan,nan
1702297398469,nan,nan
1702297398484,nan,nan
1702297398495,nan,nan
1702297398506,nan,nan
1702297398517,nan,nan
1702297398528,nan,nan
1702297398540,nan,nan
1702297398578,nan,nan
1702297398584,nan,nan
1702297398595,nan,nan
1702297398608,nan,nan
1702297398618,nan,nan
1702297398627,nan,nan
1702297398646,nan,nan
1702297398668,nan,nan
1702297398682,nan,nan
1702297398716,nan,nan
1702297398722,nan,nan
1702297398733,628.3375930786133,1035.4462337493896
1702297398745,958.028564453125,917.8338146209717
1702297398756,993.4243774414062,927.6477813720703
1702297398767,999.7286224365234,932.3924160003662
1702297398777,1059.604263305664,994.8129558563232
1702297398789,999.9604034423828,983.3152484893799
1702297398800,1035.2510070800781,964.5489692687988
1702297398810,1035.2510070800781,964.5489692687988
1702297398823,1027.676773071289,962.6116418838501
1702297398863,1025.6247329711914,961.2328577041626
1702297398864,1062.3488998413086,913.6738157272339
1702297398867,1063.9766311645508,907.5343894958496
1702297398878,1052.984275817871,883.8504838943481
1702297398890,1058.9144897460938,889.713191986084
1702297398901,1060.9405899047852,893.0948352813721
1702297398912,1055.503158569336,900.9886407852173
1702297398923,1038.237648010254,888.0034875869751
1702297398934,1040.0069046020508,892.031135559082
1702297398945,1037.7412796020508,897.4127626419067
1702297398956,1051.7916107177734,888.4477472305298
1702297398999,1049.2510223388672,887.309889793396
1702297399000,1057.3651504516602,888.9404582977295
1702297399001,1075.1321411132812,913.5824060440063
1702297399015,1094.7427368164062,937.6970100402832
1702297399023,1089.5327377319336,943.765754699707
1702297399034,1085.7550430297852,953.3465194702148
1702297399045,1093.8411712646484,961.8456029891968
1702297399056,1095.4627227783203,963.4618806838989
1702297399067,1093.2670974731445,955.7639408111572
1702297399078,1084.4867324829102,959.5709609985352
1702297399089,1078.2405090332031,952.2666835784912
1702297399100,1091.2107849121094,951.7358207702637
1702297399111,1316.9538879394531,1134.310998916626
1702297399147,1392.5814056396484,1188.6532402038574
1702297399148,1519.3045043945312,1316.6996240615845
1702297399155,nan,nan
1702297399166,nan,nan
1702297399178,nan,nan
1702297399189,nan,nan
1702297399199,nan,nan
1702297399211,nan,nan
1702297399222,nan,nan
1702297399233,nan,nan
1702297399245,991.6009521484375,290.45321702957153
1702297399284,991.6009521484375,290.45321702957153
1702297399285,991.6009521484375,290.45321702957153
1702297399289,nan,nan
1702297399299,nan,nan
1702297399312,nan,nan
1702297399322,nan,nan
1702297399333,nan,nan
1702297399345,nan,nan
1702297399355,nan,nan
1702297399365,nan,nan
1702297399378,nan,nan
1702297399388,nan,nan
1702297399428,nan,nan
1702297399432,nan,nan
1702297399444,nan,nan
1702297399456,nan,nan
1702297399466,nan,nan
1702297399477,nan,nan
1702297399489,nan,nan
1702297399499,nan,nan
1702297399511,nan,nan
1702297399522,nan,nan
1702297399563,nan,nan
1702297399565,nan,nan
1702297399578,nan,nan
1702297399589,nan,nan
1702297399599,nan,nan
1702297399610,nan,nan
1702297399622,nan,nan
1702297399632,nan,nan
1702297399644,nan,nan
1702297399653,nan,nan
1702297399664,nan,nan
1702297399696,nan,nan
1702297399697,nan,nan
1702297399698,nan,nan
1702297399713,nan,nan
1702297399719,nan,nan
1702297399730,nan,nan
1702297399742,nan,nan
1702297399753,nan,nan
1702297399764,nan,nan
1702297399775,nan,nan
1702297399786,nan,nan
1702297399797,nan,nan
1702297399809,nan,nan
1702297399828,nan,nan
1702297399848,nan,nan
1702297399849,nan,nan
1702297399853,nan,nan
1702297399864,nan,nan
1702297399877,nan,nan
1702297399887,nan,nan
1702297399898,nan,nan
1702297399909,nan,nan
1702297399920,nan,nan
1702297399931,nan,nan
1702297399943,nan,nan
1702297399979,nan,nan
1702297399980,1801.0380554199219,278.8239312171936
1702297399986,1801.0380554199219,278.8239312171936
1702297399997,1801.0380554199219,278.8239312171936
1702297400009,nan,nan
1702297400020,nan,nan
1702297400031,nan,nan
1702297400042,1802.8575134277344,281.30913734436035
1702297400053,1802.8575134277344,281.30913734436035
1702297400064,1802.8575134277344,281.30913734436035
1702297400075,nan,nan
1702297400086,nan,nan
1702297400097,nan,nan
1702297400128,nan,nan
1702297400131,nan,nan
1702297400143,1662.8672790527344,27.345131635665894
1702297400155,1662.8672790527344,27.345131635665894
1702297400164,1662.8672790527344,27.345131635665894
1702297400175,nan,nan
1702297400186,nan,nan
1702297400197,nan,nan
1702297400208,nan,nan
1702297400219,nan,nan
1702297400230,nan,nan
1702297400262,nan,nan
1702297400263,nan,nan
1702297400278,nan,nan
1702297400286,nan,nan
1702297400297,nan,nan
1702297400308,nan,nan
1702297400319,nan,nan
1702297400330,nan,nan
1702297400341,nan,nan
1702297400352,nan,nan
1702297400364,nan,nan
1702297400398,nan,nan
1702297400399,nan,nan
1702297400413,nan,nan
1702297400419,nan,nan
1702297400431,nan,nan
1702297400441,nan,nan
1702297400452,nan,nan
1702297400463,nan,nan
1702297400475,nan,nan
1702297400485,nan,nan
1702297400496,nan,nan
1702297400532,nan,nan
1702297400541,nan,nan
1702297400552,nan,nan
1702297400563,nan,nan
1702297400574,nan,nan
1702297400585,nan,nan
1702297400596,nan,nan
1702297400607,nan,nan
1702297400619,nan,nan
1702297400629,nan,nan
1702297400640,nan,nan
1702297400662,nan,nan
1702297400681,nan,nan
1702297400682,nan,nan
1702297400685,nan,nan
1702297400697,nan,nan
1702297400707,nan,nan
1702297400718,nan,nan
1702297400730,nan,nan
1702297400740,nan,nan
1702297400752,nan,nan
1702297400763,nan,nan
1702297400774,nan,nan
1702297400814,nan,nan
1702297400815,nan,nan
1702297400817,nan,nan
1702297400836,nan,nan
1702297400855,nan,nan
1702297400866,nan,nan
1702297400878,nan,nan
1702297400889,nan,nan
1702297400900,nan,nan
1702297400910,nan,nan
1702297400947,nan,nan
1702297400948,nan,nan
1702297400955,nan,nan
1702297400967,nan,nan
1702297400977,nan,nan
1702297400988,nan,nan
1702297401000,nan,nan
1702297401010,nan,nan
1702297401022,nan,nan
1702297401033,nan,nan
1702297401043,nan,nan
1702297401082,nan,nan
1702297401083,nan,nan
1702297401089,nan,nan
1702297401100,nan,nan
1702297401113,nan,nan
1702297401122,nan,nan
1702297401134,nan,nan
1702297401144,nan,nan
1702297401155,nan,nan
1702297401167,nan,nan
1702297401177,nan,nan
1702297401216,nan,nan
1702297401217,nan,nan
1702297401222,nan,nan
1702297401234,nan,nan
1702297401245,nan,nan
1702297401255,nan,nan
1702297401273,nan,nan
1702297401289,nan,nan
1702297401299,nan,nan
1702297401310,nan,nan
1702297401353,nan,nan
1702297401354,nan,nan
1702297401355,nan,nan
1702297401371,nan,nan
1702297401378,nan,nan
1702297401389,nan,nan
1702297401399,nan,nan
1702297401410,nan,nan
1702297401421,nan,nan
1702297401438,nan,nan
1702297401458,nan,nan
1702297401503,nan,nan
1702297401504,nan,nan
1702297401519,nan,nan
1702297401525,nan,nan
1702297401537,nan,nan
1702297401546,nan,nan
1702297401558,nan,nan
1702297401569,nan,nan
1702297401578,nan,nan
1702297401592,nan,nan
1702297401604,nan,nan
1702297401613,nan,nan
1702297401651,nan,nan
1702297401658,nan,nan
1702297401670,nan,nan
1702297401679,nan,nan
1702297401691,nan,nan
1702297401703,nan,nan
1702297401712,nan,nan
1702297401724,nan,nan
1702297401737,nan,nan
1702297401746,nan,nan
1702297401784,nan,nan
1702297401785,nan,nan
1702297401798,nan,nan
1702297401805,nan,nan
1702297401814,nan,nan
1702297401824,nan,nan
1702297401837,nan,nan
1702297401846,nan,nan
1702297401858,nan,nan
1702297401871,nan,nan
1702297401879,nan,nan
1702297401891,nan,nan
1702297401911,nan,nan
1702297401930,nan,nan
1702297401931,nan,nan
1702297401937,nan,nan
1702297401947,nan,nan
1702297401958,nan,nan
1702297401970,nan,nan
1702297401980,nan,nan
1702297401990,nan,nan
1702297402002,nan,nan
1702297402012,nan,nan
1702297402024,nan,nan
1702297402066,nan,nan
1702297402067,nan,nan
1702297402069,nan,nan
1702297402082,nan,nan
1702297402090,nan,nan
1702297402102,nan,nan
1702297402112,nan,nan
1702297402124,nan,nan
1702297402135,nan,nan
1702297402145,nan,nan
1702297402157,nan,nan
1702297402169,nan,nan
1702297402179,nan,nan
1702297402215,nan,nan
1702297402229,nan,nan
1702297402235,nan,nan
1702297402246,nan,nan
1702297402256,nan,nan
1702297402268,nan,nan
1702297402278,nan,nan
1702297402290,nan,nan
1702297402303,nan,nan
1702297402312,nan,nan
1702297402350,nan,nan
1702297402357,nan,nan
1702297402368,nan,nan
1702297402378,nan,nan
1702297402390,nan,nan
1702297402402,nan,nan
1702297402412,nan,nan
1702297402424,nan,nan
1702297402435,nan,nan
1702297402446,nan,nan
1702297402457,nan,nan
1702297402497,nan,nan
1702297402501,nan,nan
1702297402513,nan,nan
1702297402524,nan,nan
1702297402535,nan,nan
1702297402546,nan,nan
1702297402557,nan,nan
1702297402567,nan,nan
1702297402584,nan,nan
1702297402605,nan,nan
1702297402642,nan,nan
1702297402643,nan,nan
1702297402649,nan,nan
1702297402660,nan,nan
1702297402672,1377.9429626464844,830.0954532623291
1702297402682,1377.9429626464844,830.0954532623291
1702297402694,1377.9429626464844,830.0954532623291
1702297402704,nan,nan
1702297402716,1460.3531646728516,832.2800159454346
1702297402728,1471.5771484375,833.4924602508545
1702297402739,1467.4456024169922,839.8979187011719
1702297402750,1489.6378326416016,822.4503421783447
1702297402782,1484.0849304199219,816.9511699676514
1702297402783,1434.3380737304688,843.0798768997192
1702297402796,1432.3648071289062,843.7889671325684
1702297402805,1445.2423095703125,855.8502388000488
1702297402816,1489.7425079345703,803.6816596984863
1702297402827,1489.7425079345703,803.6816596984863
1702297402838,1486.2948608398438,806.5205526351929
1702297402850,1387.7923583984375,887.563648223877
1702297402861,1406.2052154541016,920.1577663421631
1702297402872,1406.4874267578125,917.6881170272827
1702297402882,1377.5260925292969,902.2100114822388
1702297402916,1376.2442779541016,910.2214479446411
1702297402917,1364.8661041259766,906.3670063018799
1702297402932,1362.4747467041016,897.4486398696899
1702297402938,1361.4321899414062,899.157829284668
1702297402950,1371.741714477539,905.1215171813965
1702297402961,1373.5787963867188,918.8044738769531
1702297402971,1376.297607421875,917.5948619842529
1702297402983,1371.4663696289062,914.6170520782471
1702297402994,1364.4287872314453,899.6968030929565
1702297403005,1332.2986602783203,886.1659812927246
1702297403015,924.8959350585938,837.7182912826538
1702297403052,833.0093002319336,791.9347858428955
1702297403053,544.8801040649414,735.4780197143555
1702297403068,619.0044593811035,729.2241382598877
1702297403072,616.791877746582,725.3054094314575
1702297403085,534.164981842041,646.4789342880249
1702297403094,535.5609321594238,649.1487622261047
1702297403105,537.7177810668945,649.736852645874
1702297403117,531.5431022644043,656.0368037223816
1702297403128,522.8325653076172,653.0381155014038
1702297403139,522.7600479125977,659.0717124938965
1702297403150,518.3709716796875,651.8960952758789
1702297403181,520.7373237609863,651.5209293365479
1702297403182,527.6918983459473,651.9982767105103
1702297403196,539.5687103271484,660.0623917579651
1702297403204,540.0775718688965,655.914580821991
1702297403216,1338.649673461914,884.3870973587036
1702297403227,1506.469955444336,921.76589012146
1702297403237,1506.469955444336,921.76589012146
1702297403248,1908.4519958496094,1146.8548107147217
1702297403259,nan,nan
1702297403270,nan,nan
1702297403281,nan,nan
1702297403318,nan,nan
1702297403319,nan,nan
1702297403331,nan,nan
1702297403335,nan,nan
1702297403347,nan,nan
1702297403359,nan,nan
1702297403368,nan,nan
1702297403380,nan,nan
1702297403391,nan,nan
1702297403402,nan,nan
1702297403413,nan,nan
1702297403424,nan,nan
1702297403466,nan,nan
1702297403469,nan,nan
1702297403481,nan,nan
1702297403491,nan,nan
1702297403502,nan,nan
1702297403513,nan,nan
1702297403524,nan,nan
1702297403535,nan,nan
1702297403547,nan,nan
1702297403558,nan,nan
1702297403569,nan,nan
1702297403580,nan,nan
1702297403618,nan,nan
1702297403619,nan,nan
1702297403625,nan,nan
1702297403636,nan,nan
1702297403647,nan,nan
1702297403658,nan,nan
1702297403669,nan,nan
1702297403680,nan,nan
1702297403691,nan,nan
1702297403703,nan,nan
1702297403714,nan,nan
1702297403748,nan,nan
1702297403764,nan,nan
1702297403769,nan,nan
1702297403780,nan,nan
1702297403791,nan,nan
1702297403802,nan,nan
1702297403813,nan,nan
1702297403824,nan,nan
1702297403835,nan,nan
1702297403847,nan,nan
1702297403858,nan,nan
1702297403880,nan,nan
1702297403899,nan,nan
1702297403903,1293.8592529296875,706.5813589096069
1702297403914,1293.8592529296875,706.5813589096069
1702297403926,1293.8592529296875,706.5813589096069
1702297403936,1171.8656921386719,748.11203956604
1702297403947,1200.9042358398438,642.2052097320557
1702297403958,1200.9042358398438,642.2052097320557
1702297403970,1197.4112701416016,631.8063068389893
1702297403980,1152.6978302001953,683.4752225875854
1702297403991,1169.9349212646484,675.1042413711548
1702297404003,1160.2897644042969,670.9257888793945
1702297404033,1164.6449279785156,628.8761758804321
1702297404037,1164.1009521484375,639.7539281845093
1702297404049,1154.658432006836,628.0261087417603
1702297404058,1153.36181640625,632.6435852050781
1702297404069,1115.99365234375,612.2211170196533
1702297404080,1017.3404693603516,657.7751111984253
1702297404092,824.2050170898438,632.2688055038452
1702297404103,754.3400573730469,665.4097080230713
1702297404113,754.3400573730469,665.4097080230713
1702297404125,738.0760955810547,672.1393918991089
1702297404166,704.5224761962891,663.5620737075806
1702297404169,682.5248718261719,624.7333860397339
1702297404181,681.4254760742188,631.0927104949951
1702297404193,686.0451507568359,634.821925163269
1702297404202,685.6195068359375,630.5402612686157
1702297404214,695.9587860107422,620.8598041534424
1702297404225,688.868408203125,624.0048980712891
1702297404236,690.2013397216797,622.7412128448486
1702297404247,693.773193359375,632.3342514038086
1702297404258,698.3958435058594,625.5538415908813
1702297404269,694.5853424072266,623.1823396682739
1702297404281,682.2640991210938,621.0164451599121
1702297404317,676.4448547363281,629.5668983459473
1702297404332,675.3421020507812,606.1537027359009
1702297404335,679.9656677246094,608.1944990158081
1702297404347,698.935546875,614.1932916641235
1702297404358,741.9734954833984,628.9716196060181
1702297404369,834.8525238037109,674.8554611206055
1702297404380,1304.5063781738281,841.7826747894287
1702297404391,1335.5462646484375,849.0485000610352
1702297404403,1346.5023803710938,843.433198928833
1702297404414,1357.0686340332031,839.302339553833
1702297404451,1365.6196594238281,848.5209846496582
1702297404452,1359.9713134765625,871.9817733764648
1702297404459,1365.4887390136719,872.8890895843506
1702297404469,1362.633056640625,862.9648303985596
1702297404481,1371.0592651367188,876.0928916931152
1702297404491,1376.3568115234375,884.5423221588135
1702297404502,1390.28564453125,869.1563129425049
1702297404514,1387.2279357910156,873.7897968292236
1702297404524,1372.8977966308594,858.7567234039307
1702297404535,1356.3333129882812,881.4813423156738
1702297404546,1361.1442565917969,870.3184604644775
1702297404558,1370.6330871582031,880.6353950500488
1702297404569,1376.8197631835938,872.164249420166
1702297404599,1371.5040588378906,872.8113269805908
1702297404602,1365.0302124023438,881.3477897644043
1702297404615,1370.5039978027344,879.2672538757324
1702297404625,1369.4863891601562,885.2181529998779
1702297404635,1380.4228210449219,865.4105758666992
1702297404646,1366.7929077148438,917.5891971588135
1702297404657,nan,nan
1702297404669,nan,nan
1702297404679,nan,nan
1702297404690,nan,nan
1702297404701,nan,nan
1702297404732,nan,nan
1702297404733,nan,nan
1702297404734,nan,nan
1702297404746,nan,nan
1702297404757,nan,nan
1702297404768,nan,nan
1702297404779,nan,nan
1702297404790,nan,nan
1702297404801,nan,nan
1702297404811,nan,nan
1702297404830,nan,nan
1702297404850,nan,nan
1702297404884,nan,nan
1702297404885,nan,nan
1702297404900,nan,nan
1702297404906,nan,nan
1702297404917,nan,nan
1702297404928,nan,nan
1702297404939,nan,nan
1702297404949,nan,nan
1702297404961,nan,nan
1702297404972,nan,nan
1702297404983,nan,nan
1702297404994,nan,nan
1702297405034,nan,nan
1702297405035,nan,nan
1702297405038,nan,nan
1702297405050,nan,nan
1702297405063,nan,nan
1702297405072,nan,nan
1702297405082,nan,nan
1702297405094,nan,nan
1702297405105,nan,nan
1702297405115,nan,nan
1702297405127,nan,nan
1702297405167,nan,nan
1702297405168,nan,nan
1702297405173,nan,nan
1702297405183,nan,nan
1702297405195,nan,nan
1702297405206,nan,nan
1702297405215,nan,nan
1702297405227,nan,nan
1702297405239,nan,nan
1702297405249,nan,nan
1702297405261,nan,nan
1702297405283,nan,nan
1702297405301,nan,nan
1702297405302,nan,nan
1702297405305,nan,nan
1702297405317,nan,nan
1702297405327,nan,nan
1702297405338,nan,nan
1702297405348,nan,nan
1702297405359,nan,nan
1702297405371,nan,nan
1702297405381,nan,nan
1702297405394,nan,nan
1702297405434,nan,nan
1702297405439,nan,nan
1702297405449,nan,nan
1702297405461,nan,nan
1702297405472,nan,nan
1702297405482,nan,nan
1702297405494,nan,nan
1702297405505,nan,nan
1702297405515,nan,nan
1702297405527,nan,nan
1702297405538,nan,nan
1702297405549,nan,nan
1702297405585,nan,nan
1702297405586,nan,nan
1702297405600,nan,nan
1702297405605,nan,nan
1702297405616,nan,nan
1702297405627,nan,nan
1702297405638,nan,nan
1702297405648,nan,nan
1702297405660,nan,nan
1702297405672,nan,nan
1702297405682,nan,nan
1702297405717,nan,nan
1702297405718,nan,nan
1702297405732,nan,nan
1702297405739,nan,nan
1702297405748,nan,nan
1702297405760,nan,nan
1702297405772,nan,nan
1702297405781,nan,nan
1702297405793,nan,nan
1702297405804,nan,nan
1702297405814,nan,nan
1702297405852,nan,nan
1702297405853,nan,nan
1702297405860,nan,nan
1702297405871,nan,nan
1702297405882,nan,nan
1702297405893,nan,nan
1702297405904,nan,nan
1702297405914,nan,nan
1702297405926,nan,nan
1702297405938,nan,nan
1702297405948,nan,nan
1702297405959,nan,nan
1702297405971,nan,nan
1702297406004,nan,nan
1702297406005,nan,nan
1702297406021,nan,nan
1702297406026,nan,nan
1702297406038,nan,nan
1702297406048,nan,nan
1702297406059,nan,nan
1702297406071,nan,nan
1702297406081,nan,nan
1702297406093,nan,nan
1702297406133,nan,nan
1702297406134,nan,nan
1702297406138,nan,nan
1702297406149,nan,nan
1702297406160,nan,nan
1702297406170,nan,nan
1702297406181,nan,nan
1702297406193,nan,nan
1702297406204,nan,nan
1702297406215,nan,nan
1702297406226,nan,nan
1702297406238,nan,nan
1702297406248,nan,nan
1702297406285,nan,nan
1702297406293,nan,nan
1702297406304,nan,nan
1702297406315,nan,nan
1702297406326,nan,nan
1702297406337,nan,nan
1702297406347,nan,nan
1702297406360,nan,nan
1702297406371,nan,nan
1702297406381,nan,nan
1702297406403,nan,nan
1702297406424,nan,nan
1702297406425,nan,nan
1702297406427,nan,nan
1702297406439,nan,nan
1702297406447,nan,nan
1702297406459,nan,nan
1702297406471,nan,nan
1702297406481,nan,nan
1702297406492,nan,nan
1702297406504,nan,nan
1702297406514,nan,nan
1702297406551,nan,nan
1702297406552,nan,nan
1702297406559,nan,nan
1702297406571,nan,nan
1702297406581,nan,nan
1702297406592,nan,nan
1702297406605,nan,nan
1702297406614,nan,nan
1702297406625,nan,nan
1702297406637,nan,nan
1702297406648,nan,nan
1702297406668,nan,nan
1702297406687,nan,nan
1702297406692,nan,nan
1702297406704,nan,nan
1702297406714,nan,nan
1702297406725,nan,nan
1702297406737,nan,nan
1702297406748,nan,nan
1702297406759,nan,nan
1702297406771,nan,nan
1702297406781,nan,nan
1702297406818,nan,nan
1702297406833,nan,nan
1702297406837,nan,nan
1702297406850,nan,nan
1702297406859,nan,nan
1702297406871,nan,nan
1702297406881,nan,nan
1702297406893,nan,nan
1702297406904,nan,nan
1702297406914,nan,nan
1702297406954,nan,nan
1702297406955,nan,nan
1702297406959,nan,nan
1702297406971,nan,nan
1702297406981,nan,nan
1702297406993,nan,nan
1702297407004,nan,nan
1702297407014,nan,nan
1702297407026,nan,nan
1702297407038,nan,nan
1702297407047,nan,nan
1702297407059,nan,nan
1702297407071,nan,nan
1702297407101,nan,nan
1702297407102,nan,nan
1702297407119,nan,nan
1702297407126,nan,nan
1702297407137,nan,nan
1702297407148,nan,nan
1702297407159,nan,nan
1702297407170,nan,nan
1702297407182,nan,nan
1702297407193,nan,nan
1702297407203,nan,nan
1702297407234,nan,nan
1702297407237,1185.8985137939453,1029.136905670166
1702297407249,1185.8985137939453,1029.136905670166
1702297407260,1185.8985137939453,1029.136905670166
1702297407271,1229.9398040771484,975.5939197540283
1702297407282,1229.9398040771484,975.5939197540283
1702297407293,1229.9398040771484,975.5939197540283
1702297407304,1212.4756622314453,998.2328796386719
1702297407315,1212.4756622314453,998.2328796386719
1702297407326,1212.4756622314453,998.2328796386719
1702297407338,1218.593978881836,933.5822010040283
1702297407376,1218.593978881836,933.5822010040283
1702297407377,1218.593978881836,933.5822010040283
1702297407382,nan,nan
1702297407393,nan,nan
1702297407405,nan,nan
1702297407415,1301.6912841796875,830.1207733154297
1702297407426,1303.2508850097656,833.3868026733398
1702297407438,1295.5381774902344,852.0734310150146
1702297407450,1283.5557556152344,873.3628749847412
1702297407461,1300.4828643798828,941.272029876709
1702297407473,1263.821029663086,924.1533136367798
1702297407484,1273.6209869384766,888.5335350036621
1702297407522,1275.2781677246094,887.9835748672485
1702297407523,1275.5828475952148,886.5577125549316
1702297407529,1277.9651641845703,886.002345085144
1702297407540,1284.7615051269531,884.814190864563
1702297407552,1280.1673889160156,882.2270393371582
1702297407562,1277.2719955444336,887.6842403411865
1702297407573,1278.147964477539,886.715726852417
1702297407584,1308.404769897461,896.3934373855591
1702297407595,1332.5540161132812,886.8022012710571
1702297407606,1354.5755004882812,890.0894737243652
1702297407618,1445.3028106689453,878.2648801803589
1702297407629,1441.0922241210938,877.2327661514282
1702297407645,1448.7921142578125,868.463830947876
1702297407669,1457.1845245361328,873.8448572158813
1702297407670,1459.9823760986328,866.9796895980835
1702297407673,1454.5755767822266,875.795488357544
1702297407685,1451.3231658935547,877.2289037704468
1702297407697,1449.2095947265625,888.6972141265869
1702297407707,1445.95947265625,886.8536996841431
1702297407717,1457.9511260986328,883.6103296279907
1702297407728,1455.7445526123047,876.2432670593262
1702297407739,1452.0234680175781,877.4922323226929
1702297407750,1448.8956451416016,885.2265644073486
1702297407761,1451.1084747314453,880.4971218109131
1702297407802,1452.901611328125,887.9591989517212
1702297407803,1452.9878234863281,888.5914278030396
1702297407806,1452.9566955566406,881.2438058853149
1702297407818,1453.5398864746094,877.7410554885864
1702297407831,1456.0981750488281,898.6849451065063
1702297407840,1455.8946228027344,897.622447013855
1702297407851,1454.8027038574219,906.9591522216797
1702297407862,1464.3167114257812,903.3274412155151
1702297407872,1485.455322265625,913.5224962234497
1702297407884,1700.7286071777344,1094.151120185852
1702297407895,2136.9547271728516,1364.3422651290894
1702297407906,2164.284133911133,1366.2883472442627
1702297407917,nan,nan
1702297407953,nan,nan
1702297407969,nan,nan
1702297407972,nan,nan
1702297407983,nan,nan
1702297407993,nan,nan
1702297408004,nan,nan
1702297408015,nan,nan
1702297408027,nan,nan
1702297408038,nan,nan
1702297408049,nan,nan
1702297408089,nan,nan
1702297408090,nan,nan
1702297408092,nan,nan
1702297408104,nan,nan
1702297408115,nan,nan
1702297408125,nan,nan
1702297408137,nan,nan
1702297408147,nan,nan
1702297408159,nan,nan
1702297408170,nan,nan
1702297408181,nan,nan
1702297408222,nan,nan
1702297408223,nan,nan
1702297408226,nan,nan
1702297408240,nan,nan
1702297408248,nan,nan
1702297408259,nan,nan
1702297408270,nan,nan
1702297408281,nan,nan
1702297408292,nan,nan
1702297408303,nan,nan
1702297408314,nan,nan
1702297408326,nan,nan
1702297408336,nan,nan
1702297408370,nan,nan
1702297408371,nan,nan
1702297408387,nan,nan
1702297408392,nan,nan
1702297408403,nan,nan
1702297408414,nan,nan
1702297408425,nan,nan
1702297408436,nan,nan
1702297408448,nan,nan
1702297408459,nan,nan
1702297408470,nan,nan
1702297408501,nan,nan
1702297408503,nan,nan
1702297408517,nan,nan
1702297408525,nan,nan
1702297408536,nan,nan
1702297408547,nan,nan
1702297408558,nan,nan
1702297408569,nan,nan
1702297408580,nan,nan
1702297408593,nan,nan
1702297408603,nan,nan
1702297408635,nan,nan
1702297408636,nan,nan
1702297408652,nan,nan
1702297408659,nan,nan
1702297408670,nan,nan
1702297408680,nan,nan
1702297408692,nan,nan
1702297408703,nan,nan
1702297408714,nan,nan
1702297408726,nan,nan
1702297408737,nan,nan
1702297408771,nan,nan
1702297408787,nan,nan
1702297408793,nan,nan
1702297408803,nan,nan
1702297408814,nan,nan
1702297408825,nan,nan
1702297408836,nan,nan
1702297408847,nan,nan
1702297408858,nan,nan
1702297408869,nan,nan
1702297408880,nan,nan
1702297408920,nan,nan
1702297408921,nan,nan
1702297408925,nan,nan
1702297408936,nan,nan
1702297408949,nan,nan
1702297408958,nan,nan
1702297408970,1275.2935028076172,867.275333404541
1702297408981,1337.2523498535156,758.9462757110596
1702297408992,1345.9983825683594,764.5977973937988
1702297409003,1340.6507873535156,766.4622116088867
1702297409015,1326.9610595703125,767.4797344207764
1702297409026,1318.988037109375,767.0251750946045
1702297409037,1325.7122802734375,763.3534240722656
1702297409070,1307.6939392089844,765.7176303863525
1702297409071,1303.0014038085938,760.7003974914551
1702297409085,799.5805358886719,482.8243589401245
1702297409092,789.2800140380859,473.94744873046875
1702297409104,764.4770812988281,472.7730703353882
1702297409114,734.1663360595703,463.41615200042725
1702297409125,730.9530639648438,479.36237812042236
1702297409137,725.3141784667969,478.6160373687744
1702297409148,722.2735595703125,493.17408084869385
1702297409159,727.8070831298828,488.7216567993164
1702297409170,728.2350158691406,484.631609916687
1702297409204,722.3313903808594,489.7076368331909
1702297409205,725.3166961669922,493.0604410171509
1702297409220,751.9509124755859,599.4658613204956
1702297409226,745.79833984375,598.6573362350464
1702297409237,750.5567932128906,599.7191476821899
1702297409248,780.9241485595703,606.6461563110352
1702297409259,796.2856292724609,606.4708471298218
1702297409270,781.9447326660156,590.5875778198242
1702297409280,750.2146148681641,473.64352226257324
1702297409292,670.072021484375,452.6865005493164
1702297409303,670.421142578125,519.0257692337036
1702297409314,697.559814453125,497.81310081481934
1702297409334,701.7698669433594,497.93832778930664
1702297409354,699.6851348876953,500.0059461593628
1702297409355,694.4345092773438,485.4169178009033
1702297409359,709.6802520751953,494.7761535644531
1702297409370,767.0148468017578,526.4006423950195
1702297409383,1197.384262084961,758.8992404937744
1702297409393,1292.8321838378906,793.5248851776123
1702297409404,1344.2439270019531,810.6289672851562
1702297409415,1454.8332214355469,835.8395862579346
1702297409426,1453.0976867675781,843.0673885345459
1702297409437,1458.6830139160156,842.0740699768066
1702297409448,1470.6526184082031,861.0084915161133
1702297409491,1474.993896484375,867.9581165313721
1702297409492,1482.406005859375,863.7990188598633
1702297409493,1481.1970520019531,861.754961013794
1702297409506,1472.3619079589844,862.2495174407959
1702297409514,1474.5388793945312,863.6217784881592
1702297409526,1483.2426452636719,863.4526062011719
1702297409537,1495.8528137207031,872.8809356689453
1702297409548,1509.4822692871094,867.3936939239502
1702297409558,1497.5775146484375,866.8008613586426
1702297409569,1488.8897705078125,857.6056480407715
1702297409581,1477.9444885253906,845.4637813568115
1702297409593,1483.494873046875,846.1766910552979
1702297409604,1477.4496459960938,855.3386878967285
1702297409636,1483.2041931152344,859.8447132110596
1702297409637,1475.1968383789062,858.7638473510742
1702297409652,1466.47705078125,870.8998775482178
1702297409659,1472.3542785644531,879.3911075592041
1702297409671,1479.4081115722656,874.1246223449707
1702297409681,1466.4341735839844,875.2174186706543
1702297409692,1466.9483947753906,875.958137512207
1702297409703,1467.9621887207031,877.4885845184326
1702297409714,1464.5280456542969,883.0172824859619
1702297409726,1458.6300659179688,876.8367004394531
1702297409737,1460.0474548339844,889.1837024688721
1702297409771,1472.2602844238281,883.7692451477051
1702297409787,1469.9610900878906,868.260326385498
1702297409793,1465.296630859375,867.3170471191406
1702297409804,1468.4994506835938,877.9053783416748
1702297409814,1458.8401794433594,892.519941329956
1702297409825,1458.734130859375,897.1513652801514
