timestamp,x,y
1702376929215,1354.5477294921875,804.123044013977
1702376929220,1360.4199981689453,817.220892906189
1702376929234,1360.8514404296875,815.0314378738403
1702376929243,1366.3761138916016,813.5894393920898
1702376929254,1361.3546752929688,811.2763023376465
1702376929265,1359.0010833740234,809.7374868392944
1702376929276,1353.4017181396484,815.3123188018799
1702376929287,1350.9878540039062,811.3049268722534
1702376929298,1354.5732116699219,816.527509689331
1702376929310,1357.203598022461,814.0270042419434
1702376929321,1349.9197387695312,805.1182079315186
1702376929332,1346.5680694580078,798.3871936798096
1702376929367,1349.65087890625,796.1062431335449
1702376929376,1361.4482879638672,799.9616718292236
1702376929388,1356.7963409423828,802.8423643112183
1702376929401,1350.2375030517578,801.8605470657349
1702376929410,1341.1856079101562,812.0401525497437
1702376929421,1338.495864868164,804.3066787719727
1702376929432,1337.3870086669922,800.6384897232056
1702376929442,1329.399185180664,777.6637601852417
1702376929453,1229.4352340698242,732.61878490448
1702376929463,1109.939193725586,698.871660232544
1702376929474,1083.3685302734375,684.3515110015869
1702376929521,nan,nan
1702376929522,nan,nan
1702376929538,nan,nan
1702376929541,nan,nan
1702376929553,nan,nan
1702376929563,nan,nan
1702376929573,nan,nan
1702376929584,nan,nan
1702376929595,nan,nan
1702376929607,nan,nan
1702376929618,nan,nan
1702376929630,nan,nan
1702376929642,183.4984016418457,36.178117990493774
1702376929684,229.36867713928223,277.35846877098083
1702376929686,215.30035972595215,240.4032987356186
1702376929687,200.67557334899902,140.29058754444122
1702376929702,203.6508846282959,135.40433764457703
1702376929709,212.5002956390381,140.77719390392303
1702376929721,220.2611541748047,132.3989063501358
1702376929732,229.07262802124023,139.0888398885727
1702376929743,231.61232948303223,148.40115308761597
1702376929754,221.21129035949707,132.2402322292328
1702376929765,212.6045322418213,126.40661001205444
1702376929776,210.87263107299805,124.1774582862854
1702376929787,220.33392906188965,126.98607176542282
1702376929798,224.32930946350098,128.3132153749466
1702376929834,226.03809356689453,128.26137632131577
1702376929835,220.23709297180176,123.63911479711533
1702376929843,191.32287979125977,120.57306289672852
1702376929853,141.71591758728027,116.32865488529205
1702376929864,148.91198635101318,113.42907428741455
1702376929875,146.6308069229126,114.30766940116882
1702376929886,148.86411666870117,120.49149692058563
1702376929898,146.62664413452148,122.82878458499908
1702376929909,153.3411455154419,122.68942505121231
1702376929920,159.31300163269043,125.88458776473999
1702376929931,154.88267421722412,128.93696039915085
1702376929942,154.65814590454102,120.16829878091812
1702376929984,151.871337890625,118.40415626764297
1702376929985,192.11050987243652,114.53871488571167
1702376929986,570.6060791015625,102.51074820756912
1702376930002,614.7809219360352,102.13700920343399
1702376930009,618.7517166137695,94.05824661254883
1702376930021,620.0376510620117,98.4822365641594
1702376930031,616.0659599304199,93.12476545572281
1702376930042,618.5215187072754,105.67928194999695
1702376930053,614.2372894287109,101.01285517215729
1702376930064,610.2092361450195,100.40129005908966
1702376930075,596.7481422424316,89.69426304101944
1702376930086,598.416690826416,93.5846945643425
1702376930098,598.274974822998,103.93643885850906
1702376930136,607.6221656799316,107.11724370718002
1702376930137,605.6228828430176,107.15663194656372
1702376930142,619.6205139160156,106.16258382797241
1702376930153,673.6934661865234,99.99073505401611
1702376930167,708.6205291748047,87.84943699836731
1702376930175,753.1455230712891,91.65754079818726
1702376930186,866.9731903076172,108.77248853445053
1702376930198,871.3093566894531,105.77450305223465
1702376930209,873.6023330688477,107.12295681238174
1702376930220,870.6155395507812,97.70629227161407
1702376930231,869.5379257202148,101.45671516656876
1702376930242,865.1036834716797,98.9628803730011
1702376930283,875.2353668212891,104.63655978441238
1702376930284,875.1181030273438,103.97853076457977
1702376930287,881.1738586425781,106.90455257892609
1702376930304,887.9160308837891,106.77389681339264
1702376930309,888.2320404052734,102.61541336774826
1702376930320,879.7812271118164,100.60840219259262
1702376930331,888.8387680053711,100.36133050918579
1702376930342,949.1132736206055,105.64062863588333
1702376930354,1184.517707824707,102.3429223895073
1702376930365,1225.8175659179688,105.57676523923874
1702376930376,1243.4025573730469,97.22310841083527
1702376930387,1242.446403503418,96.54020994901657
1702376930398,1242.7034759521484,94.47217047214508
1702376930432,1239.7873306274414,98.6509770154953
1702376930433,1243.8796615600586,100.89736729860306
1702376930448,1247.6476669311523,91.0444575548172
1702376930454,1248.1310272216797,98.74057084321976
1702376930464,1255.8447265625,98.76417428255081
1702376930475,1255.2745819091797,105.93481063842773
1702376930486,1253.229637145996,134.88742768764496
1702376930497,1246.9257354736328,133.58671724796295
1702376930508,1253.7287521362305,135.20823061466217
1702376930520,1255.7420349121094,132.630016207695
1702376930531,1252.9399108886719,131.9242250919342
1702376930542,1247.0835494995117,130.13809382915497
1702376930583,1239.5317459106445,131.13067209720612
1702376930584,1242.2795104980469,135.40366172790527
1702376930586,1404.5793914794922,100.43281674385071
1702376930601,1446.5673828125,96.08725190162659
1702376930609,1490.4054260253906,101.42523944377899
1702376930621,1474.4065856933594,130.48424899578094
1702376930631,1476.1857604980469,134.82147753238678
1702376930642,1476.1192321777344,133.1263643503189
1702376930653,1474.43115234375,138.95128548145294
1702376930665,1471.0175323486328,146.10288083553314
1702376930675,1471.6191864013672,152.53393292427063
1702376930687,1489.6558380126953,145.28093934059143
1702376930698,1489.0643310546875,138.05233776569366
1702376930735,1486.2764739990234,131.49759829044342
1702376930736,1479.1767120361328,123.50039899349213
1702376930742,1479.1878509521484,122.50380277633667
1702376930752,1496.6484069824219,96.97710156440735
1702376930766,1501.4209747314453,83.01094383001328
1702376930775,1502.4717712402344,84.6755214035511
1702376930786,1468.6825561523438,144.58202004432678
1702376930798,1466.4082336425781,143.85126292705536
1702376930809,1467.2230529785156,141.3301795721054
1702376930819,1501.3945007324219,74.77435067296028
1702376930831,1501.5009307861328,87.16611474752426
1702376930841,1496.665267944336,92.9697847366333
1702376930882,1546.8414306640625,105.40274620056152
1702376930883,1565.4939270019531,108.1170505285263
1702376930886,1622.5578308105469,119.5798060297966
1702376930899,1620.9876251220703,119.51492339372635
1702376930908,1624.3882751464844,125.94978958368301
1702376930919,1621.5219116210938,134.66153740882874
1702376930931,1629.6784973144531,137.18830168247223
1702376930941,1625.0899505615234,129.7268146276474
1702376930952,1614.928207397461,140.48570215702057
1702376930964,1609.8820495605469,137.39618360996246
1702376930975,1611.4234161376953,140.81748068332672
1702376930986,1620.0740814208984,123.48779261112213
1702376930997,1619.652328491211,127.93076992034912
1702376931032,1621.6966247558594,121.92876935005188
1702376931033,1627.2238159179688,121.6460108757019
1702376931049,1557.9658508300781,129.85637068748474
1702376931053,1221.6847229003906,141.8223112821579
1702376931064,1153.0295181274414,149.2717444896698
1702376931075,985.9988784790039,172.9841834306717
1702376931086,471.7542266845703,201.24355137348175
1702376931097,457.43921279907227,196.81964457035065
1702376931108,401.93504333496094,201.16933465003967
1702376931119,342.11949348449707,232.52434730529785
1702376931131,342.27845191955566,230.04125475883484
1702376931142,336.89743995666504,227.53559947013855
1702376931185,331.56819343566895,231.3372766971588
1702376931186,325.0949954986572,233.81897449493408
1702376931202,321.6258144378662,226.6246247291565
1702376931209,318.7616443634033,235.24794816970825
1702376931220,321.46921157836914,238.48626494407654
1702376931230,322.57603645324707,238.66633772850037
1702376931241,328.6575126647949,233.55165481567383
1702376931253,336.22015953063965,228.94006848335266
1702376931264,336.2489604949951,224.78550910949707
1702376931275,338.7625503540039,223.75120639801025
1702376931286,334.22285079956055,218.74169826507568
1702376931297,331.9688606262207,219.27811861038208
1702376931336,331.28899574279785,217.00160443782806
1702376931337,330.4202079772949,208.68890762329102
1702376931342,327.8284454345703,213.39709639549255
1702376931353,335.0496292114258,219.98815298080444
1702376931365,341.7928123474121,220.83754420280457
1702376931375,387.7439308166504,220.04217267036438
1702376931386,568.6386108398438,206.5284365415573
1702376931397,611.3415908813477,202.90696620941162
1702376931408,619.0889167785645,192.62598931789398
1702376931418,630.1841926574707,201.219642162323
1702376931430,635.7732963562012,197.48660802841187
1702376931441,637.3009300231934,206.64000034332275
1702376931459,627.8574752807617,207.88836479187012
1702376931486,629.2243003845215,212.27951645851135
1702376931487,626.0102653503418,208.3901309967041
1702376931502,623.8736534118652,198.22024583816528
1702376931508,619.2266273498535,196.29685521125793
1702376931519,623.6266708374023,197.461599111557
1702376931530,624.3324279785156,202.87498891353607
1702376931541,628.6215019226074,213.65568280220032
1702376931553,622.7723121643066,216.05912446975708
1702376931564,629.8082542419434,218.67436408996582
1702376931575,634.2457962036133,211.63798570632935
1702376931586,641.7694091796875,203.9856916666031
1702376931597,634.4875907897949,202.28179156780243
1702376931635,654.0966415405273,204.89162385463715
1702376931636,858.3892059326172,197.33755230903625
1702376931641,971.3761901855469,193.77209186553955
1702376931652,1018.1700134277344,214.30789947509766
1702376931666,1026.4370727539062,215.50789833068848
1702376931674,1033.502311706543,218.27214002609253
1702376931685,1038.1121063232422,211.10183358192444
1702376931697,1034.2927551269531,209.5690155029297
1702376931708,1031.3670349121094,211.5060532093048
1702376931718,1034.099998474121,211.17600202560425
1702376931730,1033.3368682861328,212.95240759849548
1702376931741,1036.5664291381836,209.41248178482056
1702376931752,1034.5865631103516,204.7714126110077
1702376931786,1034.8116302490234,205.98391592502594
1702376931802,1044.8172760009766,216.45311951637268
1702376931809,1076.6323471069336,212.5702142715454
1702376931819,1197.541847229004,206.16676211357117
1702376931830,1229.0954971313477,208.59673619270325
1702376931841,1243.1657409667969,204.72776234149933
1702376931852,1250.475730895996,206.8735134601593
1702376931864,1244.5005416870117,200.20920038223267
1702376931874,1239.9939346313477,207.02024102210999
1702376931886,1241.340103149414,205.68952202796936
1702376931897,1250.0067901611328,209.24318075180054
1702376931938,1251.772117614746,204.4475519657135
1702376931939,1247.0794677734375,204.06359374523163
1702376931941,1249.588623046875,210.18518328666687
1702376931954,1252.541275024414,204.9251514673233
1702376931964,1252.0267868041992,206.23754024505615
1702376931975,1248.6573028564453,212.0024871826172
1702376931985,1262.997817993164,202.28752076625824
1702376931996,1305.4806518554688,199.4591850042343
1702376932007,1357.655258178711,184.4637268781662
1702376932018,1486.4767456054688,182.22172737121582
1702376932029,1480.2832794189453,175.17811238765717
1702376932041,1480.5909729003906,175.47691583633423
1702376932052,1492.505111694336,173.12171638011932
1702376932084,1491.995849609375,180.00743508338928
1702376932085,1497.3795318603516,180.57083308696747
1702376932101,1493.3514404296875,186.33047461509705
1702376932108,1493.7617492675781,194.9087369441986
1702376932120,1498.1903839111328,180.61713337898254
1702376932130,1500.0730895996094,173.70255947113037
1702376932141,1500.2238464355469,168.79704594612122
1702376932152,1480.7369995117188,214.0169870853424
1702376932163,1463.099365234375,260.47817945480347
1702376932174,1430.0556945800781,348.65084409713745
1702376932185,1377.4114227294922,635.0560927391052
1702376932197,1369.3978881835938,682.9408621788025
1702376932235,1370.8146667480469,699.1288733482361
1702376932236,1354.5005798339844,727.1543097496033
1702376932241,1357.3896026611328,732.6267242431641
1702376932254,1352.2872161865234,738.3907270431519
1702376932263,1352.8795623779297,741.7107009887695
1702376932274,1355.3964233398438,735.446605682373
1702376932285,1363.1536865234375,724.5859336853027
1702376932297,1365.0537872314453,728.8276433944702
1702376932308,1361.8557739257812,732.0653057098389
1702376932319,1351.8132019042969,732.6814413070679
1702376932330,1353.3379364013672,734.9855661392212
1702376932341,1355.894546508789,740.2689599990845
1702376932352,1362.9854583740234,743.5396671295166
1702376932386,1362.3942565917969,736.4655017852783
1702376932387,1360.7645416259766,734.4947862625122
1702376932404,1356.402587890625,736.1459970474243
1702376932407,1352.8097534179688,731.4670658111572
1702376932420,1342.3192596435547,724.9048376083374
1702376932429,1354.8217010498047,726.1656904220581
1702376932440,1388.4669494628906,742.9309129714966
1702376932451,1479.3038940429688,808.9159154891968
1702376932461,1571.0833740234375,877.0325231552124
1702376932472,nan,nan
1702376932483,nan,nan
1702376932494,nan,nan
1702376932533,nan,nan
1702376932539,nan,nan
1702376932550,nan,nan
1702376932561,nan,nan
1702376932573,1777.0292663574219,933.1600856781006
1702376932584,1863.6373901367188,1100.1556205749512
1702376932596,1387.974853515625,1249.1913843154907
1702376932608,1677.11181640625,1096.032314300537
1702376932618,1607.4935150146484,981.9541454315186
1702376932629,1637.2972869873047,968.8336372375488
1702376932641,1607.0082092285156,952.0914173126221
1702376932652,1591.3516998291016,825.2701377868652
1702376932686,1578.2740020751953,831.0427665710449
1702376932687,1573.403091430664,830.4796743392944
1702376932704,1577.14599609375,799.6026849746704
1702376932707,1574.6550750732422,804.0368700027466
1702376932719,1580.285873413086,796.2185955047607
1702376932729,1584.0522766113281,793.2114744186401
1702376932740,1580.515365600586,798.7015056610107
1702376932751,1579.2089080810547,805.2654075622559
1702376932763,1580.7420349121094,803.0486154556274
1702376932773,1584.5708465576172,797.5376844406128
1702376932785,1584.2022705078125,800.5577659606934
1702376932796,1587.0686340332031,795.6618976593018
1702376932834,1589.4532012939453,804.3726825714111
1702376932835,1653.6231994628906,859.0523672103882
1702376932840,1886.4167785644531,1175.8048152923584
1702376932851,1961.346435546875,1294.9179410934448
1702376932862,1972.45849609375,1309.7528314590454
1702376932874,1974.1397094726562,1316.0146951675415
1702376932885,1986.25,1322.6703929901123
1702376932896,1987.3371124267578,1320.4883193969727
1702376932907,1985.4158020019531,1314.8055124282837
1702376932918,1988.9579010009766,1315.1993036270142
1702376932929,1988.6944580078125,1320.087103843689
1702376932940,1986.6693115234375,1325.549111366272
1702376932951,1983.8664245605469,1322.2286224365234
1702376932986,1984.2862701416016,1319.4670629501343
1702376932987,1984.7740173339844,1320.4292249679565
1702376932996,1982.0787048339844,1327.217059135437
1702376933007,1981.836166381836,1328.0745935440063
1702376933019,1981.8480682373047,1325.724377632141
1702376933030,1977.9956817626953,1326.6290760040283
1702376933040,1979.7463989257812,1322.5707006454468
1702376933051,1997.7066040039062,1339.1690254211426
1702376933063,2030.6539916992188,1343.361554145813
1702376933073,2113.8250732421875,1408.5900020599365
1702376933085,nan,nan
1702376933095,nan,nan
1702376933133,nan,nan
1702376933134,nan,nan
1702376933138,nan,nan
1702376933149,nan,nan
1702376933160,nan,nan
1702376933171,nan,nan
1702376933181,nan,nan
1702376933192,nan,nan
1702376933203,nan,nan
1702376933214,nan,nan
1702376933226,nan,nan
1702376933237,nan,nan
1702376933248,nan,nan
1702376933284,nan,nan
1702376933285,nan,nan
1702376933305,nan,nan
1702376933307,nan,nan
1702376933320,nan,nan
1702376933329,nan,nan
1702376933341,nan,nan
1702376933352,nan,nan
1702376933363,nan,nan
1702376933375,nan,nan
1702376933385,nan,nan
1702376933396,nan,nan
1702376933435,nan,nan
1702376933436,nan,nan
1702376933442,nan,nan
1702376933452,nan,nan
1702376933463,nan,nan
1702376933475,nan,nan
1702376933484,nan,nan
1702376933496,nan,nan
1702376933507,nan,nan
1702376933518,nan,nan
1702376933529,nan,nan
1702376933541,nan,nan
1702376933551,nan,nan
1702376933585,nan,nan
1702376933586,nan,nan
1702376933602,nan,nan
1702376933608,nan,nan
1702376933618,nan,nan
1702376933629,nan,nan
1702376933641,nan,nan
1702376933651,nan,nan
1702376933663,nan,nan
1702376933674,nan,nan
1702376933684,nan,nan
1702376933696,nan,nan
1702376933732,nan,nan
1702376933733,nan,nan
1702376933748,nan,nan
1702376933750,nan,nan
1702376933764,nan,nan
1702376933774,nan,nan
1702376933783,nan,nan
1702376933795,nan,nan
1702376933807,nan,nan
1702376933817,nan,nan
1702376933829,nan,nan
1702376933871,nan,nan
1702376933872,nan,nan
1702376933874,nan,nan
1702376933890,nan,nan
1702376933895,nan,nan
1702376933909,nan,nan
1702376933918,nan,nan
1702376933929,nan,nan
1702376933941,nan,nan
1702376933950,nan,nan
1702376933962,nan,nan
1702376933973,nan,nan
1702376933984,nan,nan
1702376933996,nan,nan
1702376934037,nan,nan
1702376934038,nan,nan
1702376934041,nan,nan
1702376934053,nan,nan
1702376934063,nan,nan
1702376934074,nan,nan
1702376934083,nan,nan
1702376934095,nan,nan
1702376934106,nan,nan
1702376934117,nan,nan
1702376934129,nan,nan
1702376934147,nan,nan
1702376934183,nan,nan
1702376934185,nan,nan
1702376934201,nan,nan
1702376934207,1526.8458557128906,831.9584083557129
1702376934219,1526.8458557128906,831.9584083557129
1702376934229,1526.8458557128906,831.9584083557129
1702376934240,1531.630859375,870.1619911193848
1702376934251,1568.7655639648438,821.9006824493408
1702376934262,1568.7655639648438,821.9006824493408
1702376934274,1572.6934814453125,820.2908420562744
1702376934285,1566.3423156738281,811.294755935669
1702376934296,1571.3090515136719,821.4583110809326
1702376934341,1571.5338134765625,818.873176574707
1702376934342,1527.0401000976562,787.554759979248
1702376934352,1395.8050537109375,736.4710807800293
1702376934373,1383.9840698242188,728.7676048278809
1702376934375,1397.9833984375,733.2388687133789
1702376934385,1397.2372436523438,742.2852516174316
1702376934397,1396.8997192382812,746.8189144134521
1702376934408,1389.7467041015625,751.8554592132568
1702376934418,1375.1840209960938,735.5905437469482
1702376934431,1369.7535705566406,726.7268943786621
1702376934441,1346.7634582519531,786.0658979415894
1702376934452,1369.4087219238281,774.734616279602
1702376934464,1366.7882537841797,779.4535875320435
1702376934485,1374.400863647461,775.4163265228271
1702376934506,1382.3974609375,770.3213739395142
1702376934507,1383.8084411621094,772.0974898338318
1702376934509,1382.9560852050781,770.3891801834106
1702376934522,1377.745590209961,770.3204941749573
1702376934531,1377.7813720703125,766.8657445907593
1702376934542,1375.656509399414,764.4778060913086
1702376934553,1372.7841186523438,767.3751926422119
1702376934564,1374.3976593017578,763.4371948242188
1702376934575,1373.5811614990234,764.8232102394104
1702376934586,1382.8508758544922,759.3134593963623
1702376934598,1384.4329833984375,769.2627811431885
1702376934609,1390.8912658691406,770.586633682251
1702376934658,1376.3398742675781,775.833592414856
1702376934659,1373.1273651123047,784.2094230651855
1702376934665,1364.7966003417969,774.7737121582031
1702376934676,1371.219711303711,769.459376335144
1702376934687,1372.3242950439453,763.7402844429016
1702376934698,1377.8815460205078,773.4331226348877
1702376934709,1380.3926086425781,775.9001111984253
1702376934720,1378.2610321044922,775.7879734039307
1702376934731,1375.4766082763672,772.821192741394
1702376934742,1366.6468811035156,774.0493869781494
1702376934754,1364.9211120605469,775.6839895248413
1702376934765,1364.8712158203125,779.362907409668
1702376934776,1369.9799346923828,776.4106321334839
1702376934787,1312.5376892089844,786.4223527908325
1702376934821,1303.4828186035156,787.1844005584717
1702376934822,1296.9575500488281,790.8466243743896
1702376934830,1315.5204772949219,790.9463167190552
1702376934841,1309.5556640625,795.5902719497681
1702376934854,1314.2676544189453,795.4621267318726
1702376934864,1310.3813171386719,793.2565784454346
1702376934875,1312.8339385986328,788.808274269104
1702376934886,1306.8670654296875,786.2917613983154
1702376934897,1310.493392944336,784.500904083252
1702376934908,1308.0372619628906,782.0329284667969
1702376934920,1312.860336303711,784.8804044723511
1702376934931,1307.1987915039062,784.2264175415039
1702376934969,1304.6546173095703,795.1119804382324
1702376934970,1303.2820892333984,802.2378587722778
1702376934975,1312.8598022460938,803.1244039535522
1702376934986,1320.6090545654297,795.2901649475098
1702376934998,1332.1553039550781,809.6796369552612
1702376935008,1381.6483306884766,843.0870008468628
1702376935020,1645.3196716308594,1070.3319454193115
1702376935031,2015.7243347167969,1181.3620948791504
1702376935041,2064.7402954101562,1201.8658447265625
1702376935052,nan,nan
1702376935063,nan,nan
1702376935074,nan,nan
1702376935086,nan,nan
1702376935123,nan,nan
1702376935124,nan,nan
1702376935128,nan,nan
1702376935141,nan,nan
1702376935150,nan,nan
1702376935162,nan,nan
1702376935171,nan,nan
1702376935182,nan,nan
1702376935194,nan,nan
1702376935205,nan,nan
1702376935216,nan,nan
1702376935227,nan,nan
1702376935249,nan,nan
1702376935269,nan,nan
1702376935285,nan,nan
1702376935286,nan,nan
1702376935298,nan,nan
1702376935310,nan,nan
1702376935320,nan,nan
1702376935331,nan,nan
1702376935343,nan,nan
1702376935353,nan,nan
1702376935365,nan,nan
1702376935377,nan,nan
1702376935386,nan,nan
1702376935418,nan,nan
1702376935419,nan,nan
1702376935420,nan,nan
1702376935434,nan,nan
1702376935443,nan,nan
1702376935454,nan,nan
1702376935465,nan,nan
1702376935476,nan,nan
1702376935486,nan,nan
1702376935499,nan,nan
1702376935509,nan,nan
1702376935520,nan,nan
1702376935532,nan,nan
1702376935569,nan,nan
1702376935576,nan,nan
1702376935585,nan,nan
1702376935598,nan,nan
1702376935609,nan,nan
1702376935618,nan,nan
1702376935631,nan,nan
1702376935642,nan,nan
1702376935652,nan,nan
1702376935664,nan,nan
1702376935676,nan,nan
1702376935686,nan,nan
1702376935721,nan,nan
1702376935722,nan,nan
1702376935738,nan,nan
1702376935743,nan,nan
1702376935753,nan,nan
1702376935764,nan,nan
1702376935776,nan,nan
1702376935786,nan,nan
1702376935797,nan,nan
1702376935809,nan,nan
1702376935819,nan,nan
1702376935831,nan,nan
1702376935871,nan,nan
1702376935876,nan,nan
1702376935888,nan,nan
1702376935898,nan,nan
1702376935910,nan,nan
1702376935918,nan,nan
1702376935930,nan,nan
1702376935942,nan,nan
1702376935952,nan,nan
1702376935963,nan,nan
1702376935976,nan,nan
1702376935986,nan,nan
1702376936021,nan,nan
1702376936022,nan,nan
1702376936030,nan,nan
1702376936042,nan,nan
1702376936052,nan,nan
1702376936064,nan,nan
1702376936076,nan,nan
1702376936086,nan,nan
1702376936097,nan,nan
1702376936109,nan,nan
1702376936119,nan,nan
1702376936131,nan,nan
1702376936169,nan,nan
1702376936170,nan,nan
1702376936176,nan,nan
1702376936186,nan,nan
1702376936199,nan,nan
1702376936216,nan,nan
1702376936231,nan,nan
1702376936241,nan,nan
1702376936252,nan,nan
1702376936264,nan,nan
1702376936306,1483.519287109375,640.5364465713501
1702376936307,1483.519287109375,640.5364465713501
1702376936309,1554.239273071289,546.0914039611816
1702376936323,1538.53271484375,539.6567416191101
1702376936332,1537.0906066894531,540.8450245857239
1702376936343,1526.9418334960938,565.481972694397
1702376936354,1528.8565063476562,561.9917106628418
1702376936365,1527.6496887207031,564.7028875350952
1702376936376,1532.2682189941406,549.8788118362427
1702376936388,1544.1429138183594,542.9648923873901
1702376936399,1541.4189147949219,535.1408886909485
1702376936410,1544.3128204345703,547.1668195724487
1702376936429,1550.1860809326172,530.1440405845642
1702376936453,1583.6386108398438,532.2508192062378
1702376936455,1871.6068267822266,455.06958961486816
1702376936470,1888.6128997802734,443.35142612457275
1702376936476,1896.2773895263672,443.92215728759766
1702376936488,1919.9859619140625,433.86440992355347
1702376936499,1917.6849365234375,428.8101840019226
1702376936510,1915.0557708740234,433.05197954177856
1702376936521,1907.100601196289,441.15963220596313
1702376936532,1912.1275329589844,446.4242720603943
1702376936543,1916.7300415039062,437.9760432243347
1702376936586,1920.5150604248047,431.5597701072693
1702376936587,1921.964111328125,434.5996141433716
1702376936588,1916.900634765625,439.8402214050293
1702376936602,1911.1643981933594,437.88630723953247
1702376936611,1916.4253997802734,441.64820194244385
1702376936622,1918.7657165527344,435.2343535423279
1702376936633,1920.5622863769531,436.61747217178345
1702376936644,1918.1510925292969,439.65283155441284
1702376936655,1922.4498748779297,446.21390104293823
1702376936666,1924.2476654052734,442.37600326538086
1702376936676,1923.2852935791016,441.699378490448
1702376936687,1924.7588348388672,443.8146114349365
1702376936699,1924.4347381591797,441.42019271850586
1702376936737,1924.1154479980469,442.3048710823059
1702376936738,1920.7139587402344,440.89531660079956
1702376936743,1923.821792602539,440.3321599960327
1702376936754,1926.4806365966797,436.79078578948975
1702376936767,1929.2032623291016,437.43282079696655
1702376936776,1926.571044921875,438.4237790107727
1702376936787,1928.4017944335938,442.90010690689087
1702376936799,1926.339111328125,441.40448570251465
1702376936810,1926.4850616455078,439.3633460998535
1702376936821,1931.6777801513672,434.8295760154724
1702376936832,1930.8631134033203,434.6766686439514
1702376936873,1930.6248474121094,440.1042151451111
1702376936874,1887.8250885009766,431.20434522628784
1702376936877,1866.1868286132812,431.91285610198975
1702376936891,1874.9441528320312,423.19743633270264
1702376936899,1870.4692077636719,414.6034026145935
1702376936910,1869.9633026123047,418.75359535217285
1702376936921,1864.6821594238281,431.4008116722107
1702376936933,1869.0702056884766,425.8292627334595
1702376936943,1870.146255493164,416.22249126434326
1702376936954,1868.1121063232422,410.8198571205139
1702376936966,1865.2973937988281,413.8391447067261
1702376937004,1862.0856475830078,421.5327501296997
1702376937010,1861.5435791015625,434.22223806381226
1702376937021,1858.2139587402344,436.89773082733154
1702376937033,1864.2250061035156,439.98370885849
1702376937043,1860.514144897461,432.0862555503845
1702376937054,1825.220718383789,441.9973611831665
1702376937066,1765.4531860351562,480.74811458587646
1702376937077,1661.6829681396484,565.913143157959
1702376937088,1469.5291137695312,777.1745681762695
1702376937099,1457.372817993164,790.5563879013062
1702376937110,1459.9329376220703,807.6400852203369
1702376937131,1433.3030700683594,806.1590766906738
1702376937153,1435.9352111816406,811.8219709396362
1702376937154,1434.471206665039,806.6901540756226
1702376937170,1437.6350402832031,817.933759689331
1702376937177,1440.2510833740234,819.3541717529297
1702376937188,1428.8677215576172,813.7688684463501
1702376937199,1429.6377563476562,808.4971904754639
1702376937210,1428.6556243896484,807.7675008773804
1702376937221,1437.6255798339844,804.637942314148
1702376937232,1438.5528564453125,807.5450706481934
1702376937243,1439.7112274169922,802.1286821365356
1702376937254,1432.773208618164,803.7302398681641
1702376937265,1430.099868774414,805.9124851226807
1702376937303,1425.0045776367188,812.7433633804321
1702376937304,1383.1796264648438,814.849648475647
1702376937309,1346.0197448730469,808.1523656845093
1702376937320,1333.4918975830078,799.8951101303101
1702376937334,1339.5614624023438,798.0487203598022
1702376937343,1334.8638153076172,792.9236841201782
1702376937354,1338.0665588378906,800.7417440414429
1702376937365,1343.0026245117188,806.836838722229
1702376937376,1349.3871307373047,801.4792013168335
1702376937387,1341.4500427246094,803.7364196777344
1702376937398,1338.1300354003906,794.2986059188843
1702376937410,1338.8861083984375,797.93701171875
1702376937455,1338.5747528076172,794.0326166152954
1702376937456,1334.2015075683594,797.1898555755615
1702376937472,1331.2388610839844,801.7431306838989
1702376937476,1355.1119995117188,807.5458431243896
1702376937489,1440.1863098144531,807.6666927337646
1702376937499,1459.9590301513672,809.6650457382202
1702376937510,1459.8957061767578,801.9204139709473
1702376937521,1445.9723663330078,801.2119674682617
1702376937532,1451.8708038330078,798.3864641189575
1702376937543,1450.0564575195312,807.546272277832
1702376937554,1444.110107421875,810.846848487854
1702376937566,1441.148681640625,820.1450157165527
1702376937606,1446.2255096435547,807.5539112091064
1702376937609,1440.312728881836,800.4427099227905
1702376937623,1435.7881927490234,801.8556976318359
1702376937631,1436.46728515625,806.7185640335083
1702376937643,1433.2682800292969,815.9471225738525
1702376937653,1438.4265899658203,814.3219614028931
1702376937665,1443.9484405517578,815.1080417633057
1702376937676,1450.3868865966797,810.9355974197388
1702376937687,1453.4159851074219,810.1475429534912
1702376937698,1450.677719116211,803.4829616546631
1702376937709,1453.0271911621094,796.8239593505859
1702376937720,1449.06494140625,807.1284914016724
1702376937757,1449.9828338623047,810.2670192718506
1702376937758,1445.230484008789,819.5494365692139
1702376937765,1445.3860473632812,818.2775974273682
1702376937776,1447.7029418945312,818.8854503631592
1702376937790,1445.363540649414,811.6370916366577
1702376937798,1446.9200897216797,810.4088544845581
1702376937809,1447.4273681640625,804.3045330047607
1702376937820,1445.5979919433594,810.6003427505493
1702376937832,1440.8267974853516,800.8862400054932
1702376937843,1445.759048461914,810.8179664611816
1702376937854,1603.3807373046875,845.0893020629883
1702376937865,1711.9091033935547,883.1385183334351
1702376937884,1783.6791229248047,889.3872499465942
1702376937907,2068.9685821533203,1005.615177154541
1702376937908,nan,nan
1702376937923,nan,nan
1702376937930,nan,nan
1702376937942,nan,nan
1702376937952,nan,nan
1702376937964,nan,nan
1702376937974,nan,nan
1702376937983,nan,nan
1702376937994,nan,nan
1702376938040,nan,nan
1702376938043,nan,nan
1702376938060,nan,nan
1702376938065,nan,nan
1702376938076,nan,nan
1702376938087,nan,nan
1702376938098,nan,nan
1702376938109,nan,nan
1702376938120,nan,nan
1702376938132,nan,nan
1702376938143,nan,nan
1702376938153,nan,nan
1702376938192,nan,nan
1702376938193,nan,nan
1702376938199,nan,nan
1702376938211,nan,nan
1702376938220,nan,nan
1702376938232,nan,nan
1702376938244,nan,nan
1702376938253,nan,nan
1702376938265,nan,nan
1702376938277,nan,nan
1702376938287,nan,nan
1702376938299,nan,nan
1702376938342,nan,nan
1702376938344,nan,nan
1702376938359,nan,nan
1702376938366,nan,nan
1702376938377,nan,nan
1702376938386,nan,nan
1702376938398,nan,nan
1702376938410,nan,nan
1702376938420,nan,nan
1702376938432,nan,nan
1702376938443,nan,nan
1702376938453,nan,nan
1702376938490,nan,nan
1702376938491,nan,nan
1702376938499,nan,nan
1702376938510,nan,nan
1702376938520,nan,nan
1702376938532,nan,nan
1702376938543,nan,nan
1702376938553,nan,nan
1702376938565,nan,nan
1702376938577,nan,nan
1702376938586,nan,nan
1702376938598,nan,nan
1702376938642,nan,nan
1702376938643,nan,nan
1702376938660,nan,nan
1702376938664,nan,nan
1702376938677,nan,nan
1702376938686,nan,nan
1702376938698,nan,nan
1702376938710,nan,nan
1702376938720,nan,nan
1702376938731,nan,nan
1702376938743,nan,nan
1702376938753,nan,nan
1702376938793,nan,nan
1702376938798,nan,nan
1702376938810,nan,nan
1702376938820,nan,nan
1702376938831,nan,nan
1702376938843,nan,nan
1702376938853,nan,nan
1702376938865,nan,nan
1702376938877,nan,nan
1702376938887,nan,nan
1702376938898,nan,nan
1702376938920,nan,nan
1702376938940,nan,nan
1702376938941,nan,nan
1702376938943,nan,nan
1702376938959,nan,nan
1702376938964,nan,nan
1702376938976,nan,nan
1702376938986,nan,nan
1702376938998,nan,nan
1702376939010,nan,nan
1702376939019,nan,nan
1702376939031,nan,nan
1702376939043,nan,nan
1702376939053,nan,nan
1702376939091,nan,nan
1702376939092,nan,nan
1702376939098,nan,nan
1702376939110,nan,nan
1702376939120,nan,nan
1702376939131,nan,nan
1702376939143,nan,nan
1702376939153,nan,nan
1702376939165,nan,nan
1702376939175,nan,nan
1702376939185,nan,nan
1702376939198,nan,nan
1702376939218,nan,nan
1702376939239,nan,nan
1702376939242,nan,nan
1702376939257,nan,nan
1702376939264,nan,nan
1702376939277,nan,nan
1702376939286,nan,nan
1702376939298,nan,nan
1702376939310,nan,nan
1702376939320,nan,nan
1702376939332,nan,nan
1702376939343,nan,nan
1702376939353,nan,nan
1702376939391,nan,nan
1702376939392,nan,nan
1702376939398,nan,nan
1702376939410,nan,nan
1702376939419,nan,nan
1702376939432,nan,nan
1702376939443,nan,nan
1702376939453,nan,nan
1702376939465,nan,nan
1702376939476,nan,nan
1702376939486,nan,nan
1702376939498,nan,nan
1702376939540,nan,nan
1702376939541,nan,nan
1702376939542,nan,nan
1702376939557,nan,nan
1702376939565,nan,nan
1702376939577,nan,nan
1702376939587,nan,nan
1702376939598,nan,nan
1702376939610,nan,nan
1702376939628,nan,nan
1702376939642,nan,nan
1702376939653,nan,nan
1702376939690,nan,nan
1702376939691,nan,nan
1702376939697,nan,nan
1702376939708,nan,nan
1702376939720,nan,nan
1702376939731,nan,nan
1702376939741,nan,nan
1702376939752,nan,nan
1702376939764,nan,nan
1702376939775,nan,nan
1702376939786,nan,nan
1702376939823,nan,nan
1702376939824,nan,nan
1702376939831,nan,nan
1702376939842,nan,nan
1702376939854,nan,nan
1702376939864,nan,nan
1702376939875,nan,nan
1702376939886,nan,nan
1702376939898,nan,nan
1702376939908,nan,nan
1702376939919,nan,nan
1702376939931,nan,nan
1702376939942,nan,nan
1702376939974,nan,nan
1702376939975,nan,nan
1702376939991,nan,nan
1702376939998,nan,nan
1702376940010,nan,nan
1702376940020,nan,nan
1702376940031,nan,nan
1702376940042,nan,nan
1702376940053,nan,nan
1702376940063,nan,nan
1702376940075,nan,nan
1702376940085,nan,nan
1702376940123,nan,nan
1702376940124,nan,nan
1702376940130,nan,nan
1702376940142,nan,nan
1702376940154,nan,nan
1702376940164,nan,nan
1702376940174,nan,nan
1702376940193,nan,nan
1702376940213,nan,nan
1702376940223,nan,nan
1702376940235,nan,nan
1702376940273,nan,nan
1702376940274,nan,nan
1702376940279,nan,nan
1702376940293,nan,nan
1702376940301,nan,nan
1702376940313,nan,nan
1702376940323,nan,nan
1702376940335,nan,nan
1702376940346,nan,nan
1702376940356,nan,nan
1702376940368,nan,nan
1702376940380,nan,nan
1702376940389,nan,nan
1702376940426,nan,nan
1702376940427,nan,nan
1702376940435,nan,nan
1702376940445,nan,nan
1702376940455,nan,nan
1702376940467,nan,nan
1702376940479,nan,nan
1702376940489,nan,nan
1702376940500,nan,nan
1702376940512,nan,nan
1702376940522,nan,nan
1702376940535,nan,nan
1702376940574,nan,nan
1702376940575,nan,nan
1702376940579,nan,nan
1702376940592,nan,nan
1702376940600,nan,nan
1702376940612,nan,nan
1702376940622,nan,nan
1702376940634,nan,nan
1702376940646,nan,nan
1702376940657,nan,nan
1702376940667,nan,nan
1702376940679,nan,nan
1702376940689,nan,nan
1702376940723,nan,nan
1702376940724,nan,nan
1702376940740,nan,nan
1702376940751,nan,nan
1702376940766,nan,nan
1702376940777,nan,nan
1702376940789,nan,nan
1702376940800,nan,nan
1702376940810,nan,nan
1702376940821,nan,nan
1702376940833,nan,nan
1702376940870,nan,nan
1702376940871,nan,nan
1702376940877,nan,nan
1702376940887,nan,nan
1702376940904,nan,nan
1702376940924,nan,nan
1702376940941,nan,nan
1702376940956,nan,nan
1702376940967,nan,nan
1702376940979,1419.4190979003906,907.6494884490967
1702376940990,1419.4190979003906,907.6494884490967
1702376941025,1419.4190979003906,907.6494884490967
1702376941037,1378.9999389648438,910.7581043243408
1702376941048,1460.9530639648438,830.1109886169434
1702376941057,1467.7247619628906,824.498176574707
1702376941068,1470.8456420898438,824.4183540344238
1702376941079,1461.5786743164062,838.4546756744385
1702376941090,1455.9146118164062,829.6377182006836
1702376941101,1461.0723876953125,828.2990169525146
1702376941113,1470.3215026855469,821.526460647583
1702376941124,1480.7177734375,819.2001056671143
1702376941135,1469.0141296386719,821.3810634613037
1702376941153,1473.6393737792969,817.6349830627441
1702376941174,1461.2033081054688,819.5361328125
1702376941175,1461.2033081054688,819.5361328125
1702376941179,1450.0083923339844,839.4496250152588
1702376941191,1389.1058349609375,895.8572959899902
1702376941201,1396.2788391113281,899.2836570739746
1702376941212,1393.2620239257812,893.6475849151611
1702376941224,1395.5335998535156,895.1661014556885
1702376941236,1386.7961120605469,968.8658237457275
1702376941247,1360.3936004638672,953.3823108673096
1702376941258,1368.9875793457031,950.4795169830322
1702376941269,1366.5133666992188,945.1702880859375
1702376941309,1363.2169342041016,944.5350551605225
1702376941310,1369.8921203613281,940.922441482544
1702376941314,1396.0014343261719,944.5216655731201
1702376941326,1596.3298034667969,846.1819267272949
1702376941337,1665.4866027832031,799.1472673416138
1702376941347,1788.4957885742188,708.643913269043
1702376941359,1996.3738250732422,548.0664968490601
1702376941370,2016.743392944336,533.8964295387268
1702376941381,2030.2407836914062,530.3020763397217
1702376941392,2032.5729370117188,528.9225625991821
1702376941403,2030.8413696289062,520.6850266456604
1702376941414,2029.3525695800781,521.4045023918152
1702376941425,2026.3809204101562,518.8887619972229
1702376941459,2026.5721130371094,518.2462120056152
1702376941460,2029.8759460449219,512.8965353965759
1702376941477,2036.6663360595703,508.8045573234558
1702376941481,2038.297348022461,513.4861063957214
1702376941493,2033.7864685058594,519.9808502197266
1702376941503,2043.0281829833984,526.1153197288513
1702376941514,2046.3617706298828,520.7968211174011
1702376941525,2053.0252075195312,516.3967323303223
1702376941537,2050.9869384765625,499.9465084075928
1702376941548,2044.7456359863281,504.1696572303772
1702376941558,2043.3299255371094,500.49694061279297
1702376941569,2038.28125,507.3339772224426
1702376941608,2039.2803955078125,504.1595721244812
1702376941609,2037.1549224853516,510.4492664337158
1702376941614,2042.0879364013672,511.76307678222656
1702376941625,2044.6282196044922,504.4831109046936
1702376941638,2042.9899597167969,504.2260265350342
1702376941647,2042.3102569580078,500.3688597679138
1702376941658,2038.3981323242188,501.1483311653137
1702376941670,2041.2056732177734,505.4590916633606
1702376941680,2040.7611846923828,510.3292965888977
1702376941692,2038.5375213623047,504.36468601226807
1702376941703,2039.278335571289,498.0723738670349
1702376941714,2027.7827453613281,499.0065121650696
1702376941725,2027.2341918945312,506.971492767334
1702376941759,2023.885498046875,506.3517951965332
1702376941760,2036.2466430664062,506.6457438468933
1702376941769,2022.7740478515625,511.3606595993042
1702376941779,2017.6190948486328,517.0851802825928
1702376941792,2006.50390625,523.9173460006714
1702376941801,2065.9732055664062,448.7370014190674
1702376941812,2060.283203125,442.9929542541504
1702376941824,nan,nan
1702376941834,nan,nan
1702376941845,nan,nan
1702376941856,nan,nan
1702376941867,nan,nan
1702376941910,nan,nan
1702376941911,nan,nan
1702376941927,nan,nan
1702376941933,nan,nan
1702376941945,nan,nan
1702376941954,nan,nan
1702376941972,nan,nan
1702376941991,nan,nan
1702376942003,nan,nan
1702376942015,nan,nan
1702376942025,nan,nan
1702376942060,nan,nan
1702376942061,nan,nan
1702376942070,nan,nan
1702376942082,nan,nan
1702376942092,nan,nan
1702376942103,nan,nan
1702376942115,nan,nan
1702376942124,nan,nan
1702376942136,nan,nan
1702376942147,nan,nan
1702376942157,nan,nan
1702376942169,nan,nan
1702376942210,nan,nan
1702376942215,nan,nan
1702376942229,nan,nan
1702376942236,nan,nan
1702376942249,nan,nan
1702376942258,nan,nan
1702376942270,nan,nan
1702376942282,nan,nan
1702376942291,nan,nan
1702376942303,nan,nan
1702376942314,nan,nan
1702376942324,nan,nan
1702376942361,nan,nan
1702376942369,nan,nan
1702376942381,nan,nan
1702376942390,nan,nan
1702376942402,nan,nan
1702376942414,nan,nan
1702376942424,nan,nan
1702376942435,nan,nan
1702376942448,nan,nan
1702376942458,nan,nan
1702376942469,nan,nan
1702376942510,nan,nan
1702376942515,nan,nan
1702376942527,nan,nan
1702376942536,nan,nan
1702376942548,nan,nan
1702376942558,nan,nan
1702376942569,nan,nan
1702376942581,nan,nan
1702376942591,nan,nan
1702376942603,nan,nan
1702376942614,nan,nan
1702376942624,nan,nan
1702376942658,nan,nan
1702376942673,nan,nan
1702376942681,nan,nan
1702376942691,nan,nan
1702376942703,nan,nan
1702376942714,nan,nan
1702376942723,nan,nan
1702376942735,nan,nan
1702376942747,nan,nan
1702376942765,nan,nan
1702376942808,nan,nan
1702376942809,nan,nan
1702376942813,nan,nan
1702376942824,nan,nan
1702376942838,nan,nan
1702376942846,nan,nan
1702376942856,nan,nan
1702376942874,nan,nan
1702376942894,nan,nan
1702376942904,nan,nan
1702376942942,nan,nan
1702376942950,nan,nan
1702376942961,nan,nan
1702376942973,nan,nan
1702376942983,nan,nan
1702376942994,nan,nan
1702376943005,nan,nan
1702376943017,nan,nan
1702376943027,nan,nan
1702376943044,nan,nan
1702376943071,nan,nan
1702376943095,nan,nan
1702376943096,nan,nan
1702376943111,nan,nan
1702376943120,nan,nan
1702376943129,nan,nan
1702376943141,nan,nan
1702376943153,nan,nan
1702376943162,nan,nan
1702376943174,nan,nan
1702376943186,nan,nan
1702376943196,nan,nan
1702376943208,nan,nan
1702376943243,nan,nan
1702376943259,nan,nan
1702376943263,nan,nan
1702376943275,nan,nan
1702376943286,nan,nan
1702376943297,nan,nan
1702376943308,nan,nan
1702376943320,nan,nan
1702376943330,nan,nan
1702376943342,nan,nan
1702376943361,nan,nan
1702376943395,nan,nan
1702376943397,nan,nan
1702376943412,nan,nan
1702376943419,1447.0317077636719,819.9795341491699
1702376943430,1447.0317077636719,819.9795341491699
1702376943441,1447.0317077636719,819.9795341491699
1702376943452,1480.9951782226562,892.3037338256836
1702376943463,1480.9951782226562,892.3037338256836
1702376943474,1480.9951782226562,892.3037338256836
1702376943486,1468.2450866699219,860.7965755462646
1702376943497,1468.2450866699219,860.7965755462646
1702376943508,1468.2450866699219,860.7965755462646
1702376943544,1355.8354187011719,1070.2395915985107
1702376943545,1463.6211395263672,959.106616973877
1702376943561,1457.6110076904297,956.847038269043
1702376943565,1458.4840393066406,938.5354900360107
1702376943576,1457.2567749023438,932.8171491622925
1702376943587,1448.1267547607422,932.1990823745728
1702376943599,1358.5899353027344,900.3237104415894
1702376943610,1352.2552490234375,900.2651739120483
1702376943621,1349.0989685058594,899.035906791687
1702376943632,1364.3282318115234,904.748969078064
1702376943677,1358.5579681396484,902.6038026809692
1702376943696,1367.830810546875,892.3397827148438
1702376943699,1373.9161682128906,898.9413642883301
1702376943711,1369.2132568359375,901.039924621582
1702376943721,1370.3045654296875,897.219557762146
1702376943732,1370.4069519042969,897.3152160644531
1702376943743,1369.6810913085938,883.9541673660278
1702376943755,1382.4822235107422,886.8751573562622
1702376943765,1530.9785461425781,952.2521352767944
1702376943776,1889.854507446289,1101.2908172607422
1702376943787,2007.669677734375,1136.7771291732788
1702376943825,2180.4302978515625,1212.8570652008057
1702376943830,nan,nan
1702376943843,nan,nan
1702376943852,nan,nan
1702376943863,nan,nan
1702376943874,nan,nan
1702376943884,nan,nan
1702376943895,nan,nan
1702376943906,nan,nan
1702376943918,nan,nan
1702376943928,nan,nan
1702376943974,nan,nan
1702376943975,nan,nan
1702376943977,nan,nan
1702376943990,nan,nan
1702376943999,nan,nan
1702376944010,nan,nan
1702376944022,nan,nan
1702376944032,nan,nan
1702376944044,nan,nan
1702376944056,nan,nan
1702376944066,nan,nan
1702376944077,nan,nan
1702376944089,nan,nan
1702376944127,nan,nan
1702376944133,nan,nan
1702376944144,nan,nan
1702376944155,nan,nan
1702376944166,nan,nan
1702376944177,nan,nan
1702376944188,nan,nan
1702376944198,nan,nan
1702376944210,nan,nan
1702376944221,nan,nan
1702376944231,nan,nan
1702376944276,nan,nan
1702376944277,nan,nan
1702376944294,nan,nan
1702376944298,nan,nan
1702376944311,nan,nan
1702376944322,nan,nan
1702376944331,nan,nan
1702376944343,nan,nan
1702376944355,nan,nan
1702376944365,nan,nan
1702376944376,nan,nan
1702376944389,nan,nan
1702376944424,nan,nan
1702376944425,nan,nan
1702376944431,nan,nan
1702376944443,nan,nan
1702376944457,nan,nan
1702376944465,nan,nan
1702376944476,nan,nan
1702376944488,nan,nan
1702376944498,nan,nan
1702376944510,nan,nan
1702376944521,nan,nan
1702376944531,nan,nan
1702376944543,nan,nan
1702376944578,nan,nan
1702376944579,nan,nan
1702376944596,nan,nan
1702376944599,nan,nan
1702376944612,nan,nan
1702376944622,nan,nan
1702376944632,nan,nan
1702376944644,nan,nan
1702376944655,nan,nan
1702376944665,nan,nan
1702376944677,nan,nan
1702376944689,nan,nan
1702376944728,nan,nan
1702376944729,nan,nan
1702376944732,nan,nan
1702376944745,nan,nan
1702376944755,nan,nan
1702376944765,nan,nan
1702376944777,nan,nan
1702376944788,nan,nan
1702376944798,nan,nan
1702376944810,nan,nan
1702376944821,nan,nan
1702376944831,nan,nan
1702376944854,nan,nan
1702376944875,nan,nan
1702376944877,nan,nan
1702376944893,nan,nan
1702376944899,nan,nan
1702376944910,nan,nan
1702376944922,nan,nan
1702376944931,nan,nan
1702376944944,nan,nan
1702376944956,nan,nan
1702376944972,nan,nan
1702376945010,nan,nan
1702376945028,nan,nan
1702376945032,nan,nan
1702376945045,nan,nan
1702376945054,nan,nan
1702376945065,nan,nan
1702376945082,nan,nan
1702376945103,nan,nan
1702376945143,nan,nan
1702376945146,nan,nan
1702376945159,nan,nan
1702376945171,nan,nan
1702376945180,nan,nan
1702376945193,nan,nan
1702376945202,nan,nan
1702376945213,nan,nan
1702376945225,nan,nan
1702376945235,nan,nan
1702376945246,nan,nan
1702376945259,nan,nan
1702376945296,nan,nan
1702376945297,nan,nan
1702376945301,nan,nan
1702376945313,nan,nan
1702376945328,nan,nan
1702376945335,nan,nan
1702376945346,nan,nan
1702376945359,nan,nan
1702376945367,nan,nan
1702376945380,nan,nan
1702376945393,nan,nan
1702376945401,nan,nan
1702376945445,nan,nan
1702376945447,nan,nan
1702376945462,nan,nan
1702376945468,nan,nan
1702376945480,nan,nan
1702376945493,nan,nan
1702376945501,nan,nan
1702376945513,nan,nan
1702376945526,nan,nan
1702376945535,nan,nan
1702376945546,nan,nan
1702376945558,nan,nan
1702376945595,nan,nan
1702376945596,nan,nan
1702376945601,nan,nan
1702376945613,nan,nan
1702376945626,nan,nan
1702376945634,nan,nan
1702376945646,nan,nan
1702376945658,nan,nan
1702376945667,nan,nan
1702376945680,nan,nan
1702376945692,nan,nan
1702376945701,nan,nan
1702376945723,nan,nan
1702376945747,nan,nan
1702376945748,nan,nan
1702376945765,nan,nan
1702376945768,nan,nan
1702376945781,nan,nan
1702376945792,nan,nan
1702376945801,nan,nan
1702376945813,nan,nan
1702376945826,nan,nan
1702376945834,nan,nan
1702376945847,nan,nan
1702376945859,nan,nan
1702376945897,nan,nan
1702376945898,nan,nan
1702376945901,nan,nan
1702376945914,nan,nan
1702376945925,nan,nan
1702376945934,nan,nan
1702376945946,nan,nan
1702376945958,nan,nan
1702376945967,nan,nan
1702376945979,nan,nan
1702376945991,nan,nan
1702376946013,nan,nan
1702376946037,nan,nan
1702376946038,nan,nan
1702376946039,nan,nan
1702376946046,nan,nan
1702376946058,nan,nan
1702376946067,nan,nan
1702376946079,nan,nan
1702376946091,nan,nan
1702376946101,nan,nan
1702376946112,nan,nan
1702376946125,nan,nan
1702376946134,nan,nan
1702376946146,nan,nan
1702376946158,nan,nan
1702376946200,nan,nan
1702376946201,nan,nan
1702376946217,nan,nan
1702376946225,nan,nan
1702376946235,nan,nan
1702376946246,nan,nan
1702376946258,nan,nan
1702376946268,nan,nan
1702376946279,nan,nan
1702376946291,nan,nan
1702376946301,nan,nan
1702376946311,nan,nan
1702376946346,nan,nan
1702376946347,nan,nan
1702376946364,nan,nan
1702376946367,nan,nan
1702376946379,nan,nan
1702376946390,nan,nan
1702376946400,nan,nan
1702376946412,nan,nan
1702376946424,nan,nan
1702376946434,nan,nan
1702376946445,nan,nan
1702376946457,nan,nan
1702376946495,nan,nan
1702376946499,nan,nan
1702376946514,nan,nan
1702376946523,nan,nan
1702376946534,nan,nan
1702376946546,nan,nan
1702376946557,nan,nan
1702376946568,nan,nan
1702376946579,nan,nan
1702376946590,nan,nan
1702376946627,nan,nan
1702376946628,nan,nan
1702376946634,nan,nan
1702376946651,nan,nan
1702376946669,nan,nan
1702376946687,nan,nan
1702376946702,nan,nan
1702376946713,nan,nan
1702376946725,1454.8175048828125,863.7749004364014
1702376946736,1430.0051879882812,794.0766906738281
1702376946757,1430.0051879882812,794.0766906738281
1702376946778,1415.8375549316406,784.7981357574463
1702376946780,1412.6628112792969,793.5301208496094
1702376946795,1414.9360656738281,795.9694290161133
1702376946803,1411.95068359375,794.1287040710449
1702376946814,1418.1837463378906,794.4091987609863
1702376946825,1421.0305786132812,788.5927104949951
1702376946836,1418.3309936523438,789.2242527008057
1702376946847,1407.5944519042969,786.2363147735596
1702376946858,1403.2684326171875,782.642240524292
1702376946869,1412.1495056152344,788.0528354644775
1702376946880,1412.1495056152344,788.0528354644775
1702376946892,1404.5161437988281,795.820255279541
1702376946930,1400.6629943847656,768.6616230010986
1702376946931,1411.1566162109375,771.2564563751221
1702376946936,1407.8971862792969,783.1353378295898
1702376946947,1399.8439025878906,777.3529243469238
1702376946960,1414.9020385742188,767.3037815093994
1702376946970,1404.9403381347656,768.7276268005371
1702376946981,1407.3136901855469,774.9138736724854
1702376946992,1406.9749450683594,781.5001773834229
1702376947003,1412.7395629882812,777.1816921234131
1702376947014,1416.7648315429688,777.5762557983398
1702376947026,1428.0213928222656,763.8349342346191
1702376947064,1612.7301025390625,696.82532787323
1702376947065,1800.8367919921875,632.2076940536499
1702376947068,1986.16943359375,590.5454778671265
1702376947081,2036.7521667480469,569.9790716171265
1702376947091,2042.8492736816406,545.4249286651611
1702376947102,2040.7017517089844,614.309549331665
1702376947114,2049.6029663085938,602.7606010437012
1702376947125,2056.8875122070312,609.9903774261475
1702376947136,2087.6779174804688,544.0497922897339
1702376947147,2090.2098083496094,550.2068567276001
1702376947158,2088.210906982422,550.9883880615234
1702376947169,2096.488800048828,546.4041709899902
1702376947180,2090.889129638672,540.1103353500366
1702376947212,2093.1585693359375,534.284405708313
1702376947214,2090.5140686035156,516.3012456893921
1702376947231,2094.473419189453,513.3141231536865
1702376947237,2099.6658325195312,506.27012729644775
1702376947247,2101.7022705078125,512.1581125259399
1702376947258,2097.5267028808594,509.6723699569702
1702376947269,2101.962127685547,515.8234262466431
1702376947280,2101.7897033691406,523.7133264541626
1702376947292,2101.8338012695312,527.8758573532104
1702376947303,2097.9611206054688,523.450083732605
1702376947346,2100.1214599609375,516.8147277832031
1702376947347,2100.2890014648438,524.727201461792
1702376947363,2091.2806701660156,534.6207332611084
1702376947370,2095.0958251953125,540.4938268661499
1702376947381,2060.9950256347656,551.2743759155273
1702376947392,2069.2605590820312,549.6826028823853
1702376947403,1932.2540283203125,617.9958915710449
1702376947413,nan,nan
1702376947423,nan,nan
1702376947434,nan,nan
1702376947445,nan,nan
1702376947457,nan,nan
1702376947495,nan,nan
1702376947501,nan,nan
1702376947512,nan,nan
1702376947524,nan,nan
1702376947534,nan,nan
1702376947544,nan,nan
1702376947563,nan,nan
1702376947582,nan,nan
1702376947594,nan,nan
1702376947603,nan,nan
1702376947646,nan,nan
1702376947647,nan,nan
1702376947648,nan,nan
1702376947663,nan,nan
1702376947670,nan,nan
1702376947683,nan,nan
1702376947694,nan,nan
1702376947703,nan,nan
1702376947715,nan,nan
1702376947727,nan,nan
1702376947737,nan,nan
1702376947748,nan,nan
1702376947760,nan,nan
1702376947798,nan,nan
1702376947799,nan,nan
1702376947802,nan,nan
1702376947815,nan,nan
1702376947826,nan,nan
1702376947836,nan,nan
1702376947848,nan,nan
1702376947859,nan,nan
1702376947869,nan,nan
1702376947881,nan,nan
1702376947893,nan,nan
1702376947903,nan,nan
1702376947947,nan,nan
1702376947948,nan,nan
1702376947964,nan,nan
1702376947969,nan,nan
1702376947983,nan,nan
1702376947993,nan,nan
1702376948003,nan,nan
1702376948015,nan,nan
1702376948027,nan,nan
1702376948036,nan,nan
1702376948048,nan,nan
1702376948060,nan,nan
1702376948099,nan,nan
1702376948103,nan,nan
1702376948117,nan,nan
1702376948127,nan,nan
1702376948137,nan,nan
1702376948148,nan,nan
1702376948160,nan,nan
1702376948169,nan,nan
1702376948181,nan,nan
1702376948193,nan,nan
1702376948203,nan,nan
1702376948214,nan,nan
1702376948248,nan,nan
1702376948265,nan,nan
1702376948269,nan,nan
1702376948281,nan,nan
1702376948293,nan,nan
1702376948302,nan,nan
1702376948314,nan,nan
1702376948326,nan,nan
1702376948336,nan,nan
1702376948348,nan,nan
1702376948359,nan,nan
1702376948398,nan,nan
1702376948400,nan,nan
1702376948416,nan,nan
1702376948425,nan,nan
1702376948436,nan,nan
1702376948447,nan,nan
1702376948459,1768.0918884277344,629.1148710250854
1702376948470,1768.0918884277344,629.1148710250854
1702376948481,1768.0918884277344,629.1148710250854
1702376948492,1736.0484313964844,584.4886636734009
1702376948503,1736.0484313964844,584.4886636734009
1702376948525,1736.0484313964844,584.4886636734009
1702376948547,1732.7632141113281,575.665225982666
1702376948548,1732.7632141113281,575.665225982666
1702376948564,nan,nan
1702376948570,1780.3495788574219,562.5734710693359
1702376948582,1780.3495788574219,562.5734710693359
1702376948592,1767.7430725097656,560.3880500793457
1702376948604,1726.4765930175781,553.2342338562012
1702376948615,1726.4765930175781,553.2342338562012
1702376948627,1331.2013244628906,772.1883201599121
1702376948638,1402.5511932373047,714.7161340713501
1702376948649,1402.5595092773438,715.9704208374023
1702376948661,1398.2003784179688,722.8242588043213
1702376948699,1391.333236694336,718.2564353942871
1702376948700,1391.432113647461,715.001220703125
1702376948705,1393.769302368164,708.321533203125
1702376948716,1396.563720703125,711.7018890380859
1702376948730,1392.2529602050781,712.9866242408752
1702376948739,1388.5321044921875,715.413122177124
1702376948750,1384.009780883789,710.5536031723022
1702376948761,1387.602310180664,702.0837450027466
1702376948772,1387.0285034179688,688.6697173118591
1702376948783,1387.7100372314453,692.3467254638672
1702376948795,1388.7342071533203,689.3975615501404
1702376948806,1392.6830291748047,692.4941396713257
1702376948849,1395.0265502929688,686.422369480133
1702376948850,1390.6836700439453,687.0227122306824
1702376948865,1388.7979125976562,687.9390406608582
1702376948872,1392.7914428710938,686.9705057144165
1702376948884,1391.3630676269531,680.7108092308044
1702376948895,1390.750503540039,681.6527795791626
1702376948906,1384.5145416259766,692.7648067474365
1702376948916,1392.5642395019531,720.915277004242
1702376948927,1399.8457336425781,737.8149747848511
1702376948938,1407.9154968261719,763.1286334991455
1702376948949,1403.6611938476562,758.7895059585571
1702376948982,1400.7943725585938,763.8742876052856
1702376948983,1400.0718688964844,767.975664138794
1702376948999,1405.9437561035156,757.9769039154053
1702376949006,1409.8851776123047,756.5324592590332
1702376949016,1406.9029235839844,751.3345098495483
1702376949027,1405.0987243652344,748.9769983291626
1702376949038,1407.6770782470703,762.2972345352173
1702376949050,1407.5480651855469,766.1996984481812
1702376949061,1408.0670928955078,770.6032848358154
1702376949072,1404.6388244628906,770.4986143112183
1702376949083,1406.612777709961,774.8477411270142
1702376949094,1397.2695922851562,783.9948463439941
1702376949132,1395.257568359375,778.6629581451416
1702376949133,1407.1739196777344,774.182939529419
1702376949138,2190.1941680908203,1028.2490730285645
1702376949154,2232.057418823242,1047.7580881118774
1702376949159,2276.4230346679688,1070.0369882583618
1702376949170,nan,nan
1702376949181,nan,nan
1702376949192,nan,nan
1702376949203,nan,nan
1702376949215,nan,nan
1702376949226,nan,nan
1702376949236,nan,nan
1702376949247,nan,nan
1702376949281,nan,nan
1702376949282,nan,nan
1702376949297,nan,nan
1702376949315,nan,nan
1702376949327,nan,nan
1702376949337,nan,nan
1702376949349,nan,nan
1702376949361,nan,nan
1702376949370,nan,nan
1702376949382,nan,nan
1702376949395,nan,nan
1702376949431,nan,nan
1702376949432,nan,nan
1702376949437,nan,nan
1702376949449,nan,nan
1702376949462,nan,nan
1702376949470,nan,nan
1702376949482,nan,nan
1702376949495,nan,nan
1702376949504,nan,nan
1702376949516,nan,nan
1702376949528,nan,nan
1702376949537,nan,nan
1702376949582,nan,nan
1702376949583,nan,nan
1702376949600,nan,nan
1702376949604,nan,nan
1702376949616,nan,nan
1702376949628,nan,nan
1702376949637,nan,nan
1702376949649,nan,nan
1702376949662,nan,nan
1702376949670,nan,nan
1702376949682,nan,nan
1702376949694,nan,nan
1702376949731,nan,nan
1702376949737,nan,nan
1702376949750,nan,nan
1702376949761,nan,nan
1702376949770,nan,nan
1702376949782,nan,nan
1702376949794,nan,nan
1702376949803,nan,nan
1702376949815,nan,nan
1702376949828,nan,nan
1702376949837,nan,nan
1702376949859,nan,nan
1702376949880,nan,nan
1702376949881,nan,nan
1702376949882,nan,nan
1702376949897,nan,nan
1702376949904,nan,nan
1702376949916,nan,nan
1702376949928,nan,nan
1702376949937,nan,nan
1702376949949,nan,nan
1702376949961,nan,nan
1702376949970,nan,nan
1702376949982,nan,nan
1702376949995,nan,nan
1702376950012,nan,nan
1702376950034,nan,nan
1702376950035,nan,nan
1702376950036,nan,nan
1702376950050,nan,nan
1702376950061,nan,nan
1702376950070,nan,nan
1702376950081,nan,nan
1702376950093,nan,nan
1702376950103,nan,nan
1702376950115,nan,nan
1702376950127,nan,nan
1702376950136,nan,nan
1702376950148,nan,nan
1702376950182,nan,nan
1702376950183,nan,nan
1702376950199,nan,nan
1702376950204,nan,nan
1702376950216,nan,nan
1702376950226,nan,nan
1702376950236,nan,nan
1702376950248,nan,nan
1702376950260,nan,nan
1702376950270,nan,nan
1702376950282,nan,nan
1702376950294,nan,nan
1702376950314,nan,nan
1702376950340,nan,nan
1702376950341,nan,nan
1702376950348,nan,nan
1702376950360,nan,nan
1702376950371,nan,nan
1702376950381,nan,nan
1702376950394,nan,nan
1702376950403,nan,nan
1702376950415,nan,nan
1702376950427,nan,nan
1702376950437,nan,nan
1702376950448,nan,nan
1702376950484,nan,nan
1702376950485,nan,nan
1702376950494,nan,nan
1702376950503,nan,nan
1702376950516,nan,nan
1702376950526,nan,nan
1702376950537,nan,nan
1702376950548,nan,nan
1702376950559,nan,nan
1702376950570,nan,nan
1702376950582,nan,nan
1702376950593,nan,nan
1702376950609,nan,nan
1702376950635,nan,nan
1702376950636,nan,nan
1702376950652,nan,nan
1702376950659,nan,nan
1702376950670,nan,nan
1702376950681,nan,nan
1702376950692,nan,nan
1702376950702,nan,nan
1702376950714,nan,nan
1702376950726,nan,nan
1702376950736,nan,nan
1702376950747,nan,nan
1702376950785,nan,nan
1702376950786,nan,nan
1702376950792,nan,nan
1702376950803,nan,nan
1702376950814,nan,nan
1702376950826,nan,nan
1702376950836,nan,nan
1702376950848,nan,nan
1702376950859,nan,nan
1702376950869,nan,nan
1702376950881,nan,nan
1702376950892,nan,nan
1702376950903,nan,nan
1702376950945,nan,nan
1702376950946,nan,nan
1702376950948,nan,nan
1702376950963,nan,nan
1702376950970,nan,nan
1702376950982,nan,nan
1702376950991,nan,nan
1702376951002,nan,nan
1702376951013,nan,nan
1702376951025,nan,nan
1702376951036,nan,nan
1702376951047,nan,nan
1702376951088,nan,nan
1702376951089,nan,nan
1702376951091,nan,nan
1702376951105,nan,nan
1702376951113,nan,nan
1702376951125,nan,nan
1702376951136,nan,nan
1702376951147,nan,nan
1702376951158,nan,nan
1702376951169,nan,nan
1702376951180,nan,nan
1702376951192,nan,nan
1702376951209,nan,nan
1702376951236,nan,nan
1702376951237,nan,nan
1702376951247,nan,nan
1702376951259,nan,nan
1702376951270,nan,nan
1702376951280,nan,nan
1702376951292,nan,nan
1702376951303,nan,nan
1702376951314,nan,nan
1702376951325,nan,nan
1702376951336,nan,nan
1702376951348,nan,nan
1702376951383,nan,nan
1702376951391,nan,nan
1702376951402,nan,nan
1702376951414,nan,nan
1702376951425,nan,nan
1702376951435,nan,nan
1702376951447,nan,nan
1702376951457,nan,nan
1702376951475,nan,nan
1702376951495,nan,nan
1702376951539,nan,nan
1702376951557,nan,nan
1702376951563,nan,nan
1702376951571,nan,nan
1702376951583,nan,nan
1702376951595,nan,nan
1702376951605,nan,nan
1702376951616,nan,nan
1702376951628,nan,nan
1702376951637,nan,nan
1702376951649,nan,nan
1702376951682,nan,nan
1702376951683,nan,nan
1702376951698,nan,nan
1702376951705,nan,nan
1702376951717,nan,nan
1702376951728,nan,nan
1702376951737,nan,nan
1702376951749,nan,nan
1702376951761,nan,nan
1702376951771,nan,nan
1702376951783,nan,nan
1702376951819,nan,nan
1702376951833,nan,nan
1702376951837,nan,nan
1702376951849,nan,nan
1702376951861,nan,nan
1702376951870,nan,nan
1702376951882,nan,nan
1702376951894,nan,nan
1702376951904,nan,nan
1702376951916,nan,nan
1702376951928,nan,nan
1702376951937,nan,nan
1702376951978,nan,nan
1702376951983,nan,nan
1702376952001,nan,nan
1702376952017,nan,nan
1702376952028,1526.2342834472656,911.1003112792969
1702376952038,1526.2342834472656,911.1003112792969
1702376952049,1526.2342834472656,911.1003112792969
1702376952061,1568.7893676757812,1009.1685676574707
1702376952071,1568.7893676757812,1009.1685676574707
1702376952082,1568.7893676757812,1009.1685676574707
1702376952094,1505.733642578125,881.2906265258789
1702376952132,1603.8618469238281,880.3846836090088
1702376952138,1586.5599060058594,967.0571994781494
1702376952150,1486.6767883300781,993.8283920288086
1702376952161,1542.3019409179688,896.6359519958496
1702376952172,1542.3019409179688,896.6359519958496
1702376952183,1542.3019409179688,896.6359519958496
1702376952194,nan,nan
1702376952205,1421.6273498535156,825.6743144989014
1702376952217,1429.949951171875,826.8674468994141
1702376952228,1414.4084167480469,840.1339530944824
1702376952239,1415.2922058105469,837.453203201294
1702376952249,1406.1727905273438,838.1583023071289
1702376952283,1410.6805419921875,828.9593124389648
1702376952284,1407.5129699707031,815.0030708312988
1702376952301,1407.5947570800781,807.218656539917
1702376952306,1396.0696411132812,801.6610336303711
1702376952317,1396.0696411132812,801.6610336303711
1702376952328,1397.5581359863281,799.0293788909912
1702376952339,1395.1121520996094,801.2747955322266
1702376952350,1402.100830078125,799.4647979736328
1702376952361,1406.346435546875,795.4212284088135
1702376952372,1407.6788330078125,790.7592487335205
1702376952383,1401.6175842285156,791.0370826721191
1702376952394,1358.9595031738281,812.0459461212158
1702376952413,1238.0753326416016,833.7512397766113
1702376952435,1234.9847412109375,824.3747520446777
1702376952436,1239.4073486328125,818.5577487945557
1702376952439,1227.2722625732422,803.3469200134277
1702376952456,1228.7130737304688,808.2231330871582
1702376952461,1227.9656982421875,803.0718326568604
1702376952472,1222.403335571289,814.4426822662354
1702376952483,1229.3421173095703,809.8414707183838
1702376952495,1235.9481048583984,821.663875579834
1702376952506,1232.2491455078125,821.0378265380859
1702376952517,1225.2904510498047,821.1397933959961
1702376952528,1223.0175018310547,809.7683429718018
1702376952539,1226.3744354248047,797.5198745727539
1702376952550,1244.5872497558594,800.9975624084473
1702376952586,1209.5687866210938,814.7424030303955
1702376952587,1182.009506225586,853.5243129730225
1702376952602,635.5495834350586,621.660647392273
1702376952606,652.1571350097656,588.8653421401978
1702376952616,644.5054626464844,583.5736656188965
1702376952627,643.5311889648438,573.2802486419678
1702376952638,645.865478515625,581.2752485275269
1702376952649,642.3989105224609,579.4869661331177
1702376952661,653.3396911621094,586.3873243331909
1702376952672,626.0581588745117,567.9968976974487
1702376952683,631.1576080322266,567.8512859344482
1702376952694,627.6975631713867,567.3168611526489
1702376952734,636.8099975585938,569.4148206710815
1702376952735,640.4027557373047,565.6215333938599
1702376952738,630.8054733276367,550.6470823287964
1702376952751,632.3542785644531,553.3406209945679
1702376952761,648.7992858886719,540.4663181304932
1702376952773,709.3470001220703,484.0547847747803
1702376952785,702.6311111450195,472.37582445144653
1702376952796,686.3595581054688,489.5226502418518
1702376952807,686.7338943481445,492.1146297454834
1702376952818,689.6298217773438,495.5944848060608
1702376952830,697.337532043457,490.6379556655884
1702376952841,687.2728729248047,485.2424454689026
1702376952852,685.9061050415039,485.74955463409424
1702376952886,680.9558486938477,481.9558811187744
1702376952887,688.2856369018555,486.04755878448486
1702376952903,687.909049987793,482.4767875671387
1702376952907,685.7062911987305,475.83016633987427
1702376952919,686.9036102294922,469.8619508743286
1702376952930,693.6445999145508,471.29502296447754
1702376952941,685.7522201538086,460.45555114746094
1702376952952,679.6031951904297,460.7379126548767
1702376952963,676.0512161254883,456.843044757843
1702376952974,673.0867385864258,454.5010471343994
1702376952985,674.7367095947266,453.34473609924316
1702376952995,669.6358871459961,457.525634765625
1702376953033,722.1113967895508,458.0935335159302
1702376953034,764.7818756103516,467.69343852996826
1702376953039,1098.7908935546875,482.3289442062378
1702376953051,nan,nan
1702376953061,nan,nan
1702376953071,nan,nan
1702376953083,nan,nan
1702376953094,nan,nan
1702376953105,nan,nan
1702376953116,nan,nan
1702376953127,nan,nan
1702376953138,nan,nan
1702376953148,nan,nan
1702376953185,nan,nan
1702376953186,nan,nan
1702376953193,nan,nan
1702376953204,nan,nan
1702376953215,nan,nan
1702376953226,nan,nan
1702376953236,nan,nan
1702376953254,nan,nan
1702376953274,nan,nan
1702376953286,nan,nan
1702376953304,nan,nan
1702376953340,nan,nan
1702376953341,nan,nan
1702376953358,nan,nan
1702376953363,nan,nan
1702376953374,nan,nan
1702376953384,nan,nan
1702376953394,nan,nan
1702376953411,nan,nan
1702376953433,nan,nan
1702376953443,nan,nan
1702376953454,nan,nan
1702376953487,nan,nan
1702376953488,nan,nan
1702376953504,nan,nan
1702376953510,nan,nan
1702376953522,nan,nan
1702376953533,nan,nan
1702376953543,nan,nan
1702376953554,nan,nan
1702376953567,nan,nan
1702376953576,nan,nan
1702376953588,nan,nan
1702376953601,nan,nan
1702376953635,nan,nan
1702376953643,nan,nan
1702376953655,nan,nan
1702376953675,nan,nan
1702376953688,nan,nan
1702376953699,nan,nan
1702376953710,nan,nan
1702376953722,nan,nan
1702376953733,nan,nan
1702376953743,nan,nan
1702376953754,nan,nan
1702376953789,nan,nan
1702376953790,nan,nan
1702376953806,nan,nan
1702376953810,nan,nan
1702376953822,nan,nan
1702376953832,nan,nan
1702376953843,nan,nan
1702376953854,nan,nan
1702376953866,1606.1618041992188,568.8982057571411
1702376953877,1566.8283081054688,561.577320098877
1702376953888,1566.8283081054688,561.577320098877
1702376953900,1552.5059509277344,558.9115905761719
1702376953935,nan,nan
1702376953936,1543.6587524414062,599.7643804550171
1702376953951,1577.6197814941406,568.5195207595825
1702376953956,1578.2151794433594,567.4001598358154
1702376953968,1574.6380615234375,570.5363702774048
1702376953979,1587.89306640625,571.6983461380005
1702376953990,1548.5433959960938,573.0164694786072
1702376954002,1583.4700775146484,593.0967092514038
1702376954013,1577.6464080810547,585.4069876670837
1702376954024,1573.0421447753906,591.5429592132568
1702376954036,1483.3360290527344,617.5972509384155
1702376954046,1245.3277969360352,705.0065588951111
1702376954089,1224.6969604492188,706.2992334365845
1702376954091,1221.54296875,707.8359460830688
1702376954105,1222.0540618896484,704.9969673156738
1702376954112,1227.1158599853516,700.8656144142151
1702376954124,1228.0995559692383,699.446918964386
1702376954135,1224.1173934936523,705.1742935180664
1702376954146,1214.8748779296875,713.1678128242493
1702376954157,1216.2611770629883,714.5458030700684
1702376954168,1216.0097122192383,713.540940284729
1702376954179,1220.1971817016602,715.4243659973145
1702376954191,1216.9154739379883,717.7415156364441
1702376954213,1154.6989822387695,700.1019144058228
1702376954235,926.2922668457031,579.172933101654
1702376954236,854.1797637939453,532.8951930999756
1702376954252,599.4096755981445,413.0864953994751
1702376954258,578.2956504821777,405.74252128601074
1702376954268,575.2593994140625,403.21903467178345
1702376954280,581.1098098754883,404.5993423461914
1702376954290,586.8517875671387,410.9148073196411
1702376954302,589.9308204650879,412.6795291900635
1702376954313,588.3781242370605,412.251877784729
1702376954324,586.1601257324219,406.37447118759155
1702376954335,589.7686386108398,410.51966428756714
1702376954368,590.4006385803223,417.5049948692322
1702376954369,588.3393096923828,422.0336151123047
1702376954386,590.9698295593262,437.16341972351074
1702376954391,596.1753273010254,436.585156917572
1702376954402,603.1815338134766,432.9199290275574
1702376954413,603.9715003967285,434.41462755203247
1702376954424,599.278507232666,432.4841022491455
1702376954435,596.9532012939453,434.8202848434448
1702376954446,597.7126884460449,439.5173692703247
1702376954458,596.9828224182129,442.2334599494934
1702376954469,592.3933219909668,446.5058755874634
1702376954480,594.81201171875,451.62078380584717
1702376954519,599.2149543762207,452.8084444999695
1702376954520,600.385799407959,457.6217007637024
1702376954524,605.7721138000488,456.17461681365967
1702376954536,607.7753829956055,456.3196921348572
1702376954546,604.1952705383301,462.44128704071045
1702376954557,603.0463218688965,468.4448003768921
1702376954568,601.5336036682129,466.0741138458252
1702376954579,601.7400169372559,468.34847688674927
1702376954590,603.8106536865234,464.8837924003601
1702376954601,600.5233192443848,470.0787377357483
1702376954612,607.2491455078125,473.38040828704834
1702376954623,603.0674934387207,475.1780891418457
1702376954635,606.8956756591797,478.27582597732544
1702376954671,605.6287384033203,485.06617069244385
1702376954678,1121.9110870361328,654.1521549224854
1702376954689,1186.8111419677734,677.3062705993652
1702376954701,1237.8758239746094,717.5856256484985
1702376954711,1301.1644744873047,857.9861354827881
1702376954723,1308.8813781738281,857.2091102600098
1702376954734,1301.4732360839844,870.5646228790283
1702376954746,1302.1054458618164,884.2271947860718
1702376954757,1304.0046691894531,892.0567989349365
1702376954768,1306.2849426269531,890.3984212875366
1702376954779,1304.9685668945312,897.8528165817261
1702376954822,1300.0795364379883,899.794864654541
1702376954823,1300.4928588867188,901.1364841461182
1702376954840,1301.7041778564453,895.7570028305054
1702376954846,1303.1273651123047,894.8361682891846
1702376954858,1302.0116424560547,891.7234754562378
1702376954868,1300.1006698608398,890.1346206665039
1702376954879,1299.570541381836,887.1487426757812
1702376954890,1302.049789428711,892.8690576553345
1702376954901,1309.1912841796875,895.0190734863281
1702376954912,1307.5761413574219,897.3893737792969
1702376954924,1309.9127960205078,900.3119945526123
1702376954934,1305.1557922363281,893.5124015808105
1702376954972,1302.9712677001953,892.4658250808716
1702376954973,1306.3687133789062,888.6025428771973
1702376954978,1421.507339477539,936.7495250701904
1702376954990,1531.9696044921875,902.8084659576416
1702376955000,1605.787353515625,923.0627918243408
1702376955010,nan,nan
1702376955022,nan,nan
1702376955033,nan,nan
1702376955044,nan,nan
1702376955053,nan,nan
1702376955064,nan,nan
1702376955075,nan,nan
1702376955086,nan,nan
1702376955125,nan,nan
1702376955126,nan,nan
1702376955142,nan,nan
1702376955159,nan,nan
1702376955170,nan,nan
1702376955179,nan,nan
1702376955192,nan,nan
1702376955204,nan,nan
1702376955213,nan,nan
1702376955226,nan,nan
1702376955236,nan,nan
1702376955272,nan,nan
1702376955273,nan,nan
1702376955279,nan,nan
1702376955292,nan,nan
1702376955303,nan,nan
1702376955313,nan,nan
1702376955326,nan,nan
1702376955337,nan,nan
1702376955347,nan,nan
1702376955359,nan,nan
1702376955370,nan,nan
1702376955387,nan,nan
1702376955422,nan,nan
1702376955423,nan,nan
1702376955441,nan,nan
1702376955447,nan,nan
1702376955458,nan,nan
1702376955468,nan,nan
1702376955478,nan,nan
1702376955497,nan,nan
1702376955516,nan,nan
1702376955527,nan,nan
1702376955551,nan,nan
1702376955574,nan,nan
1702376955575,nan,nan
1702376955583,nan,nan
1702376955594,nan,nan
1702376955606,nan,nan
1702376955616,nan,nan
1702376955627,nan,nan
1702376955639,nan,nan
1702376955649,nan,nan
1702376955660,nan,nan
1702376955672,nan,nan
1702376955684,nan,nan
1702376955723,nan,nan
1702376955724,nan,nan
1702376955728,nan,nan
1702376955741,nan,nan
1702376955749,nan,nan
1702376955761,nan,nan
1702376955773,nan,nan
1702376955783,nan,nan
1702376955794,nan,nan
1702376955805,nan,nan
1702376955815,nan,nan
1702376955827,nan,nan
1702376955869,nan,nan
1702376955870,nan,nan
1702376955872,nan,nan
1702376955886,nan,nan
1702376955894,nan,nan
1702376955906,nan,nan
1702376955915,nan,nan
1702376955927,nan,nan
1702376955940,nan,nan
1702376955948,nan,nan
1702376955961,nan,nan
1702376955973,nan,nan
1702376955982,nan,nan
1702376956021,nan,nan
1702376956022,nan,nan
1702376956028,nan,nan
1702376956040,nan,nan
1702376956049,nan,nan
1702376956061,nan,nan
1702376956074,nan,nan
1702376956083,nan,nan
1702376956095,nan,nan
1702376956107,nan,nan
1702376956116,nan,nan
1702376956128,nan,nan
1702376956170,nan,nan
1702376956171,nan,nan
1702376956172,nan,nan
1702376956188,nan,nan
1702376956195,nan,nan
1702376956207,nan,nan
1702376956216,nan,nan
1702376956228,nan,nan
1702376956240,nan,nan
1702376956249,nan,nan
1702376956262,nan,nan
1702376956273,nan,nan
1702376956282,nan,nan
1702376956321,nan,nan
1702376956322,nan,nan
1702376956328,nan,nan
1702376956340,nan,nan
1702376956349,nan,nan
1702376956361,nan,nan
1702376956373,nan,nan
1702376956382,nan,nan
1702376956396,nan,nan
1702376956406,nan,nan
1702376956416,nan,nan
1702376956428,nan,nan
1702376956450,nan,nan
1702376956472,nan,nan
1702376956473,nan,nan
1702376956490,nan,nan
1702376956495,nan,nan
1702376956506,nan,nan
1702376956515,nan,nan
1702376956528,nan,nan
1702376956539,nan,nan
1702376956548,nan,nan
1702376956560,nan,nan
1702376956608,nan,nan
1702376956609,nan,nan
1702376956615,nan,nan
1702376956626,nan,nan
1702376956640,nan,nan
1702376956649,nan,nan
1702376956659,nan,nan
1702376956672,nan,nan
1702376956682,nan,nan
1702376956693,nan,nan
1702376956705,nan,nan
1702376956716,nan,nan
1702376956754,nan,nan
1702376956755,nan,nan
1702376956760,nan,nan
1702376956773,nan,nan
1702376956783,nan,nan
1702376956793,nan,nan
1702376956806,nan,nan
1702376956816,nan,nan
1702376956827,nan,nan
1702376956839,nan,nan
1702376956848,nan,nan
1702376956860,nan,nan
1702376956872,nan,nan
1702376956905,nan,nan
1702376956906,nan,nan
1702376956923,nan,nan
1702376956927,nan,nan
1702376956940,nan,nan
1702376956948,nan,nan
1702376956960,nan,nan
1702376956972,nan,nan
1702376956982,nan,nan
1702376956993,nan,nan
1702376957006,nan,nan
1702376957015,nan,nan
1702376957057,nan,nan
1702376957060,nan,nan
1702376957076,nan,nan
1702376957083,nan,nan
1702376957095,nan,nan
1702376957106,nan,nan
1702376957115,nan,nan
1702376957127,nan,nan
1702376957138,nan,nan
1702376957147,nan,nan
1702376957159,nan,nan
1702376957171,nan,nan
1702376957205,nan,nan
1702376957214,nan,nan
1702376957228,nan,nan
1702376957238,nan,nan
1702376957247,nan,nan
1702376957259,nan,nan
1702376957271,nan,nan
1702376957281,nan,nan
1702376957292,nan,nan
1702376957304,nan,nan
1702376957314,nan,nan
1702376957354,nan,nan
1702376957355,nan,nan
1702376957359,nan,nan
1702376957378,nan,nan
1702376957393,nan,nan
1702376957403,nan,nan
1702376957415,nan,nan
1702376957426,nan,nan
1702376957438,1263.414077758789,843.6317253112793
1702376957448,1263.414077758789,843.6317253112793
1702376957460,1263.414077758789,843.6317253112793
1702376957471,1283.2980346679688,852.8714847564697
1702376957504,1283.2980346679688,852.8714847564697
1702376957523,1292.0936584472656,855.6258773803711
1702376957526,1292.0936584472656,855.6258773803711
1702376957540,1287.0979309082031,877.3595809936523
1702376957548,1374.6237182617188,844.8682022094727
1702376957559,1374.6237182617188,844.8682022094727
1702376957570,1374.7955322265625,840.5013084411621
1702376957581,1369.0666198730469,833.9529418945312
1702376957592,1385.9266662597656,834.1970443725586
1702376957604,1388.6016845703125,823.9587306976318
1702376957615,1391.4912414550781,814.4129848480225
1702376957639,1389.4290161132812,813.9097595214844
1702376957659,1385.4762268066406,816.416015625
1702376957660,1387.6768493652344,812.2195816040039
1702376957675,1389.1726684570312,803.2065010070801
1702376957683,1386.7878723144531,783.1041812896729
1702376957695,1383.8796997070312,786.738338470459
1702376957704,1391.1912536621094,784.6252727508545
1702376957715,1390.9065246582031,787.3306560516357
1702376957727,1391.2568664550781,788.7424850463867
1702376957737,1393.458251953125,788.844108581543
1702376957748,1403.3489990234375,782.0829677581787
1702376957759,1405.5323791503906,771.4483737945557
1702376957770,1402.9428100585938,766.8772029876709
1702376957805,1400.6675720214844,766.2296104431152
1702376957806,1395.7257080078125,763.6085987091064
1702376957823,1388.9108276367188,758.911600112915
1702376957826,1386.6363525390625,764.3765258789062
1702376957839,1356.8301391601562,761.275634765625
1702376957849,1259.4662475585938,790.0661659240723
1702376957860,1239.6285247802734,797.3232364654541
1702376957871,1243.5796356201172,801.9346618652344
1702376957882,1237.326431274414,805.0457668304443
1702376957893,1239.6487426757812,798.3094310760498
1702376957904,1233.7064361572266,806.1662864685059
1702376957915,1236.3365173339844,802.5177955627441
1702376957953,1227.0043182373047,798.0653285980225
1702376957954,1229.6572875976562,798.8493919372559
1702376957959,1228.777084350586,805.684175491333
1702376957970,1232.1778869628906,794.503698348999
1702376957983,1232.3084259033203,780.9910297393799
1702376957992,1230.3657531738281,776.2524032592773
1702376958003,1228.7130737304688,791.2890815734863
1702376958015,1233.2830047607422,791.4310455322266
1702376958026,1242.3934936523438,789.6501445770264
1702376958037,1242.9271697998047,775.4759788513184
1702376958048,1242.0649719238281,783.131046295166
1702376958059,1242.6380157470703,789.1066646575928
1702376958070,1235.8672332763672,797.3249530792236
1702376958107,1098.393783569336,732.226152420044
1702376958108,1001.6339874267578,689.1232252120972
1702376958114,679.5784759521484,540.9939622879028
1702376958126,645.0115966796875,532.4509763717651
1702376958138,622.4693298339844,525.437536239624
1702376958148,625.2978897094727,545.5439758300781
1702376958159,621.3450241088867,538.500280380249
1702376958170,626.3714981079102,536.3500499725342
1702376958183,630.9603881835938,531.2020969390869
1702376958194,633.240795135498,541.3178014755249
1702376958206,625.6475257873535,563.2078886032104
1702376958217,613.4754180908203,559.7218322753906
1702376958259,613.0850791931152,557.1004128456116
1702376958262,615.5182075500488,553.4246277809143
1702376958276,615.9415435791016,550.7154035568237
1702376958283,615.3700065612793,551.4222407341003
1702376958295,613.9971160888672,552.451822757721
1702376958305,617.4869918823242,554.3599033355713
1702376958316,607.7363967895508,547.560224533081
1702376958327,599.9994850158691,541.1616969108582
1702376958339,595.8786010742188,533.440797328949
1702376958349,599.1372489929199,530.2475738525391
1702376958361,604.3648529052734,530.6742596626282
1702376958405,603.9643096923828,524.8854517936707
1702376958406,585.6505584716797,505.7126784324646
1702376958423,568.8825035095215,489.97716665267944
1702376958428,569.1036987304688,491.5694761276245
1702376958439,564.1909599304199,495.65216302871704
1702376958450,562.9135513305664,493.449125289917
1702376958461,566.862735748291,497.8635048866272
1702376958471,571.9343376159668,494.3511629104614
1702376958482,579.6493721008301,502.1293115615845
1702376958493,nan,nan
1702376958503,nan,nan
1702376958514,nan,nan
1702376958534,nan,nan
1702376958558,nan,nan
1702376958559,nan,nan
1702376958574,nan,nan
1702376958581,nan,nan
1702376958591,nan,nan
1702376958602,nan,nan
1702376958613,nan,nan
1702376958624,nan,nan
1702376958635,nan,nan
1702376958645,nan,nan
1702376958665,nan,nan
1702376958706,nan,nan
1702376958707,nan,nan
1702376958725,nan,nan
1702376958731,nan,nan
1702376958747,nan,nan
1702376958762,nan,nan
1702376958773,nan,nan
1702376958784,nan,nan
1702376958796,nan,nan
1702376958807,nan,nan
1702376958818,nan,nan
1702376958858,nan,nan
1702376958863,nan,nan
1702376958874,nan,nan
1702376958884,nan,nan
1702376958895,nan,nan
1702376958906,nan,nan
1702376958917,nan,nan
1702376958928,nan,nan
1702376958939,nan,nan
1702376958951,nan,nan
1702376958962,nan,nan
1702376958973,nan,nan
1702376959006,nan,nan
1702376959007,nan,nan
1702376959027,nan,nan
1702376959028,nan,nan
1702376959040,nan,nan
1702376959051,nan,nan
1702376959062,nan,nan
1702376959073,nan,nan
1702376959084,nan,nan
1702376959096,nan,nan
1702376959106,nan,nan
1702376959117,nan,nan
1702376959157,nan,nan
1702376959162,1445.2685546875,907.155876159668
1702376959175,1303.7269592285156,759.5327568054199
1702376959185,1324.998779296875,663.8840675354004
1702376959196,1324.998779296875,663.8840675354004
1702376959207,1318.2513427734375,701.7504215240479
1702376959218,1322.9586791992188,704.7810173034668
1702376959229,1308.4982299804688,704.3468856811523
1702376959240,1308.8862609863281,706.2500095367432
1702376959251,1299.1078186035156,713.2791566848755
1702376959263,1303.0946350097656,717.2177982330322
1702376959304,1307.359619140625,714.9680471420288
1702376959305,1309.5863342285156,730.7763004302979
1702376959307,1302.7519226074219,745.726203918457
1702376959322,1300.5352783203125,743.9714813232422
1702376959329,1303.1819152832031,746.3071060180664
1702376959341,1295.3668212890625,747.1904754638672
1702376959351,1293.1999206542969,751.2549877166748
1702376959362,1293.4120178222656,747.2800827026367
1702376959374,1295.7089233398438,743.5770893096924
1702376959384,1298.0421447753906,745.444164276123
1702376959396,1300.6193542480469,746.2831592559814
1702376959407,1294.9610900878906,758.2660675048828
1702376959418,1300.1980590820312,770.1488971710205
1702376959458,1301.2312316894531,776.0555076599121
1702376959459,1306.5548706054688,776.4801979064941
1702376959463,1298.6640930175781,770.7576942443848
1702376959477,1295.6777954101562,770.8094501495361
1702376959485,1299.5924377441406,771.0064315795898
1702376959496,1284.7323608398438,761.6362953186035
1702376959507,1274.825210571289,758.5741996765137
1702376959518,1253.21044921875,748.2525444030762
1702376959529,1259.213638305664,755.4527950286865
1702376959541,1252.5360870361328,754.8307800292969
1702376959552,1249.6878051757812,763.5125541687012
1702376959563,1254.8739624023438,771.2326812744141
1702376959574,1257.6591491699219,765.5883693695068
1702376959609,1263.7879943847656,766.77077293396
1702376959619,1250.2272033691406,777.6371097564697
1702376959630,1244.032974243164,775.6297874450684
1702376959640,1243.9701843261719,774.8351669311523
1702376959651,1244.4287109375,781.276330947876
1702376959662,1246.4639282226562,779.5419502258301
1702376959673,1328.6871337890625,796.0254764556885
1702376959684,1590.0373840332031,957.4051094055176
1702376959695,1664.0666198730469,996.1685657501221
1702376959706,1723.1163024902344,1079.9217224121094
1702376959717,nan,nan
1702376959738,nan,nan
1702376959760,nan,nan
1702376959761,nan,nan
1702376959777,nan,nan
1702376959783,nan,nan
1702376959795,nan,nan
1702376959806,nan,nan
1702376959817,nan,nan
1702376959827,nan,nan
1702376959839,nan,nan
1702376959850,nan,nan
1702376959861,nan,nan
1702376959872,nan,nan
1702376959907,nan,nan
1702376959908,nan,nan
1702376959925,nan,nan
1702376959928,nan,nan
1702376959940,nan,nan
1702376959950,nan,nan
1702376959960,nan,nan
1702376959978,nan,nan
1702376959999,nan,nan
1702376960010,nan,nan
1702376960019,nan,nan
1702376960060,nan,nan
1702376960061,nan,nan
1702376960066,nan,nan
1702376960077,nan,nan
1702376960087,nan,nan
1702376960099,nan,nan
1702376960110,nan,nan
1702376960120,nan,nan
1702376960132,nan,nan
1702376960143,nan,nan
1702376960154,nan,nan
1702376960165,nan,nan
1702376960187,nan,nan
1702376960208,nan,nan
1702376960209,nan,nan
1702376960226,nan,nan
1702376960231,nan,nan
1702376960244,nan,nan
1702376960255,nan,nan
1702376960264,nan,nan
1702376960276,nan,nan
1702376960287,nan,nan
1702376960298,nan,nan
1702376960310,nan,nan
1702376960321,nan,nan
1702376960332,nan,nan
1702376960374,nan,nan
1702376960375,nan,nan
1702376960376,nan,nan
1702376960394,nan,nan
1702376960398,nan,nan
1702376960409,nan,nan
1702376960420,nan,nan
1702376960431,nan,nan
1702376960442,nan,nan
1702376960454,nan,nan
1702376960464,nan,nan
1702376960476,nan,nan
1702376960487,nan,nan
1702376960527,nan,nan
1702376960528,nan,nan
1702376960531,nan,nan
1702376960547,nan,nan
1702376960554,nan,nan
1702376960565,nan,nan
1702376960577,nan,nan
1702376960586,nan,nan
1702376960598,nan,nan
1702376960610,nan,nan
1702376960620,nan,nan
1702376960631,nan,nan
1702376960674,nan,nan
1702376960675,nan,nan
1702376960677,nan,nan
1702376960693,nan,nan
1702376960699,nan,nan
1702376960711,nan,nan
1702376960720,nan,nan
1702376960732,nan,nan
1702376960744,nan,nan
1702376960754,nan,nan
1702376960765,nan,nan
1702376960777,nan,nan
1702376960786,nan,nan
1702376960827,nan,nan
1702376960831,nan,nan
1702376960845,nan,nan
1702376960853,nan,nan
1702376960865,nan,nan
1702376960877,nan,nan
1702376960894,nan,nan
1702376960907,nan,nan
1702376960919,nan,nan
1702376960930,nan,nan
1702376960941,nan,nan
1702376960976,nan,nan
1702376960986,nan,nan
1702376960997,nan,nan
1702376961009,nan,nan
1702376961018,nan,nan
1702376961036,nan,nan
1702376961056,nan,nan
1702376961069,nan,nan
1702376961079,nan,nan
1702376961089,nan,nan
1702376961126,nan,nan
1702376961127,nan,nan
1702376961141,nan,nan
1702376961147,nan,nan
1702376961157,nan,nan
1702376961168,nan,nan
1702376961178,nan,nan
1702376961188,nan,nan
1702376961201,nan,nan
1702376961213,nan,nan
1702376961222,nan,nan
1702376961234,nan,nan
1702376961253,nan,nan
1702376961274,nan,nan
1702376961275,nan,nan
1702376961279,nan,nan
1702376961292,nan,nan
1702376961301,nan,nan
1702376961313,nan,nan
1702376961324,nan,nan
1702376961334,nan,nan
1702376961347,nan,nan
1702376961357,nan,nan
1702376961368,nan,nan
1702376961407,nan,nan
1702376961408,nan,nan
1702376961414,nan,nan
1702376961424,nan,nan
1702376961435,nan,nan
1702376961447,nan,nan
1702376961457,nan,nan
1702376961468,nan,nan
1702376961480,nan,nan
1702376961489,nan,nan
1702376961501,nan,nan
1702376961514,nan,nan
1702376961524,nan,nan
1702376961559,nan,nan
1702376961560,nan,nan
1702376961567,nan,nan
1702376961579,nan,nan
1702376961591,nan,nan
1702376961601,nan,nan
1702376961613,nan,nan
1702376961622,nan,nan
1702376961634,nan,nan
1702376961646,nan,nan
1702376961655,nan,nan
1702376961693,nan,nan
1702376961694,nan,nan
1702376961701,nan,nan
1702376961713,nan,nan
1702376961722,nan,nan
1702376961734,nan,nan
1702376961746,nan,nan
1702376961755,nan,nan
1702376961768,nan,nan
1702376961779,nan,nan
1702376961789,nan,nan
1702376961801,nan,nan
1702376961843,nan,nan
1702376961844,nan,nan
1702376961846,nan,nan
1702376961862,nan,nan
1702376961867,nan,nan
1702376961880,nan,nan
1702376961889,nan,nan
1702376961900,nan,nan
1702376961912,nan,nan
1702376961922,nan,nan
1702376961933,nan,nan
1702376961945,nan,nan
1702376961955,nan,nan
1702376961997,nan,nan
1702376962000,nan,nan
1702376962013,nan,nan
1702376962022,nan,nan
1702376962033,nan,nan
1702376962045,nan,nan
1702376962055,nan,nan
1702376962067,nan,nan
1702376962079,nan,nan
1702376962088,nan,nan
1702376962100,nan,nan
1702376962138,nan,nan
1702376962145,nan,nan
1702376962155,nan,nan
1702376962167,nan,nan
1702376962178,nan,nan
1702376962188,nan,nan
1702376962200,nan,nan
1702376962218,nan,nan
1702376962232,nan,nan
1702376962243,nan,nan
1702376962254,nan,nan
1702376962295,nan,nan
1702376962299,nan,nan
1702376962311,nan,nan
1702376962321,nan,nan
1702376962331,nan,nan
1702376962348,nan,nan
1702376962370,nan,nan
1702376962386,nan,nan
1702376962402,nan,nan
1702376962441,1022.4042129516602,774.6489572525024
1702376962442,1038.1147003173828,770.6032419204712
1702376962447,1025.1065826416016,782.4724674224854
1702376962459,1017.2798919677734,762.119607925415
1702376962470,1009.1780090332031,758.2943916320801
1702376962480,1013.8213348388672,753.750171661377
1702376962491,1227.9276275634766,830.0233125686646
1702376962502,1244.0764999389648,837.0110464096069
1702376962514,1254.6609115600586,840.1341676712036
1702376962525,1234.510612487793,808.8368225097656
1702376962536,1237.946662902832,811.804461479187
1702376962547,1235.4681015014648,813.5624885559082
1702376962558,1228.8051986694336,805.3716230392456
1702376962593,1222.6476287841797,801.6811180114746
1702376962594,1227.6461029052734,797.2022151947021
1702376962603,1235.9213256835938,803.585057258606
1702376962614,1234.9006271362305,808.4144496917725
1702376962625,1228.7570571899414,807.2600269317627
1702376962636,1230.1416397094727,802.1796226501465
1702376962647,1232.3289108276367,794.6292686462402
1702376962658,1235.6828308105469,791.182222366333
1702376962670,1233.064308166504,794.2464637756348
1702376962680,1237.234230041504,796.6060781478882
1702376962692,1237.144660949707,788.2167291641235
1702376962703,1237.9471969604492,784.6265172958374
1702376962742,1236.1434936523438,782.54967212677
1702376962747,1237.2432708740234,773.1140899658203
1702376962758,1241.3608169555664,765.8201122283936
1702376962771,1236.9358825683594,773.5625123977661
1702376962781,1231.9804382324219,773.2841205596924
1702376962792,1227.682876586914,774.8340940475464
1702376962803,1231.11572265625,771.8177032470703
1702376962814,1239.5816802978516,767.9077291488647
1702376962825,1241.1007690429688,753.8356161117554
1702376962836,1232.7449798583984,751.8930959701538
1702376962880,1249.4364166259766,764.8645162582397
1702376962881,1435.9716033935547,835.5172920227051
1702376962897,1820.9199523925781,1040.8640384674072
1702376962903,nan,nan
1702376962914,nan,nan
1702376962924,nan,nan
1702376962936,nan,nan
1702376962946,nan,nan
1702376962957,nan,nan
1702376962968,nan,nan
1702376962979,nan,nan
1702376962991,nan,nan
1702376963027,nan,nan
1702376963028,nan,nan
1702376963034,nan,nan
1702376963046,nan,nan
1702376963055,nan,nan
1702376963066,nan,nan
1702376963077,nan,nan
1702376963088,nan,nan
1702376963099,nan,nan
1702376963111,nan,nan
1702376963122,nan,nan
1702376963133,nan,nan
1702376963174,nan,nan
1702376963175,nan,nan
1702376963177,nan,nan
1702376963195,nan,nan
1702376963200,nan,nan
1702376963211,nan,nan
1702376963222,nan,nan
1702376963233,nan,nan
1702376963244,nan,nan
1702376963255,nan,nan
1702376963267,nan,nan
1702376963278,nan,nan
1702376963289,nan,nan
1702376963329,nan,nan
1702376963330,nan,nan
1702376963334,nan,nan
1702376963349,nan,nan
1702376963356,nan,nan
1702376963367,nan,nan
1702376963378,nan,nan
1702376963391,214.77178573608398,690.9425783157349
1702376963401,299.85445976257324,456.81479573249817
1702376963413,370.13599395751953,374.6530044078827
1702376963424,402.4417304992676,227.23223090171814
1702376963436,391.63198471069336,228.08403611183167
1702376963477,395.53064346313477,250.5743372440338
1702376963478,401.1613464355469,268.88246297836304
1702376963480,403.9718246459961,275.5376672744751
1702376963497,400.2518081665039,275.79442977905273
1702376963502,405.83478927612305,281.654337644577
1702376963515,408.2777976989746,284.62289929389954
1702376963524,416.5291213989258,294.79435086250305
1702376963536,418.9150047302246,296.87649607658386
1702376963547,413.75415802001953,300.96920371055603
1702376963558,423.11012268066406,317.1325170993805
1702376963569,416.4475631713867,314.9366569519043
1702376963580,419.9577522277832,322.06945538520813
1702376963591,418.5249137878418,333.45818996429443
1702376963629,409.3775939941406,331.50731205940247
1702376963630,365.58568954467773,331.05796694755554
1702376963636,316.1114692687988,335.15777707099915
1702376963648,319.6663761138916,342.24262833595276
1702376963658,310.5028438568115,348.55103373527527
1702376963669,315.96463203430176,354.26082372665405
1702376963681,320.68431854248047,353.79262804985046
1702376963691,325.9812355041504,360.56456208229065
1702376963703,329.96399879455566,362.45757937431335
1702376963714,327.4969482421875,371.4856696128845
1702376963725,337.54560470581055,379.58348393440247
1702376963736,323.3784580230713,373.51428866386414
1702376963779,325.9744453430176,374.30880188941956
1702376963780,335.49474716186523,387.85998702049255
1702376963798,344.74010467529297,399.77258920669556
1702376963802,339.1839790344238,390.607545375824
1702376963814,342.6387023925781,386.5479040145874
1702376963824,342.61457443237305,388.63444805145264
1702376963836,386.43842697143555,405.27103185653687
1702376963847,522.9670333862305,452.0934748649597
1702376963858,951.986083984375,584.9590373039246
1702376963869,1107.0909881591797,642.0992946624756
1702376963880,1206.5571594238281,675.8568263053894
1702376963891,1294.032974243164,722.9295086860657
1702376963926,1299.062728881836,727.0900654792786
1702376963927,1303.0895233154297,730.9478116035461
1702376963936,1299.268569946289,742.0776700973511
1702376963947,1296.2358856201172,743.7924385070801
1702376963960,1296.0183715820312,739.3229341506958
1702376963969,1296.8843841552734,742.523045539856
1702376963980,1300.1934051513672,745.3311681747437
1702376963991,1295.0128936767578,754.952917098999
1702376964002,1295.9473419189453,756.2391328811646
1702376964013,1293.2542419433594,758.3028030395508
1702376964024,1292.8021240234375,769.7246360778809
1702376964036,1292.6850891113281,768.7338066101074
1702376964076,1287.9752349853516,773.0964517593384
1702376964077,1288.9067459106445,774.0580987930298
1702376964080,1287.9936599731445,772.6565265655518
1702376964094,1284.1731643676758,777.027153968811
1702376964103,1287.5869750976562,783.8793611526489
1702376964114,1286.0103607177734,785.1832151412964
1702376964125,1285.3213119506836,792.0443487167358
1702376964136,1285.386085510254,791.3047027587891
1702376964147,1285.470199584961,794.2613554000854
1702376964157,1298.302345275879,797.6366901397705
1702376964167,1300.2328872680664,792.9432535171509
1702376964178,1307.2969818115234,791.65931224823
1702376964189,nan,nan
1702376964207,nan,nan
1702376964229,nan,nan
1702376964230,nan,nan
1702376964233,nan,nan
1702376964246,nan,nan
1702376964255,nan,nan
1702376964267,nan,nan
1702376964276,nan,nan
1702376964288,nan,nan
1702376964299,nan,nan
1702376964310,nan,nan
1702376964321,nan,nan
1702376964332,nan,nan
1702376964343,nan,nan
1702376964378,nan,nan
1702376964379,nan,nan
1702376964382,nan,nan
1702376964403,nan,nan
1702376964414,nan,nan
1702376964424,nan,nan
1702376964436,nan,nan
1702376964448,nan,nan
1702376964458,nan,nan
1702376964471,nan,nan
1702376964482,nan,nan
1702376964491,nan,nan
1702376964526,nan,nan
1702376964542,nan,nan
1702376964548,nan,nan
1702376964559,nan,nan
1702376964570,nan,nan
1702376964581,nan,nan
1702376964591,nan,nan
1702376964603,nan,nan
1702376964615,nan,nan
1702376964624,nan,nan
1702376964664,nan,nan
1702376964665,nan,nan
1702376964670,nan,nan
1702376964681,nan,nan
1702376964690,nan,nan
1702376964704,nan,nan
1702376964715,nan,nan
1702376964724,nan,nan
1702376964737,nan,nan
1702376964748,nan,nan
1702376964758,nan,nan
1702376964771,nan,nan
1702376964810,nan,nan
1702376964811,nan,nan
1702376964815,nan,nan
1702376964829,nan,nan
1702376964836,nan,nan
1702376964847,nan,nan
1702376964857,nan,nan
1702376964869,nan,nan
1702376964881,nan,nan
1702376964892,nan,nan
1702376964902,nan,nan
1702376964914,nan,nan
1702376964925,nan,nan
1702376964963,nan,nan
1702376964964,nan,nan
1702376964970,nan,nan
1702376964982,nan,nan
1702376964992,nan,nan
1702376965003,nan,nan
1702376965015,nan,nan
1702376965025,nan,nan
1702376965036,nan,nan
1702376965047,nan,nan
1702376965059,nan,nan
1702376965070,nan,nan
1702376965111,nan,nan
1702376965112,nan,nan
1702376965114,nan,nan
1702376965130,nan,nan
1702376965135,nan,nan
1702376965147,nan,nan
1702376965158,nan,nan
1702376965168,nan,nan
1702376965180,nan,nan
1702376965192,nan,nan
1702376965202,nan,nan
1702376965214,nan,nan
1702376965225,nan,nan
1702376965261,nan,nan
1702376965262,nan,nan
1702376965277,nan,nan
1702376965281,nan,nan
1702376965291,nan,nan
1702376965302,nan,nan
1702376965314,nan,nan
1702376965324,nan,nan
1702376965335,nan,nan
1702376965348,nan,nan
1702376965358,nan,nan
1702376965369,nan,nan
1702376965409,nan,nan
1702376965415,nan,nan
1702376965426,nan,nan
1702376965436,nan,nan
1702376965448,nan,nan
1702376965457,nan,nan
1702376965469,nan,nan
1702376965481,nan,nan
1702376965490,nan,nan
1702376965502,nan,nan
1702376965515,nan,nan
1702376965524,nan,nan
1702376965542,nan,nan
1702376965562,nan,nan
1702376965563,nan,nan
1702376965570,nan,nan
1702376965582,nan,nan
1702376965591,nan,nan
1702376965603,nan,nan
1702376965615,nan,nan
1702376965624,nan,nan
1702376965636,nan,nan
1702376965648,nan,nan
1702376965657,nan,nan
1702376965669,nan,nan
1702376965711,nan,nan
