timestamp,x,y
1702290592961,1306.3842010498047,718.2088851928711
1702290592973,1303.7759399414062,725.4876708984375
1702290592984,1302.807731628418,727.7911520004272
1702290593024,1308.321762084961,723.9125490188599
1702290593025,1310.6610107421875,723.9050602912903
1702290593028,1330.2217864990234,728.0513262748718
1702290593041,1421.230697631836,769.9151372909546
1702290593051,1461.558609008789,786.8442964553833
1702290593061,1488.2742309570312,798.3309316635132
1702290593073,1482.2345733642578,795.6343030929565
1702290593084,1480.8189392089844,793.2736587524414
1702290593095,1484.1011047363281,792.147045135498
1702290593106,1491.8120574951172,794.553394317627
1702290593117,1488.392105102539,800.1987361907959
1702290593159,1491.2017059326172,803.3260631561279
1702290593160,1485.6000518798828,807.8601551055908
1702290593175,1490.2682495117188,807.8771066665649
1702290593183,1487.5537109375,808.2457494735718
1702290593194,1482.904281616211,799.1045665740967
1702290593205,1428.2694244384766,816.0189628601074
1702290593216,1410.037841796875,818.0892848968506
1702290593227,1387.9371643066406,832.444896697998
1702290593238,1394.9917602539062,828.2111263275146
1702290593250,1400.0775909423828,832.8978252410889
1702290593261,1400.6017303466797,835.4988384246826
1702290593272,1400.0988006591797,835.3882884979248
1702290593308,1398.3406066894531,830.6638240814209
1702290593323,1399.1102600097656,822.222375869751
1702290593327,1395.9707641601562,821.2491416931152
1702290593338,1354.146957397461,806.2418174743652
1702290593350,1282.1918487548828,747.6928853988647
1702290593361,1152.644386291504,632.3338866233826
1702290593372,853.7549209594727,364.7183060646057
1702290593383,749.962158203125,282.58490324020386
1702290593394,639.9451065063477,223.58875036239624
1702290593405,446.1613082885742,159.27267730236053
1702290593444,406.922550201416,155.2815556526184
1702290593445,402.9852485656738,155.66662967205048
1702290593450,392.6641654968262,139.05272662639618
1702290593461,393.018856048584,138.5023319721222
1702290593474,401.2978172302246,145.1271790266037
1702290593483,400.3533744812012,143.2095229625702
1702290593494,401.82910919189453,134.4591110944748
1702290593505,392.9814338684082,126.02819859981537
1702290593517,396.10023498535156,123.69086265563965
1702290593528,400.78195571899414,125.23194193840027
1702290593539,414.90665435791016,132.189838886261
1702290593550,420.39894104003906,135.36250591278076
1702290593571,405.6756019592285,137.71989405155182
1702290593592,346.1580276489258,134.58703637123108
1702290593594,270.4254341125488,119.20611798763275
1702290593609,252.86320686340332,109.73130583763123
1702290593616,251.17511749267578,104.81639921665192
1702290593628,250.68252563476562,98.76139551401138
1702290593639,245.4918098449707,102.78464734554291
1702290593650,247.37407684326172,103.9661630988121
1702290593660,247.76812553405762,111.40356123447418
1702290593672,385.2105903625488,90.94227612018585
1702290593683,510.2265739440918,93.62062007188797
1702290593694,590.7537841796875,93.709956407547
1702290593725,694.5363998413086,87.95998692512512
1702290593727,712.725715637207,99.50534105300903
1702290593741,717.6450347900391,92.92352735996246
1702290593749,718.7199401855469,91.08727097511292
1702290593761,717.2900772094727,85.01726299524307
1702290593771,712.1110153198242,79.88600134849548
1702290593783,706.8635940551758,76.43250972032547
1702290593794,708.2472229003906,79.64179694652557
1702290593805,714.351692199707,74.93551790714264
1702290593816,719.9263000488281,81.42070233821869
1702290593833,718.147087097168,80.99512159824371
1702290593858,716.4062881469727,94.71733510494232
1702290593859,736.3747406005859,94.85820472240448
1702290593861,832.6494216918945,97.01571464538574
1702290593873,1089.3021774291992,89.28441613912582
1702290593883,1209.0312194824219,91.2665605545044
1702290593894,1280.505599975586,80.22135257720947
1702290593905,1322.8961944580078,80.98525643348694
1702290593916,1318.6491394042969,83.46446514129639
1702290593927,1324.9691009521484,86.33495181798935
1702290593939,1322.0445251464844,79.51515108346939
1702290593950,1323.1792449951172,78.51525843143463
1702290593961,1318.7967681884766,78.39870572090149
1702290593992,1320.1476287841797,83.65441650152206
1702290593993,1318.3235931396484,79.15620177984238
1702290594010,1316.727294921875,80.29086202383041
1702290594016,1316.934814453125,83.62900257110596
1702290594027,1319.4744110107422,81.28963351249695
1702290594038,1318.8572692871094,84.10387426614761
1702290594049,1319.853515625,89.86459136009216
1702290594060,1320.6359100341797,97.21840113401413
1702290594071,1407.4987030029297,100.9062185883522
1702290594082,1479.1194152832031,102.98570305109024
1702290594099,1547.9380798339844,90.02684354782104
1702290594125,1586.0010528564453,87.68007159233093
1702290594126,1576.4823913574219,92.67474442720413
1702290594127,1580.7460021972656,89.9710214138031
1702290594140,1586.3258361816406,79.93982791900635
1702290594149,1591.4751434326172,73.258096575737
1702290594162,1584.4062805175781,80.17322570085526
1702290594171,1580.0438690185547,87.40744918584824
1702290594183,1574.847640991211,87.75623023509979
1702290594194,1578.038330078125,81.17003113031387
1702290594205,1489.2340087890625,98.88734936714172
1702290594215,1428.214340209961,101.73384368419647
1702290594227,1199.1893768310547,131.55160188674927
1702290594238,859.8336410522461,185.99083185195923
1702290594275,808.0782318115234,197.74820923805237
1702290594291,489.8872947692871,211.77075505256653
1702290594294,486.494197845459,199.18513298034668
1702290594307,476.8979072570801,200.9874165058136
1702290594316,474.69568252563477,197.48865723609924
1702290594327,489.14344787597656,217.97673225402832
1702290594338,494.0216827392578,221.6699731349945
1702290594349,491.0163688659668,220.66734194755554
1702290594361,477.69805908203125,214.88638758659363
1702290594372,473.9897155761719,216.38211607933044
1702290594408,474.4828987121582,214.453307390213
1702290594416,673.2327651977539,341.90062522888184
1702290594427,844.5380020141602,470.0722146034241
1702290594440,1161.5646362304688,711.503255367279
1702290594449,1222.2627258300781,757.3960447311401
1702290594460,1244.9281692504883,770.1442193984985
1702290594471,1248.6170959472656,759.3798923492432
1702290594482,1257.9072189331055,768.0039024353027
1702290594493,1255.4455947875977,768.437819480896
1702290594504,1260.981674194336,778.7322235107422
1702290594516,1261.6572952270508,774.8223352432251
1702290594527,1266.0214614868164,775.9694623947144
1702290594560,1267.2938919067383,784.5304727554321
1702290594561,1263.4648895263672,786.0750389099121
1702290594576,1260.1126861572266,778.2529020309448
1702290594583,1263.303108215332,778.5442972183228
1702290594593,1262.7033996582031,780.2736568450928
1702290594604,1261.9121551513672,777.5370740890503
1702290594616,1258.094596862793,776.0779094696045
1702290594627,1287.7455139160156,790.0049686431885
1702290594638,1358.922119140625,825.6172800064087
1702290594649,1390.4451751708984,839.2173671722412
1702290594660,1392.4654388427734,836.1325263977051
1702290594671,1393.4305572509766,838.2658910751343
1702290594689,1392.3185729980469,840.963978767395
1702290594711,1392.7855682373047,842.0196104049683
1702290594716,1396.5706634521484,828.1021213531494
1702290594727,1399.2433166503906,834.13245677948
1702290594740,1395.5697631835938,839.9007940292358
1702290594749,1395.5509185791016,846.3540601730347
1702290594760,1395.0352478027344,841.1630630493164
1702290594771,1395.6883239746094,840.0021171569824
1702290594783,1394.2333221435547,841.5209770202637
1702290594794,1393.7020111083984,845.5926561355591
1702290594805,1397.4019622802734,845.012698173523
1702290594841,1401.5890502929688,838.9541673660278
1702290594848,1402.6573944091797,822.9577302932739
1702290594859,1394.5391845703125,826.8701076507568
1702290594871,1386.5463256835938,831.1161088943481
1702290594882,1388.028564453125,832.2752523422241
1702290594893,1391.2460327148438,830.6101369857788
1702290594904,1396.5194702148438,830.8459997177124
1702290594916,1398.8512420654297,800.4200506210327
1702290594926,1393.4950256347656,688.2427525520325
1702290594937,1363.8572692871094,403.27430963516235
1702290594949,1352.2124481201172,319.94871854782104
1702290594960,1336.4313507080078,271.49105072021484
1702290594993,1330.4075622558594,262.32542753219604
1702290594994,1328.1047821044922,259.87353444099426
1702290595009,1332.5959777832031,245.63050031661987
1702290595015,1330.3997802734375,244.1531503200531
1702290595026,1330.2320861816406,236.597421169281
1702290595038,1322.5740814208984,246.9753062725067
1702290595049,1322.6692199707031,245.87483882904053
1702290595060,1322.9193115234375,240.40905475616455
1702290595071,1318.4136199951172,237.2657310962677
1702290595082,1318.3988952636719,230.817528963089
1702290595093,1324.3368530273438,229.19522166252136
1702290595126,1325.2876281738281,230.41881322860718
1702290595142,1268.3961486816406,220.97180485725403
1702290595149,1222.8450012207031,214.15709495544434
1702290595160,1060.6147766113281,212.24250197410583
1702290595171,733.9014434814453,229.99285697937012
1702290595182,678.2796859741211,236.68100953102112
1702290595192,628.2847023010254,243.78880977630615
1702290595203,605.7768440246582,249.47707772254944
1702290595215,606.935920715332,243.73740792274475
1702290595226,599.1863441467285,239.74327683448792
1702290595237,599.3305587768555,236.74138069152832
1702290595277,599.8390960693359,237.2628128528595
1702290595281,605.7043838500977,211.95619225502014
1702290595293,604.665470123291,217.22434043884277
1702290595306,610.9896278381348,236.2328338623047
1702290595315,609.0395164489746,235.71486711502075
1702290595326,606.6018676757812,232.21885442733765
1702290595337,613.7300682067871,234.51708912849426
1702290595348,612.4432373046875,231.7247486114502
1702290595359,615.8149147033691,241.86617016792297
1702290595370,621.849365234375,239.90148425102234
1702290595382,623.3065795898438,243.4137511253357
1702290595393,612.1245765686035,228.2946217060089
1702290595428,612.1132469177246,223.89746189117432
1702290595445,758.2646179199219,350.3347134590149
1702290595449,888.1340408325195,474.46659564971924
1702290595461,1004.5516204833984,583.1456923484802
1702290595471,1200.7817459106445,785.4220390319824
1702290595482,1238.6296844482422,827.918872833252
1702290595493,1243.6608123779297,831.7428016662598
1702290595504,1256.1307525634766,840.2657890319824
1702290595515,1258.1309509277344,841.5805864334106
1702290595526,1257.1048736572266,836.5495347976685
1702290595559,1258.8079833984375,838.9008665084839
1702290595560,1264.1748046875,840.7905578613281
1702290595575,1265.7247161865234,831.138424873352
1702290595582,1270.3325271606445,831.6677856445312
1702290595593,1272.3427200317383,830.1282405853271
1702290595604,1271.581153869629,838.3233118057251
1702290595615,1269.3929290771484,832.5783634185791
1702290595626,1265.4320526123047,829.963059425354
1702290595637,1271.011848449707,827.3376274108887
1702290595648,1269.4664001464844,836.2279272079468
1702290595659,1273.8585662841797,829.7605419158936
1702290595671,1375.1223754882812,818.7711238861084
1702290595709,1441.672592163086,807.0995235443115
1702290595710,1562.9953002929688,800.8598899841309
1702290595715,1562.0855712890625,800.0185775756836
1702290595726,1567.3153686523438,800.7983493804932
1702290595738,1574.6610260009766,792.1496629714966
1702290595749,1574.76318359375,793.0556058883667
1702290595759,1576.3395690917969,793.0908823013306
1702290595771,1562.8770446777344,804.4164562225342
1702290595781,1557.6168060302734,798.9431619644165
1702290595791,1554.3700408935547,801.1524868011475
1702290595803,1559.123306274414,794.5922756195068
1702290595844,1562.8931427001953,799.2603921890259
1702290595846,1563.1060791015625,797.1335506439209
1702290595847,1566.3057708740234,795.0076961517334
1702290595860,1567.7711486816406,796.7956352233887
1702290595870,1570.601577758789,796.3533926010132
1702290595881,1577.8418731689453,815.3684091567993
1702290595891,1582.215347290039,821.7491483688354
1702290595902,1701.5548706054688,953.7239170074463
1702290595913,nan,nan
1702290595924,nan,nan
1702290595935,nan,nan
1702290595947,nan,nan
1702290595957,nan,nan
1702290595996,nan,nan
1702290595997,nan,nan
1702290596016,nan,nan
1702290596027,nan,nan
1702290596038,nan,nan
1702290596049,nan,nan
1702290596061,nan,nan
1702290596071,nan,nan
1702290596082,nan,nan
1702290596094,nan,nan
1702290596128,nan,nan
1702290596129,nan,nan
1702290596145,nan,nan
1702290596149,nan,nan
1702290596160,nan,nan
1702290596170,nan,nan
1702290596181,nan,nan
1702290596192,nan,nan
1702290596203,nan,nan
1702290596214,nan,nan
1702290596226,nan,nan
1702290596236,nan,nan
1702290596258,nan,nan
1702290596277,nan,nan
1702290596278,nan,nan
1702290596281,nan,nan
1702290596293,nan,nan
1702290596303,nan,nan
1702290596315,nan,nan
1702290596326,nan,nan
1702290596336,nan,nan
1702290596348,nan,nan
1702290596360,nan,nan
1702290596370,nan,nan
1702290596411,nan,nan
1702290596412,nan,nan
1702290596415,nan,nan
1702290596427,nan,nan
1702290596437,nan,nan
1702290596449,nan,nan
1702290596460,nan,nan
1702290596470,nan,nan
1702290596482,nan,nan
1702290596494,nan,nan
1702290596503,nan,nan
1702290596515,nan,nan
1702290596527,nan,nan
1702290596560,nan,nan
1702290596561,nan,nan
1702290596577,nan,nan
1702290596582,nan,nan
1702290596595,nan,nan
1702290596603,nan,nan
1702290596614,nan,nan
1702290596626,nan,nan
1702290596637,nan,nan
1702290596648,nan,nan
1702290596660,nan,nan
1702290596694,nan,nan
1702290596695,nan,nan
1702290596711,nan,nan
1702290596715,nan,nan
1702290596727,nan,nan
1702290596738,nan,nan
1702290596755,nan,nan
1702290596770,nan,nan
1702290596781,nan,nan
1702290596792,1343.6181640625,982.4716186523438
1702290596803,1343.6181640625,982.4716186523438
1702290596845,1343.6181640625,982.4716186523438
1702290596848,1317.3808288574219,982.3271656036377
1702290596860,nan,nan
1702290596870,1289.4856262207031,861.150369644165
1702290596882,1294.8802185058594,853.0718994140625
1702290596893,1290.8464050292969,851.6138076782227
1702290596905,1293.0970764160156,835.8415603637695
1702290596917,1277.2703552246094,901.4424705505371
1702290596928,1329.0377807617188,855.3841781616211
1702290596939,1411.0066986083984,800.8453845977783
1702290596951,1441.0062408447266,788.7972021102905
1702290596987,1460.361557006836,776.1281633377075
1702290596988,1438.778305053711,783.0599784851074
1702290596995,1433.5699462890625,783.634614944458
1702290597006,1439.8418426513672,786.1230611801147
1702290597018,1436.827163696289,788.7626123428345
1702290597028,1437.861557006836,785.9138059616089
1702290597039,1437.0153045654297,782.7823162078857
1702290597051,1438.1961059570312,783.7497138977051
1702290597062,1439.74365234375,788.0837774276733
1702290597073,1435.9004974365234,791.3777017593384
1702290597084,1436.9544982910156,789.2698287963867
1702290597095,1437.9957580566406,794.0588808059692
1702290597130,1442.7881622314453,795.8257913589478
1702290597131,1440.4154968261719,797.5860071182251
1702290597146,1436.9819641113281,796.1506605148315
1702290597150,1437.3978424072266,793.3688449859619
1702290597161,1433.4522247314453,797.2137594223022
1702290597172,1428.0197143554688,791.6997814178467
1702290597183,1432.4868774414062,795.727686882019
1702290597194,1433.778076171875,796.3957929611206
1702290597205,1436.0005950927734,795.4358625411987
1702290597217,1428.4710693359375,791.6672515869141
1702290597228,1426.9214630126953,787.2075748443604
1702290597239,1427.9708862304688,785.4855537414551
1702290597277,1428.8275146484375,791.4471817016602
1702290597278,1427.2879028320312,794.804835319519
1702290597283,1357.108154296875,793.068265914917
1702290597294,1330.4527282714844,788.8122224807739
1702290597307,1333.1712341308594,784.6933794021606
1702290597317,1336.2889862060547,786.4373731613159
1702290597328,1339.709243774414,788.6026668548584
1702290597339,1336.4022827148438,787.1362066268921
1702290597350,1332.9438018798828,788.9301538467407
1702290597361,1330.1470184326172,792.2524452209473
1702290597373,1328.5845947265625,798.8789176940918
1702290597412,1331.3253021240234,799.5456504821777
1702290597417,1336.8549346923828,798.9191722869873
1702290597428,1337.6707458496094,800.1385259628296
1702290597439,1337.0597076416016,795.7007789611816
1702290597450,1343.4209442138672,789.1356754302979
1702290597461,1420.9370422363281,723.0020570755005
1702290597472,1631.556625366211,557.6073503494263
1702290597484,1736.4703369140625,482.3358750343323
1702290597494,1808.7159729003906,433.9780926704407
1702290597506,1850.5577850341797,418.4538745880127
1702290597517,1843.6299133300781,422.96069383621216
1702290597528,1844.1342163085938,429.43925857543945
1702290597562,1838.3848571777344,421.5921878814697
1702290597579,1836.1431884765625,433.76057624816895
1702290597583,1830.2620697021484,441.0021114349365
1702290597594,1838.282470703125,432.51429319381714
1702290597606,1840.2738189697266,434.00182485580444
1702290597617,1844.6531677246094,429.78354692459106
1702290597628,1843.498764038086,422.5145888328552
1702290597639,1840.7988739013672,422.1048331260681
1702290597651,1840.0872802734375,422.84040212631226
1702290597661,1842.9735565185547,420.953049659729
1702290597697,1844.7123718261719,424.38159942626953
1702290597712,1837.4887084960938,428.7886619567871
1702290597717,1828.9851379394531,434.6842646598816
1702290597730,1826.0835266113281,438.94747495651245
1702290597739,1825.3667449951172,450.2414631843567
1702290597750,1832.1001434326172,446.09521865844727
1702290597761,1831.1507415771484,448.33863973617554
1702290597772,1827.9859924316406,447.0687961578369
1702290597784,1825.7470703125,448.53875398635864
1702290597794,1824.1581726074219,436.4663028717041
1702290597828,1822.8865814208984,434.55830812454224
1702290597844,1810.5722045898438,435.0406765937805
1702290597850,1815.9705352783203,434.4977116584778
1702290597860,1831.8468475341797,462.3198366165161
1702290597872,1833.2086944580078,455.70475816726685
1702290597883,1861.6596984863281,464.82933282852173
1702290597893,1884.9159240722656,474.1383361816406
1702290597905,1984.5661926269531,528.77774477005
1702290597916,2008.3415222167969,537.2592115402222
1702290597927,2014.4044494628906,537.0805764198303
1702290597938,2017.6895904541016,536.8755269050598
1702290597958,2008.161392211914,520.8190512657166
1702290597978,2006.2327575683594,518.7652516365051
1702290597983,2001.3912963867188,522.1450710296631
1702290597995,1999.968032836914,521.2052893638611
1702290598005,1987.7455139160156,513.9967560768127
1702290598016,1992.868881225586,519.2480278015137
1702290598027,1995.3976440429688,524.3795442581177
1702290598038,2003.0276489257812,522.5519299507141
1702290598049,2009.3327331542969,532.2842288017273
1702290598060,2011.6421508789062,527.8532409667969
1702290598071,2027.545166015625,489.9042749404907
1702290598082,2034.4239807128906,497.9849338531494
1702290598113,2031.7913818359375,507.0073699951172
1702290598114,2081.2442016601562,535.8111619949341
1702290598115,nan,nan
1702290598128,nan,nan
1702290598137,nan,nan
1702290598147,nan,nan
1702290598158,nan,nan
1702290598169,nan,nan
1702290598180,nan,nan
1702290598191,nan,nan
1702290598201,nan,nan
1702290598213,nan,nan
1702290598224,nan,nan
1702290598263,nan,nan
1702290598264,nan,nan
1702290598283,nan,nan
1702290598295,nan,nan
1702290598304,nan,nan
1702290598316,nan,nan
1702290598328,nan,nan
1702290598338,nan,nan
1702290598350,nan,nan
1702290598361,nan,nan
1702290598371,nan,nan
1702290598410,nan,nan
1702290598411,nan,nan
1702290598416,nan,nan
1702290598428,nan,nan
1702290598441,nan,nan
1702290598450,nan,nan
1702290598461,nan,nan
1702290598479,nan,nan
1702290598494,nan,nan
1702290598505,nan,nan
1702290598522,nan,nan
1702290598549,nan,nan
1702290598550,nan,nan
1702290598563,nan,nan
1702290598570,nan,nan
1702290598587,nan,nan
1702290598607,nan,nan
1702290598618,nan,nan
1702290598629,nan,nan
1702290598640,nan,nan
1702290598652,nan,nan
1702290598662,nan,nan
1702290598698,nan,nan
1702290598699,nan,nan
1702290598706,nan,nan
1702290598718,nan,nan
1702290598731,nan,nan
1702290598739,nan,nan
1702290598751,nan,nan
1702290598763,nan,nan
1702290598772,nan,nan
1702290598784,nan,nan
1702290598796,nan,nan
1702290598830,nan,nan
1702290598831,nan,nan
1702290598846,nan,nan
1702290598852,nan,nan
1702290598864,nan,nan
1702290598873,nan,nan
1702290598884,nan,nan
1702290598896,nan,nan
1702290598915,nan,nan
1702290598929,nan,nan
1702290598940,nan,nan
1702290598961,nan,nan
1702290598981,nan,nan
1702290598985,nan,nan
1702290598997,nan,nan
1702290599007,nan,nan
1702290599024,nan,nan
1702290599043,nan,nan
1702290599054,nan,nan
1702290599065,nan,nan
1702290599076,nan,nan
1702290599112,nan,nan
1702290599113,nan,nan
1702290599128,nan,nan
1702290599132,nan,nan
1702290599144,nan,nan
1702290599155,nan,nan
1702290599165,nan,nan
1702290599176,nan,nan
1702290599188,nan,nan
1702290599208,nan,nan
1702290599221,nan,nan
1702290599241,nan,nan
1702290599263,nan,nan
1702290599266,nan,nan
1702290599279,nan,nan
1702290599289,nan,nan
1702290599298,nan,nan
1702290599316,nan,nan
1702290599336,nan,nan
1702290599352,nan,nan
1702290599396,nan,nan
1702290599397,nan,nan
1702290599401,nan,nan
1702290599413,1721.1824035644531,754.345064163208
1702290599424,1660.118408203125,726.3706970214844
1702290599435,1631.9868469238281,716.1380910873413
1702290599446,1525.3416442871094,674.351077079773
1702290599458,1533.8056945800781,678.9891529083252
1702290599469,1575.8091735839844,645.7177877426147
1702290599480,1734.9237060546875,542.425103187561
1702290599491,1786.4756774902344,499.83853340148926
1702290599502,1815.6210327148438,486.2263011932373
1702290599514,1816.2907409667969,481.6009712219238
1702290599545,1820.548324584961,531.1183905601501
1702290599548,1842.7680206298828,513.9191651344299
1702290599562,1848.2491302490234,519.6022725105286
1702290599570,1841.031494140625,518.2586574554443
1702290599581,1837.0712280273438,532.0921611785889
1702290599593,1791.5757751464844,559.1275405883789
1702290599603,1743.094711303711,594.7654938697815
1702290599615,1469.1268157958984,733.8219809532166
1702290599626,1391.8482208251953,769.625415802002
1702290599636,1382.2956085205078,774.5484495162964
1702290599681,1388.2775115966797,771.6814470291138
1702290599682,1385.6465148925781,766.7171716690063
1702290599697,1366.2418365478516,764.1638803482056
1702290599703,1369.3765258789062,761.6119194030762
1702290599715,1357.6031494140625,765.1343679428101
1702290599726,1379.3372344970703,785.4875707626343
1702290599737,1380.1607513427734,789.3874597549438
1702290599748,1385.207748413086,789.5555591583252
1702290599760,1372.1575164794922,764.428539276123
1702290599770,1370.7882690429688,767.542519569397
1702290599781,1368.2479095458984,772.6368713378906
1702290599812,1381.9840240478516,793.1104516983032
1702290599813,1381.2664031982422,789.6293306350708
1702290599815,1385.3221130371094,785.148754119873
1702290599827,1383.5279846191406,780.7477426528931
1702290599837,1383.4453582763672,782.2948408126831
1702290599848,1389.9937438964844,788.7179374694824
1702290599859,1392.384262084961,799.3497848510742
1702290599870,1394.31640625,797.9050827026367
1702290599882,1392.4309539794922,799.7595405578613
1702290599893,1391.6658782958984,795.2918386459351
1702290599904,1390.6498718261719,798.7214183807373
1702290599915,1382.6123809814453,792.7949810028076
1702290599926,1378.9127349853516,788.246340751648
1702290599943,1378.3502197265625,792.9915761947632
1702290599962,1377.4464416503906,875.6475162506104
1702290599968,1378.3009338378906,915.4008150100708
1702290599979,nan,nan
1702290599993,nan,nan
1702290600002,nan,nan
1702290600013,nan,nan
1702290600024,nan,nan
1702290600035,nan,nan
1702290600046,nan,nan
1702290600057,nan,nan
1702290600097,nan,nan
1702290600098,nan,nan
1702290600101,nan,nan
1702290600112,nan,nan
1702290600123,nan,nan
1702290600134,nan,nan
1702290600144,nan,nan
1702290600162,nan,nan
1702290600181,nan,nan
1702290600193,nan,nan
1702290600204,nan,nan
1702290600214,nan,nan
1702290600248,nan,nan
1702290600249,nan,nan
1702290600264,nan,nan
1702290600270,nan,nan
1702290600281,nan,nan
1702290600292,nan,nan
1702290600304,nan,nan
1702290600313,nan,nan
1702290600325,nan,nan
1702290600336,nan,nan
1702290600346,nan,nan
1702290600380,nan,nan
1702290600381,nan,nan
1702290600395,nan,nan
1702290600403,nan,nan
1702290600414,nan,nan
1702290600425,nan,nan
1702290600437,nan,nan
1702290600447,nan,nan
1702290600458,nan,nan
1702290600470,nan,nan
1702290600480,nan,nan
1702290600515,nan,nan
1702290600516,nan,nan
1702290600531,nan,nan
1702290600537,nan,nan
1702290600549,nan,nan
1702290600559,nan,nan
1702290600571,nan,nan
1702290600581,nan,nan
1702290600592,nan,nan
1702290600604,nan,nan
1702290600614,nan,nan
1702290600625,nan,nan
1702290600666,nan,nan
1702290600667,nan,nan
1702290600670,nan,nan
1702290600681,nan,nan
1702290600691,nan,nan
1702290600703,nan,nan
1702290600713,nan,nan
1702290600725,nan,nan
1702290600736,nan,nan
1702290600747,nan,nan
1702290600758,nan,nan
1702290600769,nan,nan
1702290600780,nan,nan
1702290600816,nan,nan
1702290600817,nan,nan
1702290600831,nan,nan
1702290600836,nan,nan
1702290600847,nan,nan
1702290600858,nan,nan
1702290600870,nan,nan
1702290600880,nan,nan
1702290600891,nan,nan
1702290600903,nan,nan
1702290600913,nan,nan
1702290600949,nan,nan
1702290600950,nan,nan
1702290600964,nan,nan
1702290600971,nan,nan
1702290600980,nan,nan
1702290600992,nan,nan
1702290601003,nan,nan
1702290601013,nan,nan
1702290601026,nan,nan
1702290601037,nan,nan
1702290601047,nan,nan
1702290601058,nan,nan
1702290601098,nan,nan
1702290601099,nan,nan
1702290601103,nan,nan
1702290601119,nan,nan
1702290601125,nan,nan
1702290601137,nan,nan
1702290601146,nan,nan
1702290601158,nan,nan
1702290601169,nan,nan
1702290601180,nan,nan
1702290601191,nan,nan
1702290601203,nan,nan
1702290601213,nan,nan
1702290601248,nan,nan
1702290601264,nan,nan
1702290601270,nan,nan
1702290601282,nan,nan
1702290601291,nan,nan
1702290601303,nan,nan
1702290601313,nan,nan
1702290601325,nan,nan
1702290601336,nan,nan
1702290601347,nan,nan
1702290601382,nan,nan
1702290601383,nan,nan
1702290601397,nan,nan
1702290601404,nan,nan
1702290601414,nan,nan
1702290601425,nan,nan
1702290601435,nan,nan
1702290601446,nan,nan
1702290601458,nan,nan
1702290601469,nan,nan
1702290601479,nan,nan
1702290601518,nan,nan
1702290601519,nan,nan
1702290601524,nan,nan
1702290601536,nan,nan
1702290601547,nan,nan
1702290601558,nan,nan
1702290601569,nan,nan
1702290601579,nan,nan
1702290601591,nan,nan
1702290601603,nan,nan
1702290601613,nan,nan
1702290601650,nan,nan
1702290601658,nan,nan
1702290601669,nan,nan
1702290601681,nan,nan
1702290601691,nan,nan
1702290601703,nan,nan
1702290601713,nan,nan
1702290601725,nan,nan
1702290601736,nan,nan
1702290601746,nan,nan
1702290601758,nan,nan
1702290601770,nan,nan
1702290601800,nan,nan
1702290601801,nan,nan
1702290601803,nan,nan
1702290601817,nan,nan
1702290601824,nan,nan
1702290601835,nan,nan
1702290601846,nan,nan
1702290601857,nan,nan
1702290601869,nan,nan
1702290601879,nan,nan
1702290601890,nan,nan
1702290601902,nan,nan
1702290601913,nan,nan
1702290601950,nan,nan
1702290601951,nan,nan
1702290601957,nan,nan
1702290601969,nan,nan
1702290601980,nan,nan
1702290601991,nan,nan
1702290602002,nan,nan
1702290602013,nan,nan
1702290602024,nan,nan
1702290602036,nan,nan
1702290602046,nan,nan
1702290602083,nan,nan
1702290602098,nan,nan
1702290602102,nan,nan
1702290602114,nan,nan
1702290602125,nan,nan
1702290602136,nan,nan
1702290602146,nan,nan
1702290602158,nan,nan
1702290602169,nan,nan
1702290602179,nan,nan
1702290602192,nan,nan
1702290602231,nan,nan
1702290602235,nan,nan
1702290602246,nan,nan
1702290602259,nan,nan
1702290602269,nan,nan
1702290602278,nan,nan
1702290602291,nan,nan
1702290602302,nan,nan
1702290602312,nan,nan
1702290602324,nan,nan
1702290602335,nan,nan
1702290602346,nan,nan
1702290602383,nan,nan
1702290602384,nan,nan
1702290602390,nan,nan
1702290602402,nan,nan
1702290602415,nan,nan
1702290602424,nan,nan
1702290602435,nan,nan
1702290602446,nan,nan
1702290602457,nan,nan
1702290602469,nan,nan
1702290602479,nan,nan
1702290602491,nan,nan
1702290602532,nan,nan
1702290602536,nan,nan
1702290602547,nan,nan
1702290602559,nan,nan
1702290602577,nan,nan
1702290602591,nan,nan
1702290602602,nan,nan
1702290602613,nan,nan
1702290602625,nan,nan
1702290602665,nan,nan
1702290602666,nan,nan
1702290602669,nan,nan
1702290602686,nan,nan
1702290602706,nan,nan
1702290602715,nan,nan
1702290602727,nan,nan
1702290602739,nan,nan
1702290602749,nan,nan
1702290602761,nan,nan
1702290602772,nan,nan
1702290602782,nan,nan
1702290602818,nan,nan
1702290602819,nan,nan
1702290602835,nan,nan
1702290602839,nan,nan
1702290602851,nan,nan
1702290602861,nan,nan
1702290602872,nan,nan
1702290602882,nan,nan
1702290602894,nan,nan
1702290602906,nan,nan
1702290602916,nan,nan
1702290602950,nan,nan
1702290602965,nan,nan
1702290602972,nan,nan
1702290602983,nan,nan
1702290602993,nan,nan
1702290603005,nan,nan
1702290603015,nan,nan
1702290603027,nan,nan
1702290603039,nan,nan
1702290603048,nan,nan
1702290603060,nan,nan
1702290603079,nan,nan
1702290603098,nan,nan
1702290603099,nan,nan
1702290603105,nan,nan
1702290603116,nan,nan
1702290603130,nan,nan
1702290603139,nan,nan
1702290603150,nan,nan
1702290603161,nan,nan
1702290603172,nan,nan
1702290603182,nan,nan
1702290603194,nan,nan
1702290603233,nan,nan
1702290603234,nan,nan
1702290603239,nan,nan
1702290603249,nan,nan
1702290603262,nan,nan
1702290603273,nan,nan
1702290603282,nan,nan
1702290603294,nan,nan
1702290603306,nan,nan
1702290603315,nan,nan
1702290603326,nan,nan
1702290603338,nan,nan
1702290603348,nan,nan
1702290603381,nan,nan
1702290603397,nan,nan
1702290603405,nan,nan
1702290603415,nan,nan
1702290603427,nan,nan
1702290603439,nan,nan
1702290603448,nan,nan
1702290603461,nan,nan
1702290603472,nan,nan
1702290603482,nan,nan
1702290603517,nan,nan
1702290603518,nan,nan
1702290603535,nan,nan
1702290603550,nan,nan
1702290603561,nan,nan
1702290603572,nan,nan
1702290603584,nan,nan
1702290603595,nan,nan
1702290603606,1317.0518493652344,733.9258575439453
1702290603617,1317.0518493652344,733.9258575439453
1702290603649,1317.0518493652344,733.9258575439453
1702290603650,1353.6512756347656,777.0579242706299
1702290603651,1353.6512756347656,777.0579242706299
1702290603664,1353.6512756347656,777.0579242706299
1702290603673,1335.3329467773438,783.6507511138916
1702290603685,1335.3329467773438,783.6507511138916
1702290603697,1324.5655822753906,792.2558784484863
1702290603707,1312.6512145996094,799.6129417419434
1702290603718,1312.6512145996094,799.6129417419434
1702290603729,1311.6108703613281,798.480749130249
1702290603741,1347.7288818359375,782.6858425140381
1702290603752,1438.294677734375,708.585205078125
1702290603785,1479.5391082763672,667.9782128334045
1702290603786,1542.0625305175781,619.4155526161194
1702290603804,1693.8751983642578,493.2435607910156
1702290603808,1696.6453552246094,499.9868059158325
1702290603819,1704.7129821777344,514.103057384491
1702290603830,1708.2499694824219,513.4564518928528
1702290603841,1710.4398345947266,513.6482405662537
1702290603852,1714.2890930175781,506.2110757827759
1702290603863,1710.3660583496094,506.54935598373413
1702290603875,1711.7743682861328,502.0398759841919
1702290603924,1702.9896545410156,498.7517023086548
1702290603925,1705.7462310791016,499.01318550109863
1702290603931,1712.8778839111328,498.7402868270874
1702290603942,1736.2939453125,500.5695962905884
1702290603954,1805.7093811035156,493.0141353607178
1702290603964,1827.3877716064453,502.7327871322632
1702290603975,1837.7369689941406,502.47546672821045
1702290603986,1822.8035736083984,501.05408906936646
1702290603997,1824.1265869140625,498.8957476615906
1702290604008,1827.5333404541016,498.646559715271
1702290604019,1831.3212585449219,499.06410455703735
1702290604031,1828.5203552246094,503.43095541000366
1702290604069,1822.5777435302734,497.20795154571533
1702290604074,1816.4515686035156,494.91260290145874
1702290604085,1812.3686981201172,495.0773763656616
1702290604097,1813.8567352294922,494.72203731536865
1702290604108,1818.3554077148438,493.7422800064087
1702290604119,1819.3853759765625,490.52950859069824
1702290604130,1817.3871612548828,496.46326303482056
1702290604141,1816.3835906982422,494.5327591896057
1702290604152,1816.5325164794922,492.56322383880615
1702290604164,1817.7548217773438,487.83852338790894
1702290604200,1830.189437866211,492.1284055709839
1702290604201,1934.6728515625,548.5064435005188
1702290604208,2032.145004272461,583.4738659858704
1702290604219,2024.6134185791016,583.4091711044312
1702290604230,2027.3442077636719,584.1480875015259
1702290604241,2017.4946594238281,585.9818601608276
1702290604252,2025.025863647461,580.6691122055054
1702290604263,2025.708236694336,582.2612929344177
1702290604275,2028.365249633789,581.5575242042542
1702290604285,2018.566665649414,590.901460647583
1702290604297,2017.7937316894531,588.9058756828308
1702290604309,2005.887680053711,571.4733409881592
1702290604319,2004.0248107910156,511.3163709640503
1702290604354,2001.3461303710938,495.66853523254395
1702290604355,2008.0801391601562,496.12066984176636
1702290604363,2004.885482788086,493.4645104408264
1702290604375,1998.176498413086,486.1351490020752
1702290604387,1990.6782531738281,503.9673328399658
1702290604397,1991.6619873046875,503.56446504592896
1702290604408,1992.2341918945312,501.0273742675781
1702290604419,1981.3081359863281,499.36588525772095
1702290604430,1990.8553314208984,498.7483549118042
1702290604442,1987.652359008789,502.88477182388306
1702290604451,1995.7844543457031,500.5209517478943
1702290604463,1987.3670959472656,506.88355922698975
1702290604501,1990.7556915283203,507.50606775283813
1702290604502,1993.1009674072266,498.84851932525635
1702290604507,1995.5697631835938,497.6456022262573
1702290604518,1938.730697631836,525.7576847076416
1702290604531,1851.4746856689453,578.801543712616
1702290604540,1738.5275268554688,646.6816234588623
1702290604552,1451.4752960205078,813.4628820419312
1702290604563,1385.9627532958984,842.4258899688721
1702290604574,1372.872085571289,842.6591348648071
1702290604585,1370.9644317626953,851.6732883453369
1702290604596,1373.4236145019531,854.6169376373291
1702290604607,1379.2716979980469,862.184886932373
1702290604619,1371.2242889404297,863.2658815383911
1702290604651,1368.8722229003906,868.8181829452515
1702290604652,1367.8421020507812,867.0532464981079
1702290604667,1367.6050567626953,866.316089630127
1702290604674,1367.8545379638672,866.1590623855591
1702290604685,1378.7193298339844,861.9069671630859
1702290604697,1375.9898376464844,865.7438135147095
1702290604707,1378.6302947998047,866.5553855895996
1702290604719,1373.5293579101562,867.7823781967163
1702290604730,1379.2056274414062,863.0698442459106
1702290604741,1377.9956817626953,865.0990962982178
1702290604752,1384.4363403320312,865.3684759140015
1702290604763,1383.2183074951172,868.032488822937
1702290604783,1381.9046020507812,864.8838329315186
1702290604803,1374.2850494384766,866.2017202377319
1702290604804,1369.9418640136719,865.5046463012695
1702290604807,1371.0798645019531,868.0439472198486
1702290604821,1369.9427032470703,882.4924278259277
1702290604829,1352.3262023925781,851.8711709976196
1702290604840,1350.9119415283203,848.2191181182861
1702290604851,1368.792953491211,852.7191352844238
1702290604863,1368.331069946289,855.2791213989258
1702290604873,1368.8240814208984,860.0599336624146
1702290604885,1365.1505279541016,868.2431602478027
1702290604896,1377.2988891601562,881.1433410644531
1702290604933,1380.0645446777344,879.3321418762207
1702290604934,1384.593734741211,862.216386795044
1702290604940,1388.5291290283203,836.3163757324219
1702290604952,1410.3956604003906,806.2718152999878
1702290604964,1412.8987121582031,807.1133422851562
1702290604973,1414.4576263427734,806.2098455429077
1702290604985,1407.328109741211,816.4064884185791
1702290604996,1399.8856353759766,804.009747505188
1702290605007,1395.173110961914,802.1492385864258
1702290605018,1390.2030181884766,801.6436958312988
1702290605029,1397.1844482421875,814.462423324585
1702290605040,1398.2231903076172,815.9999942779541
1702290605052,1475.150375366211,813.7789964675903
1702290605085,1476.3908386230469,822.5498199462891
1702290605086,1497.6399993896484,842.9785966873169
1702290605101,1568.9006042480469,980.4755401611328
1702290605106,nan,nan
1702290605117,nan,nan
1702290605128,nan,nan
1702290605138,nan,nan
1702290605149,nan,nan
1702290605160,nan,nan
1702290605171,nan,nan
1702290605182,nan,nan
1702290605219,nan,nan
1702290605220,nan,nan
1702290605226,nan,nan
1702290605238,nan,nan
1702290605250,nan,nan
1702290605260,nan,nan
1702290605270,nan,nan
1702290605288,nan,nan
1702290605308,nan,nan
1702290605318,nan,nan
1702290605329,nan,nan
1702290605369,nan,nan
1702290605370,nan,nan
1702290605374,nan,nan
1702290605386,nan,nan
1702290605395,nan,nan
1702290605407,nan,nan
1702290605418,nan,nan
1702290605429,nan,nan
1702290605441,nan,nan
1702290605451,nan,nan
1702290605462,nan,nan
1702290605473,nan,nan
1702290605484,nan,nan
1702290605519,nan,nan
1702290605520,nan,nan
1702290605537,nan,nan
1702290605540,nan,nan
1702290605551,nan,nan
1702290605562,nan,nan
1702290605573,nan,nan
1702290605584,nan,nan
1702290605596,nan,nan
1702290605607,nan,nan
1702290605617,nan,nan
1702290605629,nan,nan
1702290605670,nan,nan
1702290605671,nan,nan
1702290605674,nan,nan
1702290605686,nan,nan
1702290605695,nan,nan
1702290605706,nan,nan
1702290605717,nan,nan
1702290605728,nan,nan
1702290605740,nan,nan
1702290605750,nan,nan
1702290605762,nan,nan
1702290605802,nan,nan
1702290605803,nan,nan
1702290605807,nan,nan
1702290605818,nan,nan
1702290605831,nan,nan
1702290605840,nan,nan
1702290605850,nan,nan
1702290605862,nan,nan
1702290605873,nan,nan
1702290605884,nan,nan
1702290605895,nan,nan
1702290605936,nan,nan
1702290605937,nan,nan
1702290605941,nan,nan
1702290605952,nan,nan
1702290605962,nan,nan
1702290605974,nan,nan
1702290605984,nan,nan
1702290605995,nan,nan
1702290606007,nan,nan
1702290606017,nan,nan
1702290606029,nan,nan
1702290606069,nan,nan
1702290606070,nan,nan
1702290606073,nan,nan
1702290606085,nan,nan
1702290606095,nan,nan
1702290606107,nan,nan
1702290606117,nan,nan
1702290606129,nan,nan
1702290606140,nan,nan
1702290606151,nan,nan
1702290606162,nan,nan
1702290606174,nan,nan
1702290606184,nan,nan
1702290606216,nan,nan
1702290606217,nan,nan
1702290606232,nan,nan
1702290606240,nan,nan
1702290606250,nan,nan
1702290606262,nan,nan
1702290606273,nan,nan
1702290606283,nan,nan
1702290606295,nan,nan
1702290606306,nan,nan
1702290606316,nan,nan
1702290606351,nan,nan
1702290606352,nan,nan
1702290606366,nan,nan
1702290606373,nan,nan
1702290606385,nan,nan
1702290606395,nan,nan
1702290606406,nan,nan
1702290606417,nan,nan
1702290606428,nan,nan
1702290606440,nan,nan
1702290606450,nan,nan
1702290606487,nan,nan
1702290606488,nan,nan
1702290606504,nan,nan
1702290606507,nan,nan
1702290606517,nan,nan
1702290606528,nan,nan
1702290606540,nan,nan
1702290606551,nan,nan
1702290606562,nan,nan
1702290606574,nan,nan
1702290606583,nan,nan
1702290606618,nan,nan
1702290606619,nan,nan
1702290606634,nan,nan
1702290606640,nan,nan
1702290606650,nan,nan
1702290606661,nan,nan
1702290606673,nan,nan
1702290606683,nan,nan
1702290606695,nan,nan
1702290606706,nan,nan
1702290606717,nan,nan
1702290606728,nan,nan
1702290606769,nan,nan
1702290606773,nan,nan
1702290606785,nan,nan
1702290606794,nan,nan
1702290606806,nan,nan
1702290606817,nan,nan
1702290606828,nan,nan
1702290606840,nan,nan
1702290606850,nan,nan
1702290606861,nan,nan
1702290606873,nan,nan
1702290606904,nan,nan
1702290606905,nan,nan
1702290606907,nan,nan
1702290606921,nan,nan
1702290606928,nan,nan
1702290606940,nan,nan
1702290606950,nan,nan
1702290606961,nan,nan
1702290606973,nan,nan
1702290606982,nan,nan
1702290606994,nan,nan
1702290607006,nan,nan
1702290607016,nan,nan
1702290607053,nan,nan
1702290607054,nan,nan
1702290607070,nan,nan
1702290607073,nan,nan
1702290607083,nan,nan
1702290607094,nan,nan
1702290607106,nan,nan
1702290607116,nan,nan
1702290607128,nan,nan
1702290607139,nan,nan
1702290607149,nan,nan
1702290607161,nan,nan
1702290607173,nan,nan
1702290607205,nan,nan
1702290607206,nan,nan
1702290607221,nan,nan
1702290607228,nan,nan
1702290607240,nan,nan
1702290607250,nan,nan
1702290607261,nan,nan
1702290607273,nan,nan
1702290607284,nan,nan
1702290607295,nan,nan
1702290607334,nan,nan
1702290607335,nan,nan
1702290607340,nan,nan
1702290607356,nan,nan
1702290607372,nan,nan
1702290607382,nan,nan
1702290607394,nan,nan
1702290607405,nan,nan
1702290607417,nan,nan
1702290607428,nan,nan
1702290607468,nan,nan
1702290607469,nan,nan
1702290607473,1404.6810913085938,803.6338520050049
1702290607485,1404.6810913085938,803.6338520050049
1702290607498,1404.6810913085938,803.6338520050049
1702290607508,1385.4031372070312,845.3984212875366
1702290607519,1395.5045318603516,849.3792486190796
1702290607530,1394.3047332763672,847.9424858093262
1702290607541,1392.593994140625,853.3157014846802
1702290607552,1399.8088836669922,860.9132194519043
1702290607564,1403.927230834961,863.366003036499
1702290607606,1406.622314453125,862.702145576477
1702290607607,1404.80712890625,863.7284231185913
1702290607608,1401.9628143310547,869.1809463500977
1702290607621,1395.6996154785156,864.919753074646
1702290607630,1385.0875854492188,862.0144701004028
1702290607642,1378.4681701660156,855.8610534667969
1702290607653,1362.587890625,856.3235521316528
1702290607664,1367.1308135986328,859.4100666046143
1702290607675,1360.5538177490234,863.4416198730469
1702290607686,1364.2120361328125,863.9322710037231
1702290607697,1363.939208984375,868.0205583572388
1702290607709,1356.6717529296875,848.7006711959839
1702290607720,1349.5523834228516,852.3650407791138
1702290607754,1347.6531219482422,845.8946514129639
1702290607770,1352.8853607177734,872.1827459335327
1702290607774,1352.345199584961,873.3159685134888
1702290607787,1357.6026153564453,876.9039058685303
1702290607796,1354.8897552490234,876.4976263046265
1702290607806,1356.4862823486328,876.8015956878662
1702290607817,1376.5919494628906,842.7786540985107
1702290607828,nan,nan
1702290607839,nan,nan
1702290607850,nan,nan
1702290607888,nan,nan
1702290607889,nan,nan
1702290607894,nan,nan
1702290607905,nan,nan
1702290607917,nan,nan
1702290607932,nan,nan
1702290607952,nan,nan
1702290607962,nan,nan
1702290607974,nan,nan
1702290607985,nan,nan
1702290607996,nan,nan
1702290608035,nan,nan
1702290608036,nan,nan
1702290608041,nan,nan
1702290608053,nan,nan
1702290608063,nan,nan
1702290608074,nan,nan
1702290608084,nan,nan
1702290608096,nan,nan
1702290608107,nan,nan
1702290608116,nan,nan
1702290608128,nan,nan
1702290608140,nan,nan
1702290608150,nan,nan
1702290608188,nan,nan
1702290608195,nan,nan
1702290608207,nan,nan
1702290608218,nan,nan
1702290608229,nan,nan
1702290608241,nan,nan
1702290608250,nan,nan
1702290608262,nan,nan
1702290608275,nan,nan
1702290608284,nan,nan
1702290608324,nan,nan
1702290608328,nan,nan
1702290608340,nan,nan
1702290608350,nan,nan
1702290608362,nan,nan
1702290608374,nan,nan
1702290608385,nan,nan
1702290608395,nan,nan
1702290608407,nan,nan
1702290608417,nan,nan
1702290608429,nan,nan
1702290608451,nan,nan
1702290608470,nan,nan
1702290608474,nan,nan
1702290608485,nan,nan
1702290608496,nan,nan
1702290608507,nan,nan
1702290608517,nan,nan
1702290608528,nan,nan
1702290608540,nan,nan
1702290608550,nan,nan
1702290608562,nan,nan
1702290608604,nan,nan
1702290608605,nan,nan
1702290608607,nan,nan
1702290608620,nan,nan
1702290608629,nan,nan
1702290608640,nan,nan
1702290608651,nan,nan
1702290608662,nan,nan
1702290608674,nan,nan
1702290608684,nan,nan
1702290608696,nan,nan
1702290608707,nan,nan
1702290608737,nan,nan
1702290608738,nan,nan
1702290608739,nan,nan
1702290608755,nan,nan
1702290608762,nan,nan
1702290608773,nan,nan
1702290608783,nan,nan
1702290608795,nan,nan
1702290608806,nan,nan
1702290608816,nan,nan
1702290608828,nan,nan
1702290608840,nan,nan
1702290608850,nan,nan
1702290608890,nan,nan
1702290608891,nan,nan
1702290608895,nan,nan
1702290608908,nan,nan
1702290608916,nan,nan
1702290608927,nan,nan
1702290608939,nan,nan
1702290608949,nan,nan
1702290608961,nan,nan
1702290608973,nan,nan
1702290608984,nan,nan
1702290608995,nan,nan
1702290609007,nan,nan
1702290609038,nan,nan
1702290609040,nan,nan
1702290609055,nan,nan
1702290609061,nan,nan
1702290609073,nan,nan
1702290609084,nan,nan
1702290609095,nan,nan
1702290609106,nan,nan
1702290609117,nan,nan
1702290609128,nan,nan
1702290609147,nan,nan
1702290609173,nan,nan
1702290609188,nan,nan
1702290609194,nan,nan
1702290609206,nan,nan
1702290609216,nan,nan
1702290609228,nan,nan
1702290609239,nan,nan
1702290609250,nan,nan
1702290609261,nan,nan
1702290609273,nan,nan
1702290609305,nan,nan
1702290609306,nan,nan
1702290609322,nan,nan
1702290609328,nan,nan
1702290609339,nan,nan
1702290609349,nan,nan
1702290609361,nan,nan
1702290609373,nan,nan
1702290609383,nan,nan
1702290609395,nan,nan
1702290609406,nan,nan
1702290609416,nan,nan
1702290609456,nan,nan
1702290609457,nan,nan
1702290609461,nan,nan
1702290609473,nan,nan
1702290609485,nan,nan
1702290609495,nan,nan
1702290609505,nan,nan
1702290609516,nan,nan
1702290609527,nan,nan
1702290609539,nan,nan
1702290609549,nan,nan
1702290609560,nan,nan
1702290609573,nan,nan
1702290609605,nan,nan
1702290609606,nan,nan
1702290609623,nan,nan
1702290609628,nan,nan
1702290609640,nan,nan
1702290609649,nan,nan
1702290609661,nan,nan
1702290609673,nan,nan
1702290609682,nan,nan
1702290609694,nan,nan
1702290609706,nan,nan
1702290609738,nan,nan
1702290609739,nan,nan
1702290609755,nan,nan
1702290609762,nan,nan
1702290609774,nan,nan
1702290609782,nan,nan
1702290609794,nan,nan
1702290609805,nan,nan
1702290609816,nan,nan
1702290609827,nan,nan
1702290609839,nan,nan
1702290609849,nan,nan
1702290609887,nan,nan
1702290609888,nan,nan
1702290609894,nan,nan
1702290609906,nan,nan
1702290609917,nan,nan
1702290609928,nan,nan
1702290609939,nan,nan
1702290609950,nan,nan
1702290609962,nan,nan
1702290609973,nan,nan
1702290609983,nan,nan
1702290610022,nan,nan
1702290610023,nan,nan
1702290610028,nan,nan
1702290610040,nan,nan
1702290610051,nan,nan
1702290610062,nan,nan
1702290610074,nan,nan
1702290610082,nan,nan
1702290610100,nan,nan
1702290610116,nan,nan
1702290610127,nan,nan
1702290610138,nan,nan
1702290610170,nan,nan
1702290610171,nan,nan
1702290610172,1559.107666015625,612.3758268356323
1702290610187,1589.4383239746094,599.4961595535278
1702290610197,1652.3511505126953,640.4305100440979
1702290610207,1618.7847900390625,638.8071298599243
1702290610218,1616.4532470703125,628.8703608512878
1702290610230,1609.321517944336,627.8543400764465
1702290610241,1618.6742401123047,611.6457509994507
1702290610252,1620.5416870117188,612.5166320800781
1702290610263,1632.7588653564453,605.0216174125671
1702290610304,1653.9814758300781,606.4536809921265
1702290610305,1827.7957153320312,574.52876329422
1702290610308,1884.6454620361328,555.0237393379211
1702290610321,1894.3417358398438,562.780237197876
1702290610330,1897.5394439697266,561.2926411628723
1702290610341,1896.6934967041016,562.2926545143127
1702290610352,1898.0096435546875,550.8565735816956
1702290610363,1893.2569885253906,551.3925004005432
1702290610374,1822.6461791992188,605.9989929199219
1702290610386,1581.3565826416016,795.5480003356934
1702290610397,1504.6764373779297,859.0123271942139
1702290610408,1465.2628326416016,895.4978370666504
1702290610419,1466.7565155029297,904.8911905288696
1702290610438,1462.1355438232422,916.920919418335
1702290610460,1457.850112915039,920.0610780715942
1702290610463,1460.7914733886719,904.9704551696777
1702290610477,1464.319839477539,905.3670358657837
1702290610485,1465.4652404785156,910.3675746917725
1702290610496,1466.6511535644531,911.7788887023926
1702290610507,1464.9738311767578,908.5951280593872
1702290610518,1455.038833618164,911.5574884414673
1702290610530,1458.4454345703125,914.4483518600464
1702290610541,1457.4966430664062,915.8200550079346
1702290610551,1462.0608520507812,910.8401155471802
1702290610590,1461.261215209961,908.5743999481201
1702290610591,1461.0283660888672,905.3691816329956
1702290610596,1468.9420318603516,910.5127573013306
1702290610607,1464.863052368164,897.006139755249
1702290610620,1417.2782897949219,823.9689445495605
1702290610630,1401.1334991455078,784.8268890380859
1702290610641,1368.4483337402344,748.3725357055664
1702290610652,1376.0417175292969,749.7821974754333
1702290610663,1372.9701232910156,753.3478832244873
1702290610674,1382.2371673583984,756.9458627700806
1702290610685,1381.0765838623047,752.0449733734131
1702290610696,1381.5241241455078,748.6136555671692
1702290610707,1383.5977172851562,752.8048968315125
1702290610739,1385.17578125,751.5111064910889
1702290610741,1384.9311828613281,750.1930260658264
1702290610755,1385.1661682128906,750.4485654830933
1702290610763,1385.3047943115234,750.3112578392029
1702290610774,1423.7757873535156,743.0496597290039
1702290610785,1550.1224517822266,709.3106245994568
1702290610796,1949.703598022461,555.9222149848938
1702290610807,2032.1648406982422,528.580527305603
1702290610819,2092.8739166259766,523.3228826522827
1702290610830,2096.764602661133,525.9176731109619
1702290610841,2094.0823364257812,533.9736557006836
1702290610872,2088.530044555664,536.054470539093
1702290610873,2094.896697998047,531.88631772995
1702290610889,2095.301284790039,524.7497749328613
1702290610896,2096.397476196289,529.3409657478333
1702290610908,2090.995407104492,528.5509586334229
1702290610918,2085.577163696289,528.6261677742004
1702290610929,2083.3765411376953,524.7177815437317
1702290610940,2077.64892578125,517.0076751708984
1702290610951,2076.64794921875,523.7657046318054
1702290610962,2079.8777770996094,524.2624282836914
1702290610974,2097.329559326172,526.3117218017578
1702290610984,2120.8080291748047,510.8796215057373
1702290611003,2130.7785034179688,503.9343738555908
1702290611023,2137.6463317871094,503.18048000335693
1702290611024,2132.399215698242,505.05030155181885
1702290611029,2122.9788208007812,511.39660120010376
1702290611040,2120.2622985839844,510.962598323822
1702290611052,2123.4283447265625,505.500226020813
1702290611062,2131.5904998779297,503.0183243751526
1702290611073,2128.7837982177734,504.1295528411865
1702290611085,2118.5256958007812,510.6617832183838
1702290611095,2107.140655517578,512.6588702201843
1702290611106,2108.022994995117,517.011923789978
1702290611117,2123.3445739746094,493.64816665649414
1702290611155,nan,nan
1702290611161,nan,nan
1702290611172,nan,nan
1702290611183,nan,nan
1702290611193,nan,nan
1702290611204,nan,nan
1702290611215,nan,nan
1702290611226,nan,nan
1702290611238,nan,nan
1702290611248,nan,nan
1702290611289,nan,nan
1702290611290,nan,nan
1702290611296,nan,nan
1702290611307,nan,nan
1702290611319,nan,nan
1702290611330,nan,nan
1702290611341,nan,nan
1702290611351,nan,nan
1702290611362,nan,nan
1702290611375,nan,nan
1702290611385,nan,nan
1702290611423,nan,nan
1702290611429,nan,nan
1702290611441,nan,nan
1702290611454,nan,nan
1702290611463,nan,nan
1702290611474,nan,nan
1702290611484,nan,nan
1702290611496,nan,nan
1702290611507,nan,nan
1702290611517,nan,nan
1702290611529,nan,nan
1702290611541,nan,nan
1702290611572,nan,nan
1702290611574,nan,nan
1702290611588,nan,nan
1702290611596,nan,nan
1702290611608,nan,nan
1702290611617,nan,nan
1702290611629,nan,nan
1702290611640,nan,nan
1702290611651,nan,nan
1702290611662,nan,nan
1702290611674,nan,nan
1702290611711,nan,nan
1702290611717,nan,nan
1702290611729,nan,nan
1702290611740,nan,nan
1702290611751,nan,nan
1702290611762,nan,nan
1702290611774,nan,nan
1702290611784,nan,nan
1702290611796,nan,nan
1702290611807,nan,nan
1702290611818,nan,nan
1702290611855,nan,nan
1702290611856,nan,nan
1702290611862,nan,nan
1702290611873,nan,nan
1702290611883,nan,nan
1702290611895,nan,nan
1702290611907,nan,nan
1702290611917,nan,nan
1702290611928,nan,nan
1702290611940,nan,nan
1702290611950,nan,nan
1702290611991,nan,nan
1702290611992,nan,nan
1702290611996,nan,nan
1702290612007,nan,nan
1702290612018,nan,nan
1702290612029,nan,nan
1702290612040,nan,nan
1702290612050,nan,nan
1702290612061,nan,nan
1702290612073,nan,nan
1702290612083,nan,nan
1702290612095,nan,nan
1702290612107,nan,nan
1702290612140,nan,nan
1702290612155,nan,nan
1702290612162,nan,nan
1702290612175,nan,nan
1702290612183,nan,nan
1702290612195,nan,nan
1702290612206,nan,nan
1702290612217,nan,nan
1702290612228,nan,nan
1702290612240,nan,nan
1702290612271,nan,nan
1702290612273,nan,nan
1702290612286,nan,nan
1702290612295,nan,nan
1702290612307,nan,nan
1702290612317,nan,nan
1702290612328,nan,nan
1702290612340,nan,nan
1702290612350,nan,nan
1702290612362,nan,nan
1702290612373,nan,nan
1702290612408,nan,nan
1702290612417,nan,nan
1702290612428,nan,nan
1702290612440,nan,nan
1702290612450,nan,nan
1702290612462,nan,nan
1702290612474,nan,nan
1702290612484,nan,nan
1702290612495,nan,nan
1702290612507,nan,nan
1702290612517,nan,nan
1702290612556,nan,nan
1702290612561,nan,nan
1702290612573,nan,nan
1702290612585,nan,nan
1702290612595,nan,nan
1702290612607,nan,nan
1702290612617,nan,nan
1702290612628,nan,nan
1702290612640,nan,nan
1702290612650,nan,nan
1702290612692,nan,nan
1702290612693,nan,nan
1702290612695,nan,nan
1702290612708,nan,nan
1702290612717,nan,nan
1702290612728,nan,nan
1702290612740,nan,nan
1702290612750,nan,nan
1702290612762,nan,nan
1702290612774,nan,nan
1702290612784,nan,nan
1702290612824,nan,nan
1702290612829,nan,nan
1702290612840,nan,nan
1702290612851,nan,nan
1702290612862,nan,nan
1702290612872,nan,nan
1702290612883,nan,nan
1702290612895,nan,nan
1702290612906,nan,nan
1702290612916,nan,nan
1702290612958,nan,nan
1702290612961,nan,nan
1702290612973,nan,nan
1702290612983,nan,nan
1702290612995,nan,nan
1702290613006,nan,nan
1702290613016,nan,nan
1702290613028,nan,nan
1702290613040,nan,nan
1702290613050,nan,nan
1702290613062,nan,nan
1702290613074,nan,nan
1702290613107,nan,nan
1702290613108,nan,nan
1702290613122,nan,nan
1702290613128,nan,nan
1702290613140,nan,nan
1702290613150,nan,nan
1702290613161,nan,nan
1702290613173,nan,nan
1702290613183,nan,nan
1702290613195,nan,nan
1702290613207,nan,nan
1702290613242,nan,nan
1702290613250,nan,nan
1702290613262,nan,nan
1702290613274,nan,nan
1702290613283,nan,nan
1702290613295,nan,nan
1702290613306,nan,nan
1702290613316,nan,nan
1702290613328,nan,nan
1702290613340,nan,nan
1702290613350,nan,nan
1702290613390,nan,nan
1702290613391,nan,nan
1702290613395,nan,nan
1702290613407,nan,nan
1702290613417,nan,nan
1702290613428,nan,nan
1702290613440,nan,nan
1702290613450,nan,nan
1702290613462,nan,nan
1702290613474,nan,nan
1702290613484,nan,nan
1702290613496,nan,nan
1702290613527,nan,nan
1702290613528,nan,nan
1702290613529,nan,nan
1702290613543,nan,nan
1702290613550,nan,nan
1702290613561,nan,nan
1702290613573,nan,nan
1702290613583,nan,nan
1702290613595,nan,nan
1702290613606,nan,nan
1702290613617,nan,nan
1702290613629,nan,nan
1702290613640,nan,nan
1702290613676,nan,nan
1702290613677,nan,nan
1702290613694,nan,nan
1702290613710,nan,nan
1702290613718,nan,nan
1702290613730,nan,nan
1702290613741,873.5206604003906,935.6377601623535
1702290613752,873.5206604003906,935.6377601623535
1702290613763,873.5206604003906,935.6377601623535
1702290613775,881.0478210449219,937.4377155303955
1702290613784,881.0478210449219,937.4377155303955
1702290613796,881.0478210449219,937.4377155303955
1702290613827,870.8100891113281,964.4682025909424
1702290613828,818.5005187988281,954.4351959228516
1702290613829,783.8314819335938,942.9764556884766
1702290613844,781.8601226806641,934.3392276763916
1702290613852,772.4615478515625,924.0951633453369
1702290613863,777.1109771728516,931.8540859222412
1702290613874,790.90576171875,909.7455596923828
1702290613885,819.5034027099609,843.5281276702881
1702290613896,833.5140991210938,812.7646064758301
1702290613907,834.1038513183594,798.4353446960449
1702290613918,835.7269287109375,814.1559219360352
1702290613959,838.187255859375,813.9016056060791
1702290613960,840.0404357910156,811.830940246582
1702290613963,843.7574768066406,824.9432945251465
1702290613975,851.0301971435547,841.3106060028076
1702290613985,857.4173736572266,842.9281711578369
1702290613996,860.6011962890625,842.5887966156006
1702290614007,858.6610412597656,837.3555278778076
1702290614018,858.5372924804688,842.5738620758057
1702290614029,860.4151153564453,848.2484722137451
1702290614040,860.8151245117188,855.5358409881592
1702290614051,859.7209930419922,853.9587020874023
1702290614063,850.8230590820312,847.8775978088379
1702290614073,842.6982879638672,840.4800224304199
1702290614110,845.6790924072266,836.4245223999023
1702290614117,829.7365570068359,859.623441696167
1702290614128,nan,nan
1702290614139,nan,nan
1702290614150,nan,nan
1702290614161,nan,nan
1702290614173,nan,nan
1702290614183,nan,nan
1702290614195,nan,nan
1702290614206,nan,nan
1702290614243,nan,nan
1702290614246,nan,nan
1702290614264,nan,nan
1702290614275,nan,nan
1702290614285,nan,nan
1702290614297,nan,nan
1702290614308,nan,nan
1702290614318,nan,nan
1702290614330,nan,nan
1702290614342,nan,nan
1702290614352,nan,nan
1702290614370,nan,nan
1702290614394,nan,nan
1702290614397,nan,nan
1702290614413,nan,nan
1702290614417,nan,nan
1702290614430,nan,nan
1702290614441,nan,nan
1702290614451,nan,nan
1702290614463,nan,nan
1702290614474,nan,nan
1702290614484,nan,nan
1702290614496,nan,nan
1702290614508,nan,nan
1702290614542,nan,nan
1702290614543,nan,nan
1702290614557,nan,nan
1702290614563,nan,nan
1702290614575,nan,nan
1702290614585,nan,nan
1702290614596,nan,nan
1702290614608,nan,nan
1702290614618,nan,nan
1702290614629,nan,nan
1702290614641,nan,nan
1702290614651,nan,nan
1702290614670,nan,nan
1702290614693,nan,nan
1702290614694,nan,nan
1702290614696,nan,nan
1702290614709,nan,nan
1702290614718,nan,nan
1702290614730,nan,nan
1702290614742,nan,nan
1702290614752,nan,nan
1702290614763,nan,nan
1702290614774,nan,nan
1702290614784,nan,nan
1702290614824,nan,nan
1702290614825,nan,nan
1702290614828,nan,nan
1702290614840,nan,nan
1702290614852,nan,nan
1702290614862,nan,nan
1702290614874,nan,nan
1702290614884,nan,nan
1702290614895,nan,nan
1702290614907,nan,nan
1702290614917,nan,nan
1702290614929,nan,nan
1702290614940,nan,nan
1702290614974,nan,nan
1702290614989,nan,nan
1702290614996,nan,nan
1702290615007,nan,nan
1702290615017,nan,nan
1702290615029,nan,nan
1702290615040,nan,nan
1702290615051,nan,nan
1702290615062,nan,nan
1702290615074,nan,nan
1702290615109,nan,nan
1702290615110,nan,nan
1702290615118,nan,nan
1702290615130,nan,nan
1702290615141,nan,nan
1702290615151,nan,nan
1702290615162,nan,nan
1702290615174,nan,nan
1702290615184,nan,nan
1702290615196,nan,nan
1702290615208,nan,nan
1702290615243,nan,nan
1702290615244,nan,nan
1702290615251,nan,nan
1702290615264,nan,nan
1702290615274,nan,nan
1702290615284,nan,nan
1702290615295,nan,nan
1702290615307,nan,nan
1702290615318,nan,nan
1702290615330,nan,nan
1702290615341,nan,nan
1702290615374,nan,nan
1702290615375,nan,nan
1702290615389,nan,nan
1702290615396,nan,nan
1702290615407,nan,nan
1702290615417,nan,nan
1702290615429,nan,nan
1702290615440,nan,nan
1702290615451,nan,nan
1702290615463,nan,nan
1702290615474,nan,nan
1702290615490,nan,nan
1702290615509,nan,nan
1702290615526,nan,nan
1702290615529,nan,nan
1702290615541,nan,nan
1702290615551,nan,nan
1702290615563,nan,nan
1702290615575,nan,nan
1702290615584,nan,nan
1702290615597,nan,nan
1702290615608,nan,nan
1702290615641,nan,nan
1702290615655,nan,nan
1702290615663,nan,nan
1702290615675,nan,nan
1702290615685,nan,nan
1702290615697,nan,nan
1702290615708,nan,nan
1702290615719,nan,nan
1702290615730,nan,nan
1702290615741,nan,nan
1702290615776,nan,nan
1702290615778,nan,nan
1702290615795,nan,nan
1702290615811,nan,nan
1702290615822,1128.5394287109375,860.9470367431641
1702290615832,1128.5394287109375,860.9470367431641
1702290615844,1105.9697723388672,867.020673751831
1702290615855,934.1152954101562,932.3358535766602
1702290615867,927.6345062255859,930.9471988677979
1702290615878,892.8223419189453,940.3024864196777
1702290615911,876.9412231445312,922.9985046386719
1702290615912,876.7350006103516,921.8894863128662
1702290615927,860.9501647949219,913.3700180053711
1702290615934,864.0758514404297,915.9645938873291
1702290615945,868.7638854980469,918.6482620239258
1702290615956,867.4952697753906,930.3135967254639
1702290615967,867.2586059570312,933.4556007385254
1702290615978,865.4785919189453,927.5772285461426
1702290615989,873.0055999755859,919.4127559661865
1702290616000,870.9772491455078,922.1539306640625
1702290616012,871.9419097900391,926.2454795837402
1702290616023,928.8690185546875,906.6112804412842
1702290616060,998.6856842041016,860.2712059020996
1702290616061,1432.1951293945312,647.2619676589966
1702290616066,1469.6604919433594,631.3659954071045
1702290616077,1474.7354125976562,637.4208354949951
1702290616089,1479.8606872558594,629.8882913589478
1702290616099,1483.782958984375,635.3109884262085
1702290616111,1494.0647888183594,620.9575653076172
1702290616122,1494.16748046875,618.3578824996948
1702290616133,1493.4819030761719,618.2892179489136
1702290616144,1490.845947265625,617.9382991790771
1702290616155,1489.3687438964844,628.3750104904175
1702290616198,1491.270751953125,624.4557666778564
1702290616200,1492.7778625488281,631.539158821106
1702290616213,1501.234130859375,609.5080947875977
1702290616222,1498.6732482910156,617.8598070144653
1702290616233,1495.1882934570312,613.851170539856
1702290616244,1481.8363952636719,624.8694705963135
1702290616255,1489.92431640625,622.736234664917
1702290616266,1488.0926513671875,630.7832050323486
1702290616277,1501.2651062011719,626.9916772842407
1702290616289,1500.3167724609375,626.4127063751221
1702290616300,1502.6104736328125,622.501745223999
1702290616311,1480.3033447265625,623.85413646698
1702290616344,1312.8715515136719,708.6829233169556
1702290616345,1269.3705749511719,727.9274082183838
1702290616361,789.7899627685547,962.3395156860352
1702290616367,789.4054412841797,963.9113330841064
1702290616378,782.0859527587891,956.2597846984863
1702290616389,770.6642150878906,968.935604095459
1702290616399,764.0073394775391,970.1739692687988
1702290616410,760.1295471191406,975.034990310669
1702290616421,754.4451141357422,964.5807266235352
1702290616432,756.0901641845703,964.1662502288818
1702290616444,754.6353149414062,960.3346824645996
1702290616478,756.0592651367188,965.7881927490234
1702290616479,753.9973449707031,965.4702758789062
1702290616495,757.1823883056641,968.3363342285156
1702290616499,756.67724609375,961.929759979248
1702290616510,760.4795074462891,955.3964138031006
1702290616521,750.8818817138672,961.316499710083
1702290616533,747.9488372802734,964.8409652709961
1702290616544,732.0573425292969,958.1039428710938
1702290616555,707.9456329345703,951.7361640930176
1702290616566,696.7788696289062,945.4385948181152
1702290616577,694.2021179199219,944.9899578094482
1702290616588,688.4850311279297,945.9025955200195
1702290616628,693.1223297119141,947.9950618743896
1702290616633,687.9264831542969,965.3197288513184
1702290616645,647.8423309326172,938.9451599121094
1702290616655,480.1565170288086,811.5021228790283
1702290616666,367.2299575805664,717.0209455490112
1702290616678,215.73867797851562,580.8479404449463
1702290616688,nan,nan
1702290616700,nan,nan
1702290616711,nan,nan
1702290616722,nan,nan
1702290616733,nan,nan
1702290616744,nan,nan
1702290616779,nan,nan
1702290616788,nan,nan
1702290616799,nan,nan
1702290616811,nan,nan
1702290616821,nan,nan
1702290616832,nan,nan
1702290616843,nan,nan
1702290616854,nan,nan
1702290616866,nan,nan
1702290616877,nan,nan
1702290616888,nan,nan
1702290616926,nan,nan
1702290616933,nan,nan
1702290616944,5.020081996917725,583.4426021575928
1702290616956,7.687276601791382,595.1705074310303
1702290616966,8.340989351272583,598.6821413040161
1702290616977,4.907355010509491,596.899094581604
1702290616988,8.933377861976624,602.3824310302734
1702290616999,7.288276553153992,595.4871368408203
1702290617010,3.7473443150520325,590.4096937179565
1702290617021,nan,nan
1702290617032,nan,nan
1702290617044,11.705511808395386,593.1549453735352
1702290617079,87.6774787902832,584.1783857345581
1702290617080,125.30628204345703,580.6912565231323
1702290617093,112.19926834106445,583.0668783187866
1702290617100,117.20927238464355,585.5508184432983
1702290617110,114.83901977539062,587.2153329849243
1702290617121,125.03702163696289,594.6284437179565
1702290617132,125.04859924316406,594.4520616531372
1702290617144,123.19901466369629,589.4764995574951
1702290617155,122.67031669616699,588.6605930328369
1702290617166,130.4392147064209,592.9827690124512
1702290617177,138.75788688659668,595.2671098709106
1702290617211,137.3366641998291,592.719612121582
1702290617226,127.27997779846191,586.0272216796875
1702290617233,121.49848937988281,584.3834781646729
1702290617244,122.30090141296387,593.3187961578369
1702290617255,126.50969505310059,707.8559446334839
1702290617265,139.1373348236084,748.6915683746338
1702290617276,118.73071670532227,819.5315837860107
1702290617287,nan,nan
1702290617298,nan,nan
1702290617309,nan,nan
1702290617320,nan,nan
1702290617340,nan,nan
1702290617361,nan,nan
1702290617365,nan,nan
1702290617377,nan,nan
1702290617386,nan,nan
1702290617397,nan,nan
1702290617409,nan,nan
1702290617420,nan,nan
1702290617431,nan,nan
1702290617442,nan,nan
1702290617453,nan,nan
1702290617494,nan,nan
1702290617495,nan,nan
1702290617498,nan,nan
1702290617511,nan,nan
1702290617521,nan,nan
1702290617531,nan,nan
1702290617542,nan,nan
1702290617553,nan,nan
1702290617564,nan,nan
1702290617575,nan,nan
1702290617586,nan,nan
1702290617598,nan,nan
1702290617609,nan,nan
1702290617645,nan,nan
1702290617653,nan,nan
1702290617664,nan,nan
1702290617676,nan,nan
1702290617686,nan,nan
1702290617698,nan,nan
1702290617708,nan,nan
1702290617720,nan,nan
1702290617731,nan,nan
1702290617742,nan,nan
1702290617777,nan,nan
1702290617778,nan,nan
1702290617792,nan,nan
1702290617798,nan,nan
1702290617809,nan,nan
1702290617818,nan,nan
1702290617836,nan,nan
1702290617855,nan,nan
1702290617867,nan,nan
1702290617878,nan,nan
1702290617910,nan,nan
1702290617911,nan,nan
1702290617926,nan,nan
1702290617933,nan,nan
1702290617944,nan,nan
1702290617955,nan,nan
1702290617966,nan,nan
1702290617978,nan,nan
1702290617988,nan,nan
1702290617999,nan,nan
1702290618011,nan,nan
1702290618044,nan,nan
1702290618045,nan,nan
1702290618060,nan,nan
1702290618067,nan,nan
1702290618085,nan,nan
1702290618099,nan,nan
1702290618111,nan,nan
1702290618122,nan,nan
1702290618133,nan,nan
1702290618144,nan,nan
1702290618177,nan,nan
1702290618178,nan,nan
1702290618194,nan,nan
1702290618215,nan,nan
1702290618230,nan,nan
1702290618246,nan,nan
1702290618257,nan,nan
1702290618268,nan,nan
1702290618279,nan,nan
1702290618291,nan,nan
1702290618326,nan,nan
1702290618327,nan,nan
1702290618342,nan,nan
1702290618361,nan,nan
1702290618377,nan,nan
1702290618392,nan,nan
1702290618405,nan,nan
1702290618415,1414.7613525390625,502.5671339035034
1702290618426,1310.9182739257812,505.35860538482666
1702290618461,1267.8524017333984,496.5184736251831
1702290618462,1270.3023529052734,500.1856327056885
1702290618477,1269.5185852050781,495.76560974121094
1702290618483,1269.9524688720703,495.1808452606201
1702290618494,1269.081802368164,501.25353813171387
1702290618505,1267.3090362548828,510.0010585784912
1702290618516,1264.7669219970703,506.15017890930176
1702290618527,1271.6679382324219,519.2409467697144
1702290618538,1272.1434020996094,519.7405242919922
1702290618549,1262.9024505615234,535.0190734863281
1702290618559,1207.5128173828125,597.9157590866089
1702290618595,1193.4993743896484,634.6014261245728
1702290618596,1176.3272094726562,664.5611429214478
1702290618610,1197.7974700927734,664.1801404953003
1702290618615,1201.263198852539,668.9732694625854
1702290618626,1200.3114318847656,673.8615846633911
1702290618637,1195.2438354492188,680.6602334976196
1702290618648,1192.0006561279297,686.1859273910522
1702290618660,1191.8466186523438,690.1940059661865
1702290618671,1194.7429656982422,685.6285429000854
1702290618682,1195.4243469238281,684.41978931427
1702290618693,1193.6164093017578,691.8893337249756
1702290618727,1194.9500274658203,696.3206005096436
1702290618728,1193.4233093261719,699.4596862792969
1702290618743,1226.7938232421875,701.833119392395
1702290618749,1267.6017761230469,699.7122430801392
1702290618762,1305.2439880371094,696.3590097427368
1702290618771,1303.9170837402344,695.202054977417
1702290618782,1298.8516235351562,695.9534597396851
1702290618793,1297.16796875,698.0127096176147
1702290618804,1296.3458251953125,706.4296531677246
1702290618815,1301.3800048828125,705.587739944458
1702290618827,1304.5664978027344,704.4319009780884
1702290618838,1304.7688293457031,702.2257089614868
1702290618849,1296.97509765625,710.4213809967041
1702290618880,1302.8268432617188,715.4176712036133
1702290618881,1310.997314453125,727.9370212554932
1702290618882,1312.9060363769531,728.9511108398438
1702290618897,1311.9058227539062,734.9403762817383
1702290618905,1312.2291564941406,732.9757976531982
1702290618916,1317.4209594726562,735.7856369018555
1702290618926,1316.5400695800781,736.0787487030029
1702290618937,1323.7120056152344,727.9831981658936
1702290618948,1314.76806640625,729.2891979217529
1702290618960,1312.2097778320312,731.515474319458
1702290618971,1305.3883361816406,742.0481014251709
1702290619013,1298.8905334472656,742.2334957122803
1702290619015,1309.4537353515625,726.5051078796387
1702290619029,1306.6926574707031,728.9349746704102
1702290619037,1301.76025390625,729.0315341949463
1702290619048,1295.1776123046875,740.4069328308105
1702290619059,1301.6082763671875,748.3933925628662
1702290619071,1306.0824584960938,759.4753360748291
1702290619082,1305.4034423828125,757.5911808013916
1702290619092,1301.5907287597656,752.2843551635742
1702290619104,1307.0152282714844,747.3145866394043
1702290619115,1307.0240783691406,746.9923782348633
1702290619126,1309.5513916015625,754.7018623352051
1702290619161,1315.2511596679688,757.3060512542725
1702290619162,1316.4036560058594,762.22243309021
1702290619176,1313.2583618164062,764.6036338806152
1702290619182,1307.6235961914062,766.8529987335205
1702290619192,1320.3018188476562,749.4284248352051
1702290619203,nan,nan
1702290619214,nan,nan
1702290619225,nan,nan
1702290619236,nan,nan
1702290619247,nan,nan
1702290619258,nan,nan
1702290619270,nan,nan
1702290619281,nan,nan
1702290619311,nan,nan
1702290619312,nan,nan
1702290619325,nan,nan
1702290619341,nan,nan
1702290619351,nan,nan
1702290619361,nan,nan
1702290619372,nan,nan
1702290619384,nan,nan
1702290619394,nan,nan
1702290619406,nan,nan
1702290619448,nan,nan
1702290619449,nan,nan
1702290619451,nan,nan
1702290619464,nan,nan
1702290619473,nan,nan
1702290619484,nan,nan
1702290619494,nan,nan
1702290619506,nan,nan
1702290619517,nan,nan
1702290619528,nan,nan
1702290619539,nan,nan
1702290619551,nan,nan
1702290619561,nan,nan
1702290619598,nan,nan
1702290619599,nan,nan
1702290619606,nan,nan
1702290619618,nan,nan
1702290619629,nan,nan
1702290619639,nan,nan
1702290619651,nan,nan
1702290619661,nan,nan
1702290619673,nan,nan
1702290619684,nan,nan
1702290619694,nan,nan
1702290619731,nan,nan
1702290619732,nan,nan
1702290619747,nan,nan
1702290619751,nan,nan
1702290619764,nan,nan
1702290619772,nan,nan
1702290619783,nan,nan
1702290619794,nan,nan
1702290619805,nan,nan
1702290619817,nan,nan
1702290619827,nan,nan
1702290619864,nan,nan
1702290619865,nan,nan
1702290619879,nan,nan
1702290619884,nan,nan
1702290619894,nan,nan
1702290619905,nan,nan
1702290619917,nan,nan
1702290619927,nan,nan
1702290619939,nan,nan
1702290619950,nan,nan
1702290619961,nan,nan
1702290619981,nan,nan
1702290620001,nan,nan
1702290620005,nan,nan
1702290620020,nan,nan
1702290620027,nan,nan
1702290620038,nan,nan
1702290620050,nan,nan
1702290620060,nan,nan
1702290620072,nan,nan
1702290620083,nan,nan
1702290620094,nan,nan
1702290620105,nan,nan
1702290620117,nan,nan
1702290620148,nan,nan
1702290620149,nan,nan
1702290620150,nan,nan
1702290620165,nan,nan
1702290620172,nan,nan
1702290620183,nan,nan
1702290620194,nan,nan
1702290620205,nan,nan
1702290620217,nan,nan
1702290620227,nan,nan
1702290620239,nan,nan
1702290620280,nan,nan
1702290620281,nan,nan
1702290620283,nan,nan
1702290620296,nan,nan
1702290620306,nan,nan
1702290620317,nan,nan
1702290620327,nan,nan
1702290620339,nan,nan
1702290620350,nan,nan
1702290620361,nan,nan
1702290620372,nan,nan
1702290620383,nan,nan
1702290620393,nan,nan
1702290620431,nan,nan
1702290620432,nan,nan
1702290620439,nan,nan
1702290620450,nan,nan
1702290620462,nan,nan
1702290620472,nan,nan
1702290620483,nan,nan
1702290620494,nan,nan
1702290620505,nan,nan
1702290620516,nan,nan
1702290620527,nan,nan
1702290620545,nan,nan
1702290620564,nan,nan
1702290620572,nan,nan
1702290620583,nan,nan
1702290620593,nan,nan
1702290620605,nan,nan
1702290620616,nan,nan
1702290620626,nan,nan
1702290620638,nan,nan
1702290620650,nan,nan
1702290620660,nan,nan
1702290620696,nan,nan
1702290620697,nan,nan
1702290620711,nan,nan
1702290620717,nan,nan
1702290620728,nan,nan
1702290620738,nan,nan
1702290620749,nan,nan
1702290620759,nan,nan
1702290620771,nan,nan
1702290620783,nan,nan
1702290620793,nan,nan
1702290620804,nan,nan
1702290620826,nan,nan
1702290620846,nan,nan
1702290620847,nan,nan
1702290620849,nan,nan
1702290620862,nan,nan
1702290620871,nan,nan
1702290620883,nan,nan
1702290620893,nan,nan
1702290620904,nan,nan
1702290620916,nan,nan
1702290620926,nan,nan
1702290620938,nan,nan
1702290620979,nan,nan
1702290620980,nan,nan
1702290620983,nan,nan
1702290620995,nan,nan
1702290621005,nan,nan
1702290621016,nan,nan
1702290621026,nan,nan
1702290621038,nan,nan
1702290621049,nan,nan
1702290621060,nan,nan
1702290621071,nan,nan
1702290621083,nan,nan
1702290621093,nan,nan
1702290621130,nan,nan
1702290621138,nan,nan
1702290621150,nan,nan
1702290621162,nan,nan
1702290621171,nan,nan
1702290621183,nan,nan
1702290621193,nan,nan
1702290621205,nan,nan
1702290621216,nan,nan
1702290621226,nan,nan
1702290621265,nan,nan
1702290621266,nan,nan
1702290621271,nan,nan
1702290621283,nan,nan
1702290621294,nan,nan
1702290621305,nan,nan
1702290621316,nan,nan
1702290621326,nan,nan
1702290621338,nan,nan
1702290621349,nan,nan
1702290621360,nan,nan
1702290621371,nan,nan
1702290621383,nan,nan
1702290621413,nan,nan
1702290621414,nan,nan
1702290621416,nan,nan
1702290621429,nan,nan
1702290621437,nan,nan
1702290621449,nan,nan
1702290621459,nan,nan
1702290621471,nan,nan
1702290621482,nan,nan
1702290621493,nan,nan
1702290621504,nan,nan
1702290621516,nan,nan
1702290621546,nan,nan
1702290621547,nan,nan
1702290621549,nan,nan
1702290621561,nan,nan
1702290621571,nan,nan
1702290621582,nan,nan
1702290621593,nan,nan
1702290621604,nan,nan
1702290621616,nan,nan
1702290621626,nan,nan
1702290621638,nan,nan
1702290621650,nan,nan
1702290621681,nan,nan
1702290621683,nan,nan
1702290621698,nan,nan
1702290621705,nan,nan
1702290621716,nan,nan
1702290621726,nan,nan
1702290621738,nan,nan
1702290621749,nan,nan
1702290621760,nan,nan
1702290621772,nan,nan
1702290621783,nan,nan
1702290621815,nan,nan
1702290621816,nan,nan
1702290621830,nan,nan
1702290621839,nan,nan
1702290621849,nan,nan
1702290621859,nan,nan
1702290621872,nan,nan
1702290621889,nan,nan
1702290621905,nan,nan
1702290621915,nan,nan
1702290621926,nan,nan
1702290621966,nan,nan
1702290621967,nan,nan
1702290621971,nan,nan
1702290621982,nan,nan
1702290621999,nan,nan
1702290622019,nan,nan
1702290622035,nan,nan
1702290622051,nan,nan
1702290622062,nan,nan
1702290622073,nan,nan
1702290622114,nan,nan
1702290622119,1231.361961364746,997.9097700119019
1702290622130,1227.9244995117188,991.0643434524536
1702290622144,1226.4441299438477,983.7210559844971
1702290622153,1232.1532440185547,976.8511247634888
1702290622163,1228.2913208007812,953.2473421096802
1702290622175,1221.4650344848633,943.0521154403687
1702290622186,1225.8274841308594,939.4537496566772
1702290622197,1228.695411682129,923.5069227218628
1702290622208,1224.8615646362305,924.1491508483887
1702290622220,1225.1023483276367,918.6672735214233
1702290622255,1223.259048461914,918.8663148880005
1702290622256,1220.9889221191406,914.7800445556641
1702290622264,1222.1762466430664,905.9911966323853
1702290622277,1220.522575378418,905.5404996871948
1702290622286,1218.2075119018555,901.4684772491455
1702290622297,1224.5714569091797,900.7435512542725
1702290622308,1224.3981170654297,898.7830495834351
1702290622320,1228.4385299682617,898.8774633407593
1702290622330,1225.0748443603516,891.1480236053467
1702290622342,1225.1501083374023,892.7827978134155
1702290622353,1227.3877716064453,889.2447710037231
1702290622364,1226.968765258789,883.2817268371582
1702290622383,1224.247703552246,883.4738159179688
1702290622403,1221.87255859375,884.4870901107788
1702290622404,1219.618797302246,891.5695381164551
1702290622409,1221.8865966796875,888.5532760620117
1702290622421,1222.1608352661133,887.4579477310181
1702290622431,1221.8510818481445,883.4151077270508
1702290622442,1219.3413162231445,884.576096534729
1702290622453,1220.945816040039,881.0901689529419
1702290622464,1219.9370956420898,881.7081499099731
1702290622475,1216.7386627197266,881.7054033279419
1702290622487,1216.3588333129883,881.7082786560059
1702290622497,1215.333137512207,878.0981111526489
1702290622533,1216.5557098388672,875.727596282959
1702290622534,1179.5882034301758,853.9511919021606
1702290622540,1002.9498291015625,761.9779872894287
1702290622552,704.0631103515625,622.9042053222656
1702290622564,627.6529884338379,593.0494809150696
1702290622574,629.9082946777344,588.5472750663757
1702290622586,629.3750190734863,582.4674582481384
1702290622597,635.15869140625,581.2020134925842
1702290622608,637.5514221191406,585.5746793746948
1702290622619,641.8744659423828,584.4037342071533
1702290622630,637.5775909423828,575.9399700164795
1702290622642,634.3496704101562,573.3333992958069
1702290622663,632.6980209350586,579.6989679336548
1702290622683,632.7645874023438,577.2501754760742
1702290622686,629.8051071166992,571.2998557090759
1702290622700,626.5064811706543,573.0323696136475
1702290622708,630.3283500671387,574.367573261261
1702290622720,628.7841415405273,568.1031131744385
1702290622730,631.2996482849121,573.5041165351868
1702290622742,632.205696105957,575.7338047027588
1702290622753,694.9005889892578,618.4078359603882
1702290622764,911.6509246826172,732.2709131240845
1702290622775,1046.377296447754,799.959397315979
1702290622816,1127.2462463378906,831.8240833282471
1702290622817,1177.6726150512695,854.0546178817749
1702290622819,1178.2196426391602,860.6966257095337
1702290622831,1169.7949981689453,853.5465002059937
1702290622842,1169.7981262207031,854.5425653457642
1702290622853,1172.0418548583984,849.7547578811646
1702290622864,1176.303596496582,855.071496963501
1702290622875,1175.9303665161133,852.6756191253662
1702290622885,1174.856300354004,851.2418174743652
1702290622896,1171.848373413086,848.8821172714233
1702290622908,1169.0719604492188,847.8790140151978
1702290622919,1168.4893035888672,845.6458711624146
1702290622951,1171.2615966796875,840.0046491622925
1702290622952,1177.431869506836,844.9686241149902
1702290622968,1177.1810150146484,849.033350944519
1702290622974,1172.8614807128906,850.0495433807373
1702290622986,1150.4190063476562,835.1539707183838
1702290622997,1040.0614547729492,737.8136873245239
1702290623007,987.7824783325195,699.2106699943542
1702290623018,879.2299270629883,625.2417397499084
1702290623030,569.3427085876465,497.6630902290344
1702290623041,578.6183547973633,489.38220977783203
1702290623052,573.2725524902344,484.72007989883423
1702290623083,576.9283676147461,482.5603222846985
1702290623085,581.1135864257812,488.37101697921753
1702290623099,583.3709144592285,484.7290277481079
1702290623108,576.7791175842285,483.7500214576721
1702290623118,572.0203399658203,479.7208070755005
1702290623130,570.9686660766602,478.000910282135
1702290623141,570.9684562683105,475.7139730453491
1702290623152,570.7865905761719,476.37192964553833
1702290623163,564.3657112121582,471.88255548477173
1702290623175,564.6019172668457,464.43629264831543
1702290623185,566.490421295166,463.92289638519287
1702290623197,569.1161727905273,464.6101641654968
1702290623234,571.0684204101562,468.9809203147888
1702290623235,573.4647941589355,464.9855875968933
1702290623242,559.7999572753906,449.85713481903076
1702290623252,561.368236541748,459.2583203315735
1702290623265,615.2030754089355,473.84365797042847
1702290623273,708.5285377502441,509.0326952934265
1702290623284,830.4229736328125,541.2655735015869
1702290623295,nan,nan
1702290623306,nan,nan
1702290623316,nan,nan
1702290623327,nan,nan
1702290623365,nan,nan
1702290623366,nan,nan
1702290623371,nan,nan
1702290623382,nan,nan
1702290623395,nan,nan
1702290623405,nan,nan
1702290623416,nan,nan
1702290623426,nan,nan
1702290623438,nan,nan
1702290623449,nan,nan
1702290623460,nan,nan
1702290623471,nan,nan
1702290623482,nan,nan
1702290623515,nan,nan
1702290623516,nan,nan
1702290623532,nan,nan
1702290623538,nan,nan
1702290623550,nan,nan
1702290623560,nan,nan
1702290623571,nan,nan
1702290623582,nan,nan
1702290623594,nan,nan
1702290623605,nan,nan
1702290623616,nan,nan
1702290623649,nan,nan
1702290623650,nan,nan
1702290623664,nan,nan
1702290623672,nan,nan
1702290623683,nan,nan
1702290623693,nan,nan
1702290623704,nan,nan
1702290623715,nan,nan
1702290623726,nan,nan
1702290623737,nan,nan
1702290623748,nan,nan
1702290623760,nan,nan
1702290623799,nan,nan
1702290623800,nan,nan
1702290623804,nan,nan
1702290623815,nan,nan
1702290623827,nan,nan
1702290623838,nan,nan
1702290623849,nan,nan
1702290623860,nan,nan
1702290623871,nan,nan
1702290623882,nan,nan
1702290623893,nan,nan
1702290623933,nan,nan
1702290623934,nan,nan
1702290623938,nan,nan
1702290623950,nan,nan
1702290623959,nan,nan
1702290623977,nan,nan
1702290623995,nan,nan
1702290624007,nan,nan
1702290624026,nan,nan
1702290624069,nan,nan
1702290624070,nan,nan
1702290624073,nan,nan
1702290624086,nan,nan
1702290624095,nan,nan
1702290624106,nan,nan
1702290624116,nan,nan
1702290624134,nan,nan
1702290624155,nan,nan
1702290624164,nan,nan
1702290624176,nan,nan
1702290624216,nan,nan
1702290624221,nan,nan
1702290624232,nan,nan
1702290624244,nan,nan
1702290624255,nan,nan
1702290624266,nan,nan
1702290624277,nan,nan
1702290624287,nan,nan
1702290624306,nan,nan
1702290624324,nan,nan
1702290624335,nan,nan
1702290624367,nan,nan
1702290624382,nan,nan
1702290624391,1387.3139953613281,474.4339370727539
1702290624403,1387.3139953613281,474.4339370727539
1702290624414,1387.3139953613281,474.4339370727539
1702290624425,nan,nan
1702290624436,nan,nan
1702290624448,nan,nan
1702290624458,nan,nan
1702290624500,1170.2375030517578,536.5326547622681
1702290624504,1253.4916687011719,525.4674911499023
1702290624515,1177.5763702392578,528.3607578277588
1702290624528,1172.5843811035156,541.4092111587524
1702290624537,1178.3048248291016,548.1562328338623
1702290624548,1186.53076171875,544.6542978286743
1702290624559,1186.2368774414062,562.5256204605103
1702290624570,1192.186050415039,573.4553003311157
1702290624582,1195.363998413086,588.2314825057983
1702290624592,1186.8196105957031,598.164496421814
1702290624604,1182.5150299072266,610.4800844192505
1702290624615,1204.9990844726562,618.6193227767944
1702290624650,1239.2318725585938,621.5102291107178
1702290624651,1295.74951171875,642.5230407714844
1702290624666,1285.6378173828125,653.3374071121216
1702290624671,1285.4545593261719,668.3277797698975
1702290624683,1289.3487548828125,667.2044706344604
1702290624692,1284.7784423828125,674.4834280014038
1702290624703,1290.6846618652344,677.9564380645752
1702290624714,1297.0655822753906,689.0850305557251
1702290624725,1296.2406921386719,701.62184715271
1702290624736,1301.3499450683594,712.883563041687
1702290624748,1304.9720764160156,717.6524019241333
1702290624784,1302.0097351074219,727.6937770843506
1702290624785,1302.3832702636719,733.0347633361816
1702290624792,1294.1410827636719,737.281494140625
1702290624803,1290.7794189453125,748.7008380889893
1702290624815,1299.2098999023438,764.4819259643555
1702290624824,1273.2778930664062,766.6615104675293
1702290624835,1239.0702056884766,774.0990829467773
1702290624846,nan,nan
1702290624858,nan,nan
1702290624868,nan,nan
1702290624880,nan,nan
1702290624917,nan,nan
1702290624918,nan,nan
1702290624933,nan,nan
1702290624951,nan,nan
1702290624962,nan,nan
1702290624972,nan,nan
1702290624983,nan,nan
1702290624995,nan,nan
1702290625005,nan,nan
1702290625017,nan,nan
1702290625028,nan,nan
1702290625048,nan,nan
1702290625068,nan,nan
1702290625069,nan,nan
1702290625071,nan,nan
1702290625084,nan,nan
1702290625094,nan,nan
1702290625104,nan,nan
1702290625115,nan,nan
1702290625127,nan,nan
1702290625137,nan,nan
1702290625149,nan,nan
1702290625160,nan,nan
1702290625171,nan,nan
1702290625193,nan,nan
1702290625201,nan,nan
1702290625225,nan,nan
1702290625227,nan,nan
1702290625241,nan,nan
1702290625249,nan,nan
1702290625261,nan,nan
1702290625271,nan,nan
1702290625282,nan,nan
1702290625294,nan,nan
1702290625304,nan,nan
1702290625316,nan,nan
1702290625327,nan,nan
1702290625369,nan,nan
1702290625371,nan,nan
1702290625384,nan,nan
1702290625394,nan,nan
1702290625405,nan,nan
1702290625416,nan,nan
1702290625427,nan,nan
1702290625438,nan,nan
1702290625448,nan,nan
1702290625460,nan,nan
1702290625470,nan,nan
1702290625482,nan,nan
1702290625517,nan,nan
1702290625518,nan,nan
1702290625533,nan,nan
1702290625537,nan,nan
1702290625548,nan,nan
1702290625560,nan,nan
1702290625571,nan,nan
1702290625582,nan,nan
1702290625593,nan,nan
1702290625604,nan,nan
1702290625615,nan,nan
1702290625651,nan,nan
1702290625660,nan,nan
1702290625671,nan,nan
1702290625683,nan,nan
1702290625693,nan,nan
1702290625704,nan,nan
1702290625715,nan,nan
1702290625727,nan,nan
1702290625737,nan,nan
1702290625749,nan,nan
1702290625760,nan,nan
1702290625771,nan,nan
1702290625803,nan,nan
1702290625804,nan,nan
1702290625820,nan,nan
1702290625826,nan,nan
1702290625838,nan,nan
1702290625849,nan,nan
1702290625867,nan,nan
1702290625882,nan,nan
1702290625893,nan,nan
1702290625904,nan,nan
1702290625916,nan,nan
1702290625951,nan,nan
1702290625959,nan,nan
1702290625978,nan,nan
1702290625996,nan,nan
1702290626006,nan,nan
1702290626017,nan,nan
1702290626029,nan,nan
1702290626040,nan,nan
1702290626051,nan,nan
1702290626084,nan,nan
1702290626101,nan,nan
1702290626106,nan,nan
1702290626119,nan,nan
1702290626128,nan,nan
1702290626139,nan,nan
1702290626150,nan,nan
1702290626162,nan,nan
1702290626172,nan,nan
1702290626183,nan,nan
1702290626195,nan,nan
1702290626235,nan,nan
1702290626236,nan,nan
1702290626239,nan,nan
1702290626250,nan,nan
1702290626264,nan,nan
1702290626272,nan,nan
1702290626284,nan,nan
1702290626295,nan,nan
1702290626306,nan,nan
1702290626317,nan,nan
1702290626329,nan,nan
1702290626339,nan,nan
1702290626351,nan,nan
1702290626385,nan,nan
1702290626401,nan,nan
1702290626406,nan,nan
1702290626419,nan,nan
1702290626429,nan,nan
1702290626439,nan,nan
1702290626450,nan,nan
1702290626461,nan,nan
1702290626472,nan,nan
1702290626483,nan,nan
1702290626520,nan,nan
1702290626534,nan,nan
1702290626538,nan,nan
1702290626552,nan,nan
1702290626562,nan,nan
1702290626572,nan,nan
1702290626583,nan,nan
1702290626595,nan,nan
1702290626606,nan,nan
1702290626617,nan,nan
1702290626651,nan,nan
1702290626652,nan,nan
1702290626666,nan,nan
1702290626672,nan,nan
1702290626684,nan,nan
1702290626695,nan,nan
1702290626706,nan,nan
1702290626717,nan,nan
1702290626728,nan,nan
1702290626739,nan,nan
1702290626750,nan,nan
1702290626784,nan,nan
1702290626785,nan,nan
1702290626800,nan,nan
1702290626806,nan,nan
1702290626818,nan,nan
1702290626829,nan,nan
1702290626839,nan,nan
1702290626851,nan,nan
1702290626862,nan,nan
1702290626872,nan,nan
1702290626885,nan,nan
1702290626919,nan,nan
1702290626925,nan,nan
1702290626942,nan,nan
1702290626953,nan,nan
1702290626963,nan,nan
1702290626974,nan,nan
1702290626984,nan,nan
1702290626995,nan,nan
1702290627006,nan,nan
1702290627017,nan,nan
1702290627034,nan,nan
1702290627069,nan,nan
1702290627074,nan,nan
1702290627088,nan,nan
1702290627100,588.387279510498,740.3714847564697
1702290627110,616.263427734375,741.2067031860352
1702290627122,661.533088684082,741.7610836029053
1702290627133,658.0205154418945,735.379056930542
1702290627145,639.0335845947266,705.9537434577942
1702290627156,646.6670799255371,706.2440657615662
1702290627167,645.6208229064941,704.7878408432007
1702290627178,638.070182800293,699.8280930519104
1702290627189,635.8216285705566,692.6932454109192
1702290627223,636.5552711486816,680.9135413169861
1702290627239,629.0011596679688,668.8790917396545
1702290627245,619.2704772949219,663.5423755645752
1702290627256,616.1826515197754,653.2137894630432
1702290627267,615.2398490905762,649.3493270874023
1702290627278,608.8578796386719,636.3735294342041
1702290627289,604.2168426513672,639.0492796897888
1702290627300,605.8492088317871,636.2313079833984
1702290627311,607.6057052612305,641.0868573188782
1702290627323,609.5685005187988,639.4771242141724
1702290627334,601.462287902832,640.8384203910828
1702290627369,600.2637672424316,639.6319627761841
1702290627370,600.5597305297852,636.1088061332703
1702290627384,595.3983116149902,622.3546743392944
1702290627389,641.5303039550781,643.5862255096436
1702290627401,763.814582824707,693.0974221229553
1702290627410,1107.7896118164062,819.361982345581
1702290627422,1207.8326416015625,847.1827554702759
1702290627433,1244.2315673828125,847.8229665756226
1702290627444,1227.9326629638672,839.6313285827637
1702290627455,1237.4099731445312,848.4993982315063
1702290627467,1243.7884902954102,851.7398500442505
1702290627502,1250.112190246582,860.8349847793579
1702290627517,1253.475456237793,851.0774087905884
1702290627522,1254.364891052246,849.5591926574707
1702290627534,1251.7819595336914,847.7646017074585
1702290627544,1241.5218353271484,842.7816152572632
1702290627555,1240.9416198730469,840.5359840393066
1702290627566,1242.1454620361328,844.5372819900513
1702290627577,1251.5740585327148,850.8284997940063
1702290627589,1249.785499572754,848.6498594284058
1702290627600,1253.3242416381836,846.1283254623413
1702290627636,1247.2563934326172,836.4327192306519
1702290627637,1244.1990280151367,836.7762136459351
1702290627644,1246.0806274414062,835.9664869308472
1702290627655,1247.4810791015625,834.8356246948242
1702290627666,1248.4218978881836,842.2791194915771
1702290627678,1246.1848449707031,832.9332733154297
1702290627689,1248.8004684448242,832.2713470458984
1702290627700,1249.8047637939453,832.4933481216431
1702290627711,1246.9651412963867,837.022590637207
1702290627722,1235.8757781982422,834.2685413360596
1702290627733,1236.8050003051758,832.8432369232178
1702290627745,1229.0113830566406,826.7754364013672
1702290627755,1233.2898712158203,836.7390489578247
1702290627787,1231.5790176391602,837.0835733413696
1702290627804,nan,nan
1702290627808,nan,nan
1702290627820,nan,nan
1702290627830,nan,nan
1702290627842,nan,nan
1702290627852,nan,nan
1702290627863,nan,nan
1702290627874,nan,nan
1702290627885,nan,nan
1702290627921,nan,nan
1702290627922,nan,nan
1702290627937,nan,nan
1702290627941,nan,nan
1702290627954,nan,nan
1702290627963,nan,nan
1702290627974,nan,nan
1702290627985,nan,nan
1702290627997,nan,nan
1702290628008,nan,nan
1702290628019,nan,nan
1702290628054,nan,nan
1702290628055,nan,nan
1702290628063,nan,nan
1702290628074,nan,nan
1702290628087,nan,nan
1702290628097,nan,nan
1702290628108,nan,nan
1702290628119,nan,nan
1702290628130,nan,nan
1702290628140,nan,nan
1702290628151,nan,nan
1702290628163,nan,nan
1702290628184,nan,nan
1702290628204,nan,nan
1702290628205,nan,nan
1702290628207,nan,nan
1702290628221,nan,nan
1702290628229,nan,nan
1702290628240,nan,nan
1702290628252,nan,nan
1702290628263,nan,nan
1702290628274,nan,nan
1702290628285,nan,nan
1702290628296,nan,nan
1702290628336,nan,nan
1702290628337,nan,nan
1702290628340,nan,nan
1702290628352,nan,nan
1702290628363,nan,nan
1702290628374,nan,nan
1702290628385,nan,nan
1702290628396,nan,nan
1702290628407,nan,nan
1702290628417,nan,nan
1702290628437,nan,nan
1702290628466,nan,nan
1702290628487,nan,nan
1702290628490,nan,nan
1702290628509,nan,nan
1702290628521,nan,nan
1702290628532,nan,nan
1702290628543,nan,nan
1702290628555,nan,nan
1702290628566,nan,nan
1702290628577,nan,nan
1702290628588,nan,nan
1702290628621,nan,nan
1702290628622,nan,nan
1702290628638,nan,nan
1702290628646,nan,nan
1702290628658,nan,nan
1702290628678,nan,nan
1702290628692,nan,nan
1702290628703,nan,nan
1702290628714,nan,nan
1702290628725,nan,nan
1702290628737,nan,nan
1702290628771,nan,nan
1702290628772,nan,nan
1702290628788,nan,nan
1702290628807,nan,nan
1702290628817,nan,nan
1702290628828,nan,nan
1702290628847,nan,nan
1702290628862,nan,nan
1702290628873,nan,nan
1702290628905,nan,nan
1702290628906,nan,nan
1702290628919,nan,nan
1702290628928,nan,nan
1702290628940,nan,nan
1702290628950,nan,nan
1702290628968,nan,nan
1702290628987,nan,nan
1702290628999,nan,nan
1702290629017,nan,nan
1702290629054,nan,nan
1702290629055,nan,nan
1702290629071,nan,nan
1702290629077,nan,nan
1702290629088,nan,nan
1702290629099,nan,nan
1702290629108,nan,nan
1702290629125,nan,nan
1702290629146,nan,nan
1702290629156,nan,nan
1702290629188,nan,nan
1702290629189,nan,nan
1702290629204,nan,nan
1702290629212,nan,nan
1702290629223,nan,nan
1702290629234,nan,nan
1702290629246,nan,nan
1702290629256,nan,nan
1702290629268,nan,nan
1702290629279,nan,nan
1702290629289,nan,nan
1702290629301,nan,nan
1702290629338,nan,nan
1702290629346,nan,nan
1702290629356,nan,nan
1702290629369,nan,nan
1702290629379,nan,nan
1702290629390,nan,nan
1702290629402,nan,nan
1702290629412,nan,nan
1702290629423,nan,nan
1702290629435,nan,nan
1702290629474,nan,nan
1702290629475,nan,nan
1702290629479,nan,nan
1702290629490,nan,nan
1702290629504,nan,nan
1702290629512,nan,nan
1702290629522,nan,nan
1702290629535,nan,nan
1702290629545,nan,nan
1702290629556,nan,nan
1702290629568,nan,nan
1702290629579,nan,nan
1702290629590,nan,nan
1702290629622,nan,nan
1702290629623,nan,nan
1702290629639,nan,nan
1702290629646,nan,nan
1702290629657,nan,nan
1702290629667,nan,nan
1702290629679,nan,nan
1702290629689,nan,nan
1702290629701,nan,nan
1702290629712,nan,nan
1702290629722,nan,nan
1702290629756,nan,nan
1702290629757,nan,nan
1702290629773,nan,nan
1702290629779,nan,nan
1702290629790,nan,nan
1702290629801,nan,nan
1702290629812,nan,nan
1702290629822,nan,nan
1702290629834,nan,nan
1702290629845,nan,nan
1702290629856,nan,nan
1702290629888,nan,nan
1702290629889,nan,nan
1702290629906,nan,nan
1702290629912,nan,nan
1702290629923,nan,nan
1702290629933,nan,nan
1702290629946,nan,nan
1702290629955,nan,nan
1702290629967,nan,nan
1702290629978,nan,nan
1702290629988,nan,nan
1702290630000,nan,nan
1702290630020,nan,nan
1702290630039,nan,nan
1702290630040,nan,nan
1702290630045,nan,nan
1702290630056,nan,nan
1702290630067,nan,nan
1702290630078,nan,nan
1702290630088,nan,nan
1702290630100,nan,nan
1702290630112,nan,nan
1702290630122,nan,nan
1702290630134,nan,nan
1702290630175,nan,nan
1702290630176,nan,nan
1702290630179,nan,nan
1702290630189,nan,nan
1702290630200,nan,nan
1702290630211,nan,nan
1702290630222,nan,nan
1702290630233,nan,nan
1702290630245,nan,nan
1702290630255,nan,nan
1702290630266,nan,nan
1702290630278,nan,nan
1702290630288,nan,nan
1702290630321,nan,nan
1702290630322,nan,nan
1702290630337,nan,nan
1702290630345,nan,nan
1702290630356,nan,nan
1702290630367,nan,nan
1702290630378,nan,nan
1702290630388,nan,nan
1702290630400,nan,nan
1702290630412,nan,nan
1702290630422,nan,nan
1702290630455,nan,nan
1702290630456,nan,nan
1702290630472,nan,nan
1702290630478,nan,nan
1702290630489,nan,nan
1702290630500,nan,nan
1702290630512,nan,nan
1702290630522,nan,nan
1702290630533,nan,nan
1702290630545,nan,nan
1702290630555,nan,nan
1702290630589,nan,nan
1702290630590,nan,nan
1702290630607,nan,nan
1702290630612,nan,nan
1702290630623,nan,nan
1702290630633,nan,nan
1702290630645,nan,nan
1702290630655,nan,nan
1702290630666,nan,nan
1702290630677,nan,nan
1702290630688,nan,nan
1702290630699,nan,nan
1702290630739,nan,nan
1702290630740,nan,nan
1702290630745,nan,nan
1702290630756,nan,nan
1702290630766,nan,nan
1702290630778,nan,nan
1702290630788,nan,nan
1702290630799,nan,nan
1702290630811,nan,nan
1702290630821,nan,nan
1702290630833,nan,nan
1702290630872,nan,nan
1702290630878,nan,nan
1702290630888,nan,nan
1702290630900,nan,nan
1702290630911,nan,nan
1702290630921,nan,nan
1702290630933,nan,nan
1702290630944,nan,nan
1702290630955,nan,nan
1702290630966,nan,nan
1702290631007,nan,nan
1702290631011,nan,nan
1702290631024,nan,nan
1702290631033,nan,nan
1702290631044,nan,nan
1702290631055,nan,nan
1702290631066,nan,nan
1702290631078,nan,nan
1702290631088,nan,nan
1702290631100,nan,nan
1702290631139,nan,nan
1702290631140,nan,nan
1702290631144,nan,nan
1702290631156,nan,nan
1702290631167,nan,nan
1702290631178,nan,nan
1702290631188,nan,nan
1702290631200,nan,nan
1702290631212,nan,nan
1702290631222,nan,nan
1702290631234,nan,nan
1702290631273,nan,nan
1702290631274,nan,nan
1702290631277,nan,nan
1702290631289,nan,nan
1702290631302,nan,nan
1702290631311,nan,nan
1702290631321,nan,nan
1702290631333,nan,nan
1702290631351,nan,nan
1702290631366,nan,nan
1702290631407,nan,nan
1702290631408,nan,nan
1702290631433,nan,nan
1702290631444,nan,nan
1702290631455,nan,nan
