timestamp,x,y
1702657397388,1229.4330596923828,1409.1601753234863
1702657397400,1229.9372100830078,1412.7843761444092
1702657397432,1230.6399536132812,1417.0437669754028
1702657397433,1230.1744842529297,1417.1769762039185
1702657397447,1229.016990661621,1415.7988786697388
1702657397455,1229.9328231811523,1417.1406698226929
1702657397467,1234.2716598510742,1420.6689977645874
1702657397477,1232.0627212524414,1422.7111673355103
1702657397488,1231.730079650879,1420.4666090011597
1702657397500,1232.3051071166992,1422.7130126953125
1702657397511,1237.6704406738281,1423.1692457199097
1702657397522,1249.3763732910156,1436.4516735076904
1702657397533,nan,nan
1702657397577,nan,nan
1702657397578,nan,nan
1702657397591,1255.897445678711,1421.6635608673096
1702657397600,1208.0088806152344,1344.7695207595825
1702657397611,1178.2112503051758,1291.5067291259766
1702657397623,1025.0517272949219,980.1413154602051
1702657397634,1002.5353622436523,948.7514019012451
1702657397643,1007.0139694213867,942.9483461380005
1702657397655,1003.1018447875977,938.1695079803467
1702657397666,1001.3953399658203,932.3251676559448
1702657397677,996.0903167724609,938.1404972076416
1702657397688,997.5174331665039,940.4175424575806
1702657397730,1004.4365692138672,949.1855335235596
1702657397733,1001.7773056030273,934.7519874572754
1702657397746,1003.6064529418945,934.1770505905151
1702657397755,977.7974319458008,934.0752553939819
1702657397766,939.6970367431641,894.053521156311
1702657397777,855.2516555786133,763.2564783096313
1702657397788,606.3272094726562,322.33464002609253
1702657397799,577.1167755126953,276.05064511299133
1702657397810,554.4050788879395,243.5748553276062
1702657397822,529.317741394043,237.15632915496826
1702657397833,524.7221374511719,232.76472687721252
1702657397844,525.0469589233398,230.5198895931244
1702657397879,528.3379745483398,235.25405287742615
1702657397880,528.2817649841309,232.25509643554688
1702657397890,526.9541168212891,229.04832243919373
1702657397899,527.8148078918457,228.06207418441772
1702657397910,527.3897171020508,235.56910514831543
1702657397924,514.6652984619141,229.04102683067322
1702657397932,498.98365020751953,225.99218130111694
1702657397943,447.4721145629883,195.8141005039215
1702657397955,323.9395809173584,158.44104766845703
1702657397966,315.8195495605469,153.41430366039276
1702657397977,319.2560291290283,156.21735155582428
1702657397988,310.388765335083,149.18817222118378
1702657397999,311.7038059234619,153.8589870929718
1702657398011,310.7199001312256,154.11982119083405
1702657398021,311.3083267211914,156.02814316749573
1702657398053,311.9196891784668,156.99485957622528
1702657398054,313.5743808746338,162.14450776576996
1702657398055,322.29991912841797,160.84143161773682
1702657398073,321.88136100769043,160.17104029655457
1702657398077,318.35597038269043,161.11485600471497
1702657398088,318.64338874816895,159.79190468788147
1702657398099,331.9029998779297,158.0329978466034
1702657398111,389.0238571166992,153.61794233322144
1702657398122,595.091724395752,161.76668643951416
1702657398132,651.2726402282715,153.86723220348358
1702657398143,661.3137817382812,145.8072316646576
1702657398154,654.6711349487305,140.82112848758698
1702657398165,656.4653778076172,143.18177819252014
1702657398177,660.7900619506836,144.87015902996063
1702657398212,657.6366424560547,142.48881876468658
1702657398213,659.2229461669922,135.72120308876038
1702657398231,657.3023986816406,136.18182957172394
1702657398233,653.864860534668,138.25979053974152
1702657398244,648.6852645874023,133.05620849132538
1702657398255,659.2262649536133,147.28265583515167
1702657398266,667.3590850830078,151.4969104528427
1702657398277,684.324836730957,151.49797797203064
1702657398288,820.4643249511719,133.731529712677
1702657398300,884.5808029174805,136.07634365558624
1702657398310,934.2555999755859,135.41311383247375
1702657398344,956.8175888061523,124.23514187335968
1702657398345,960.6694412231445,122.82467544078827
1702657398361,969.7435760498047,124.19703841209412
1702657398366,969.7334671020508,128.59867751598358
1702657398379,971.0046768188477,118.39132189750671
1702657398388,991.7188262939453,123.83657097816467
1702657398398,1051.1114120483398,124.60024416446686
1702657398410,1155.3234481811523,127.66397595405579
1702657398421,1406.2409973144531,112.93363809585571
1702657398432,1446.6194152832031,109.85079288482666
1702657398443,1448.2682037353516,103.82571458816528
1702657398454,1443.2660675048828,104.63837027549744
1702657398466,1450.2247619628906,103.50459516048431
1702657398504,1443.7995147705078,103.23518335819244
1702657398505,1446.5966033935547,111.31035178899765
1702657398510,1452.225570678711,111.00657284259796
1702657398521,1443.7429809570312,109.29605305194855
1702657398532,1438.900375366211,110.92310786247253
1702657398543,1439.1572570800781,111.49583458900452
1702657398555,1447.2679138183594,117.50608026981354
1702657398565,1447.6597595214844,118.40669095516205
1702657398577,1445.8280944824219,121.8161004781723
1702657398588,1458.2402038574219,123.07664215564728
1702657398599,1494.9996948242188,128.69740962982178
1702657398610,1536.3702392578125,128.01149368286133
1702657398627,1600.4730224609375,133.96364271640778
1702657398650,1595.8660888671875,134.4135993719101
1702657398651,1592.3307800292969,138.5146540403366
1702657398655,1597.210464477539,135.88765561580658
1702657398667,1599.480972290039,139.66144323349
1702657398678,1600.2825164794922,140.8876097202301
1702657398688,1609.1998291015625,140.73854327201843
1702657398699,1611.3801574707031,141.0454899072647
1702657398710,1610.5326080322266,142.79675245285034
1702657398721,1606.4322662353516,143.51556837558746
1702657398731,1600.241470336914,141.01905941963196
1702657398743,1596.7176055908203,146.30674481391907
1702657398754,1594.4617462158203,144.40609395503998
1702657398765,1596.7235565185547,144.25168991088867
1702657398776,1593.3702087402344,146.47232830524445
1702657398816,1588.264389038086,160.4612821340561
1702657398817,1587.857437133789,163.83061945438385
1702657398821,1594.8466491699219,158.9677369594574
1702657398834,1588.008041381836,163.35086345672607
1702657398843,1525.4393005371094,181.57218754291534
1702657398855,1227.380599975586,199.72302317619324
1702657398865,1133.2012557983398,205.95061898231506
1702657398876,1015.303955078125,202.88034796714783
1702657398888,461.83496475219727,310.8194661140442
1702657398898,449.24861907958984,288.45275044441223
1702657398909,427.4581718444824,281.1674630641937
1702657398920,425.47569274902344,278.8786053657532
1702657398932,421.84343338012695,276.1788010597229
1702657398943,424.5664596557617,289.23423886299133
1702657398968,436.1263847351074,281.51288866996765
1702657398993,440.6955909729004,283.8637053966522
1702657398994,435.8367919921875,272.98789501190186
1702657398998,424.68563079833984,281.5787208080292
1702657399012,421.0989189147949,286.75607085227966
1702657399021,417.93094635009766,295.8178496360779
1702657399033,426.0258674621582,308.89272809028625
1702657399043,432.4256134033203,313.01827669143677
1702657399054,438.7824821472168,303.48204731941223
1702657399065,436.1147880554199,297.50954031944275
1702657399076,437.782039642334,293.89628291130066
1702657399087,429.6055030822754,280.08297085762024
1702657399098,440.3883361816406,278.5205090045929
1702657399110,510.4536247253418,272.17205286026
1702657399121,703.3820343017578,258.72673988342285
1702657399168,777.1878814697266,258.16062211990356
1702657399169,823.1327819824219,260.12171387672424
1702657399176,821.9965744018555,269.18800950050354
1702657399187,829.8159408569336,270.08299827575684
1702657399198,832.2654724121094,271.38448119163513
1702657399209,839.1567993164062,266.2420964241028
1702657399220,835.3533554077148,266.8835520744324
1702657399231,834.1898727416992,269.01394486427307
1702657399243,835.9599685668945,267.11464047431946
1702657399253,833.5491180419922,259.3607711791992
1702657399264,831.9485092163086,252.03394174575806
1702657399276,827.3666000366211,251.01195573806763
1702657399287,911.5041351318359,256.7918372154236
1702657399298,978.4008407592773,264.70741152763367
1702657399333,1048.583755493164,260.857754945755
1702657399334,1189.2080307006836,250.06517887115479
1702657399351,1200.6533432006836,237.62969613075256
1702657399353,1228.3439636230469,233.06712985038757
1702657399366,1227.321891784668,231.55746459960938
1702657399376,1228.1455993652344,231.85344099998474
1702657399387,1227.593994140625,229.9785876274109
1702657399398,1228.558235168457,240.95844626426697
1702657399409,1229.5351028442383,237.16205835342407
1702657399420,1232.1745300292969,223.6657726764679
1702657399432,1232.3178482055664,222.7652370929718
1702657399443,1234.1486358642578,223.53790640830994
1702657399463,1324.72900390625,245.3641140460968
1702657399488,1384.8399353027344,252.665913105011
1702657399490,1434.264907836914,259.18501138687134
1702657399498,1480.540542602539,256.1354684829712
1702657399514,1479.54833984375,255.62634229660034
1702657399520,1492.1887969970703,262.6730740070343
1702657399531,1489.0751647949219,269.9024212360382
1702657399542,1488.2012939453125,286.1708986759186
1702657399554,1447.175064086914,452.5196886062622
1702657399565,1436.9733428955078,548.0599737167358
1702657399576,1430.0204467773438,655.062882900238
1702657399587,1416.9631958007812,761.661229133606
1702657399598,1422.6355743408203,768.3880376815796
1702657399609,1419.4084930419922,765.9725904464722
1702657399651,1419.803466796875,780.5144548416138
1702657399652,1415.6550598144531,777.9094076156616
1702657399653,1417.2663116455078,786.4533805847168
1702657399667,1417.206802368164,788.1459617614746
1702657399675,1423.8972473144531,786.7015171051025
1702657399687,1434.2261505126953,792.403678894043
1702657399698,1435.2413177490234,787.4137830734253
1702657399709,1433.1517791748047,792.4526453018188
1702657399720,1426.3209533691406,783.0275774002075
1702657399731,1431.6773223876953,792.6978206634521
1702657399742,1430.1231384277344,787.166633605957
1702657399753,1432.653579711914,790.4655361175537
1702657399764,1435.1890563964844,793.0105018615723
1702657399809,1434.8999786376953,799.9272537231445
1702657399810,1440.8912658691406,840.0037479400635
1702657399828,1437.2929382324219,833.2317495346069
1702657399831,1434.4962310791016,831.360297203064
1702657399842,1423.7891387939453,828.5813140869141
1702657399853,1426.7845153808594,829.9429321289062
1702657399865,1425.0349426269531,829.4812059402466
1702657399876,1419.6673583984375,835.9626245498657
1702657399887,1412.0478057861328,831.4772844314575
1702657399898,1416.8173217773438,837.4277114868164
1702657399908,1437.7545166015625,829.8062467575073
1702657399918,1535.3384399414062,935.0181484222412
1702657399961,nan,nan
1702657399962,nan,nan
1702657399963,nan,nan
1702657399978,nan,nan
1702657399985,nan,nan
1702657399995,nan,nan
1702657400006,nan,nan
1702657400017,nan,nan
1702657400027,nan,nan
1702657400044,nan,nan
1702657400064,nan,nan
1702657400075,nan,nan
1702657400085,nan,nan
1702657400122,nan,nan
1702657400123,nan,nan
1702657400130,nan,nan
1702657400142,nan,nan
1702657400152,nan,nan
1702657400164,nan,nan
1702657400175,nan,nan
1702657400185,nan,nan
1702657400197,nan,nan
1702657400208,nan,nan
1702657400218,nan,nan
1702657400230,nan,nan
1702657400262,nan,nan
1702657400263,nan,nan
1702657400279,nan,nan
1702657400284,nan,nan
1702657400299,nan,nan
1702657400308,nan,nan
1702657400318,nan,nan
1702657400330,nan,nan
1702657400341,nan,nan
1702657400351,nan,nan
1702657400363,nan,nan
1702657400375,nan,nan
1702657400412,nan,nan
1702657400413,nan,nan
1702657400418,nan,nan
1702657400430,nan,nan
1702657400442,nan,nan
1702657400452,nan,nan
1702657400463,nan,nan
1702657400475,nan,nan
1702657400485,nan,nan
1702657400497,nan,nan
1702657400508,nan,nan
1702657400518,nan,nan
1702657400530,nan,nan
1702657400570,nan,nan
1702657400571,nan,nan
1702657400575,nan,nan
1702657400593,nan,nan
1702657400596,nan,nan
1702657400608,nan,nan
1702657400618,nan,nan
1702657400630,nan,nan
1702657400641,nan,nan
1702657400651,nan,nan
1702657400664,nan,nan
1702657400674,nan,nan
1702657400685,nan,nan
1702657400720,nan,nan
1702657400721,nan,nan
1702657400736,nan,nan
1702657400741,nan,nan
1702657400752,nan,nan
1702657400764,nan,nan
1702657400775,nan,nan
1702657400785,nan,nan
1702657400797,nan,nan
1702657400817,nan,nan
1702657400830,nan,nan
1702657400866,1242.4041748046875,829.1762065887451
1702657400867,1242.4041748046875,829.1762065887451
1702657400876,1244.9437713623047,822.3477745056152
1702657400886,1244.9437713623047,822.3477745056152
1702657400899,1244.0259552001953,823.4571361541748
1702657400909,1225.7847595214844,833.0249404907227
1702657400920,1232.1307373046875,842.3520755767822
1702657400931,1222.7831268310547,843.5671806335449
1702657400942,1228.0660247802734,849.9946975708008
1702657400954,1218.0484008789062,847.2768688201904
1702657400965,1248.7156677246094,845.936279296875
1702657400975,1274.7161102294922,840.005464553833
1702657401022,1373.6405944824219,822.0818710327148
1702657401023,1373.9295959472656,821.5882587432861
1702657401037,1399.9491882324219,816.2365436553955
1702657401043,1408.883056640625,815.3174686431885
1702657401054,1402.6409912109375,809.4511127471924
1702657401064,1402.3135375976562,803.2026386260986
1702657401077,1390.2725219726562,817.2932052612305
1702657401088,1391.0794067382812,827.1025371551514
1702657401098,1391.0794067382812,827.1025371551514
1702657401110,1387.43896484375,825.50368309021
1702657401121,1379.354248046875,817.8686141967773
1702657401132,1379.354248046875,817.8686141967773
1702657401165,1386.2422180175781,804.9783897399902
1702657401166,1378.4158325195312,796.7807865142822
1702657401184,1391.353759765625,819.2635345458984
1702657401188,1381.2162017822266,820.0696992874146
1702657401198,1385.0071716308594,825.337643623352
1702657401210,1371.1793518066406,832.807445526123
1702657401221,1371.471939086914,834.6577835083008
1702657401231,1366.677474975586,829.2239713668823
1702657401243,1378.681411743164,826.8187808990479
1702657401255,1386.7601013183594,827.3073291778564
1702657401296,1386.7601013183594,827.3073291778564
1702657401297,1391.728286743164,813.7099456787109
1702657401299,1387.591552734375,822.0131635665894
1702657401312,1386.5745544433594,824.7777271270752
1702657401322,1385.9293365478516,827.1509456634521
1702657401333,1387.2625732421875,831.7177391052246
1702657401343,1385.0653839111328,831.4415788650513
1702657401355,1385.3311920166016,831.9725275039673
1702657401366,1389.3641662597656,831.439003944397
1702657401377,1380.085220336914,832.1129035949707
1702657401388,1344.0164184570312,833.6883687973022
1702657401400,1333.6388397216797,833.2184886932373
1702657401410,1330.8302307128906,834.7421550750732
1702657401446,1338.155288696289,833.4006214141846
1702657401462,1316.2261962890625,839.040641784668
1702657401467,1320.9101104736328,838.2512998580933
1702657401479,1362.4545288085938,816.6445827484131
1702657401488,1608.8114166259766,649.928297996521
1702657401500,1721.0377502441406,577.1019673347473
1702657401511,1791.6693115234375,519.2893552780151
1702657401522,1843.8624572753906,487.32433319091797
1702657401533,1840.33935546875,484.7838091850281
1702657401543,1844.6641540527344,479.6346116065979
1702657401554,1841.0572814941406,487.09160327911377
1702657401602,1841.2037658691406,489.06946420669556
1702657401603,1847.3414611816406,490.1795768737793
1702657401610,1843.6852264404297,516.4820265769958
1702657401621,1852.9571533203125,500.7527804374695
1702657401633,1851.7533111572266,491.68545484542847
1702657401643,1848.6541748046875,492.83655166625977
1702657401654,1842.7507781982422,505.97203731536865
1702657401665,1843.9324951171875,497.21142768859863
1702657401676,1845.5097198486328,497.0340371131897
1702657401688,1838.6949157714844,499.7958540916443
1702657401699,1834.9103546142578,502.1526575088501
1702657401710,1838.03955078125,497.05583810806274
1702657401747,1833.1207275390625,493.92642974853516
1702657401748,1830.528335571289,495.5818033218384
1702657401754,1828.3158111572266,506.8163323402405
1702657401766,1832.855453491211,506.8057107925415
1702657401779,1844.4768524169922,501.5242052078247
1702657401788,1872.2783660888672,488.6777329444885
1702657401799,1878.2958221435547,481.16164684295654
1702657401810,1876.0868072509766,477.0219039916992
1702657401821,1873.0582427978516,481.36656761169434
1702657401832,1874.7388458251953,488.82988929748535
1702657401843,1877.2477722167969,490.1427984237671
1702657401855,1870.1834106445312,494.491024017334
1702657401866,1873.79150390625,493.14144372940063
1702657401899,1872.1817779541016,497.4021649360657
1702657401900,1872.8740692138672,501.9846439361572
1702657401915,1884.3502044677734,499.0957975387573
1702657401920,1886.0743713378906,485.1168966293335
1702657401932,1882.6935577392578,490.3661298751831
1702657401943,1877.6461029052734,495.08426427841187
1702657401954,1867.7348327636719,510.38060188293457
1702657401965,1817.1238708496094,541.0997271537781
1702657401976,1726.8856811523438,603.3474040031433
1702657401987,1467.6815795898438,776.6135787963867
1702657401999,1424.8462677001953,802.220950126648
1702657402031,1421.6353607177734,804.8143672943115
1702657402032,1416.7870330810547,797.50403881073
1702657402048,1408.960189819336,801.190037727356
1702657402054,1410.9841918945312,797.3010492324829
1702657402065,1411.8997192382812,794.2991638183594
1702657402076,1414.560775756836,790.0848770141602
1702657402088,1414.5442199707031,789.5566749572754
1702657402099,1415.3840637207031,791.9829797744751
1702657402110,1421.168212890625,793.7158584594727
1702657402121,1424.3449401855469,794.5695304870605
1702657402132,1422.9736328125,793.0199432373047
1702657402143,1419.5719909667969,794.2933702468872
1702657402163,1410.462417602539,798.0061912536621
1702657402182,1409.8054504394531,794.2132902145386
1702657402187,1412.4166107177734,793.4248924255371
1702657402199,1417.2229766845703,802.6990699768066
1702657402212,1424.1048431396484,794.8265933990479
1702657402220,1423.2502746582031,794.8572778701782
1702657402232,1420.7269287109375,791.5982437133789
1702657402242,1407.1440124511719,802.5067234039307
1702657402254,1425.6758880615234,795.6353330612183
1702657402266,1469.2808532714844,804.1939401626587
1702657402276,1491.6371154785156,802.6002788543701
1702657402313,1836.3626098632812,978.9425182342529
1702657402314,nan,nan
1702657402318,nan,nan
1702657402330,nan,nan
1702657402342,nan,nan
1702657402352,nan,nan
1702657402363,nan,nan
1702657402374,nan,nan
1702657402385,nan,nan
1702657402395,nan,nan
1702657402413,nan,nan
1702657402442,nan,nan
1702657402464,nan,nan
1702657402465,nan,nan
1702657402479,nan,nan
1702657402486,nan,nan
1702657402498,nan,nan
1702657402510,nan,nan
1702657402519,nan,nan
1702657402531,nan,nan
1702657402543,nan,nan
1702657402552,nan,nan
1702657402565,nan,nan
1702657402576,nan,nan
1702657402593,nan,nan
1702657402614,nan,nan
1702657402615,nan,nan
1702657402619,nan,nan
1702657402631,nan,nan
1702657402644,nan,nan
1702657402653,nan,nan
1702657402664,nan,nan
1702657402677,nan,nan
1702657402686,nan,nan
1702657402697,nan,nan
1702657402709,nan,nan
1702657402719,nan,nan
1702657402753,nan,nan
1702657402769,nan,nan
1702657402775,nan,nan
1702657402787,nan,nan
1702657402798,nan,nan
1702657402809,nan,nan
1702657402819,nan,nan
1702657402831,nan,nan
1702657402843,nan,nan
1702657402885,nan,nan
1702657402887,nan,nan
1702657402904,nan,nan
1702657402910,nan,nan
1702657402919,nan,nan
1702657402930,nan,nan
1702657402942,nan,nan
1702657402952,nan,nan
1702657402964,nan,nan
1702657402976,nan,nan
1702657402986,nan,nan
1702657402998,nan,nan
1702657403032,nan,nan
1702657403047,nan,nan
1702657403053,nan,nan
1702657403066,nan,nan
1702657403076,nan,nan
1702657403086,nan,nan
1702657403098,nan,nan
1702657403109,nan,nan
1702657403119,nan,nan
1702657403131,nan,nan
1702657403165,nan,nan
1702657403166,nan,nan
1702657403180,nan,nan
1702657403186,nan,nan
1702657403198,nan,nan
1702657403209,nan,nan
1702657403219,nan,nan
1702657403231,nan,nan
1702657403242,nan,nan
1702657403252,nan,nan
1702657403264,nan,nan
1702657403276,nan,nan
1702657403292,nan,nan
1702657403314,nan,nan
1702657403315,nan,nan
1702657403319,nan,nan
1702657403330,nan,nan
1702657403343,nan,nan
1702657403353,nan,nan
1702657403364,nan,nan
1702657403376,nan,nan
1702657403386,nan,nan
1702657403397,nan,nan
1702657403409,nan,nan
1702657403419,nan,nan
1702657403451,nan,nan
1702657403453,nan,nan
1702657403468,nan,nan
1702657403476,nan,nan
1702657403486,nan,nan
1702657403497,nan,nan
1702657403510,nan,nan
1702657403518,nan,nan
1702657403530,nan,nan
1702657403542,nan,nan
1702657403552,nan,nan
1702657403564,nan,nan
1702657403603,nan,nan
1702657403604,nan,nan
1702657403609,nan,nan
1702657403621,nan,nan
1702657403631,nan,nan
1702657403643,nan,nan
1702657403653,nan,nan
1702657403665,nan,nan
1702657403676,nan,nan
1702657403686,nan,nan
1702657403699,nan,nan
1702657403709,nan,nan
1702657403730,nan,nan
1702657403749,nan,nan
1702657403753,nan,nan
1702657403767,nan,nan
1702657403776,nan,nan
1702657403786,nan,nan
1702657403798,nan,nan
1702657403816,nan,nan
1702657403831,nan,nan
1702657403842,1393.7010192871094,782.2390079498291
1702657403883,1393.7010192871094,782.2390079498291
1702657403884,1393.7010192871094,782.2390079498291
1702657403888,1384.263916015625,733.8333106040955
1702657403899,1388.025894165039,740.4182839393616
1702657403910,1386.2211608886719,741.7134475708008
1702657403921,1355.7642364501953,744.7129082679749
1702657403932,1331.4281463623047,748.1072545051575
1702657403943,1331.1197662353516,750.9945774078369
1702657403955,1312.1099090576172,759.1512393951416
1702657403966,1316.4694213867188,761.2099313735962
1702657403977,1316.0272979736328,760.8806848526001
1702657403988,1315.1631927490234,760.587100982666
1702657403999,1314.6260833740234,758.8291597366333
1702657404033,1313.2843017578125,759.9290370941162
1702657404034,1315.6658935546875,766.2791776657104
1702657404048,1317.691650390625,772.6431369781494
1702657404055,1310.2894592285156,790.1043605804443
1702657404067,1310.3533935546875,788.0986261367798
1702657404077,1310.8396911621094,790.6314468383789
1702657404088,1308.001708984375,776.7764854431152
1702657404099,1311.337890625,780.1725053787231
1702657404110,1314.6624755859375,781.2374067306519
1702657404122,1323.830337524414,791.1758279800415
1702657404133,1320.7583618164062,792.3443269729614
1702657404143,1318.727035522461,794.9160718917847
1702657404183,1320.0406646728516,789.8520183563232
1702657404188,1755.939712524414,988.9708471298218
1702657404200,2200.721893310547,1084.831838607788
1702657404209,2200.721893310547,1084.831838607788
1702657404220,nan,nan
1702657404231,nan,nan
1702657404242,nan,nan
1702657404253,nan,nan
1702657404264,nan,nan
1702657404275,nan,nan
1702657404285,nan,nan
1702657404316,nan,nan
1702657404334,nan,nan
1702657404347,nan,nan
1702657404355,nan,nan
1702657404367,nan,nan
1702657404378,nan,nan
1702657404388,nan,nan
1702657404400,nan,nan
1702657404411,nan,nan
1702657404422,nan,nan
1702657404434,nan,nan
1702657404466,nan,nan
1702657404467,nan,nan
1702657404482,nan,nan
1702657404489,nan,nan
1702657404501,nan,nan
1702657404512,nan,nan
1702657404522,nan,nan
1702657404534,nan,nan
1702657404546,nan,nan
1702657404555,nan,nan
1702657404567,nan,nan
1702657404603,nan,nan
1702657404619,nan,nan
1702657404622,nan,nan
1702657404635,nan,nan
1702657404645,nan,nan
1702657404655,nan,nan
1702657404667,nan,nan
1702657404679,nan,nan
1702657404688,nan,nan
1702657404700,nan,nan
1702657404711,nan,nan
1702657404752,nan,nan
1702657404755,nan,nan
1702657404770,nan,nan
1702657404779,nan,nan
1702657404789,nan,nan
1702657404800,nan,nan
1702657404812,nan,nan
1702657404822,nan,nan
1702657404841,nan,nan
1702657404856,nan,nan
1702657404867,nan,nan
1702657404899,nan,nan
1702657404900,nan,nan
1702657404901,nan,nan
1702657404915,nan,nan
1702657404923,nan,nan
1702657404934,nan,nan
1702657404945,nan,nan
1702657404956,nan,nan
1702657404967,nan,nan
1702657404979,nan,nan
1702657404989,nan,nan
1702657405033,nan,nan
1702657405036,nan,nan
1702657405050,nan,nan
1702657405059,nan,nan
1702657405070,nan,nan
1702657405081,nan,nan
1702657405092,nan,nan
1702657405103,nan,nan
1702657405115,nan,nan
1702657405126,nan,nan
1702657405137,nan,nan
1702657405149,nan,nan
1702657405187,nan,nan
1702657405188,nan,nan
1702657405192,nan,nan
1702657405205,nan,nan
1702657405215,nan,nan
1702657405225,nan,nan
1702657405237,nan,nan
1702657405248,nan,nan
1702657405259,nan,nan
1702657405270,nan,nan
1702657405281,nan,nan
1702657405292,nan,nan
1702657405304,nan,nan
1702657405335,nan,nan
1702657405336,nan,nan
1702657405337,nan,nan
1702657405353,nan,nan
1702657405359,nan,nan
1702657405371,nan,nan
1702657405381,nan,nan
1702657405392,nan,nan
1702657405404,nan,nan
1702657405415,nan,nan
1702657405425,nan,nan
1702657405466,nan,nan
1702657405467,nan,nan
1702657405470,nan,nan
1702657405482,nan,nan
1702657405491,nan,nan
1702657405503,nan,nan
1702657405514,nan,nan
1702657405524,nan,nan
1702657405536,nan,nan
1702657405548,nan,nan
1702657405558,nan,nan
1702657405570,nan,nan
1702657405581,nan,nan
1702657405618,nan,nan
1702657405619,nan,nan
1702657405625,nan,nan
1702657405636,nan,nan
1702657405648,nan,nan
1702657405658,nan,nan
1702657405670,nan,nan
1702657405681,nan,nan
1702657405691,nan,nan
1702657405703,nan,nan
1702657405715,nan,nan
1702657405756,nan,nan
1702657405758,nan,nan
1702657405773,nan,nan
1702657405781,nan,nan
1702657405791,nan,nan
1702657405803,nan,nan
1702657405822,nan,nan
1702657405835,nan,nan
1702657405847,nan,nan
1702657405858,nan,nan
1702657405869,nan,nan
1702657405902,nan,nan
1702657405903,nan,nan
1702657405919,nan,nan
1702657405925,nan,nan
1702657405936,nan,nan
1702657405948,nan,nan
1702657405958,nan,nan
1702657405969,nan,nan
1702657405980,nan,nan
1702657405991,nan,nan
1702657406002,nan,nan
1702657406034,nan,nan
1702657406035,nan,nan
1702657406036,nan,nan
1702657406051,nan,nan
1702657406057,nan,nan
1702657406074,nan,nan
1702657406093,nan,nan
1702657406105,nan,nan
1702657406116,nan,nan
1702657406126,nan,nan
1702657406138,nan,nan
1702657406149,nan,nan
1702657406187,nan,nan
1702657406188,nan,nan
1702657406193,nan,nan
1702657406206,nan,nan
1702657406216,nan,nan
1702657406227,nan,nan
1702657406239,nan,nan
1702657406250,nan,nan
1702657406260,nan,nan
1702657406272,nan,nan
1702657406283,nan,nan
1702657406293,nan,nan
1702657406335,nan,nan
1702657406337,nan,nan
1702657406350,nan,nan
1702657406359,nan,nan
1702657406371,nan,nan
1702657406383,nan,nan
1702657406393,nan,nan
1702657406404,nan,nan
1702657406417,nan,nan
1702657406426,nan,nan
1702657406467,nan,nan
1702657406468,nan,nan
1702657406471,nan,nan
1702657406483,nan,nan
1702657406493,nan,nan
1702657406505,nan,nan
1702657406516,nan,nan
1702657406526,nan,nan
1702657406538,nan,nan
1702657406549,nan,nan
1702657406559,nan,nan
1702657406571,nan,nan
1702657406583,nan,nan
1702657406619,nan,nan
1702657406620,nan,nan
1702657406626,nan,nan
1702657406638,nan,nan
1702657406650,nan,nan
1702657406660,nan,nan
1702657406672,nan,nan
1702657406683,nan,nan
1702657406692,nan,nan
1702657406704,nan,nan
1702657406715,nan,nan
1702657406726,nan,nan
1702657406768,nan,nan
1702657406769,nan,nan
1702657406771,nan,nan
1702657406784,nan,nan
1702657406793,nan,nan
1702657406805,nan,nan
1702657406816,nan,nan
1702657406833,nan,nan
1702657406851,nan,nan
1702657406861,nan,nan
1702657406872,nan,nan
1702657406884,1476.4697265625,822.2126770019531
1702657406920,1476.4697265625,822.2126770019531
1702657406935,1480.960922241211,788.3820819854736
1702657406941,1475.4576110839844,788.3582210540771
1702657406952,1479.9817657470703,786.1055946350098
1702657406962,1471.0099029541016,792.2641611099243
1702657406974,1465.6767272949219,796.5398168563843
1702657406985,1454.8641204833984,799.7105312347412
1702657406996,1460.9808349609375,783.10546875
1702657407007,1474.3497467041016,764.7876119613647
1702657407018,1472.642822265625,756.0385894775391
1702657407054,1476.6021728515625,748.3564853668213
1702657407055,1469.6758270263672,747.9710626602173
1702657407068,1472.1800994873047,740.1080274581909
1702657407073,1467.564926147461,736.9747996330261
1702657407086,1475.7090759277344,734.6895360946655
1702657407095,1466.8812561035156,732.740728855133
1702657407106,1467.1614074707031,734.7010374069214
1702657407117,1466.392593383789,737.6012563705444
1702657407128,1463.9752960205078,739.0734243392944
1702657407139,1459.7401428222656,743.8384008407593
1702657407151,1457.6470184326172,744.6316051483154
1702657407162,1460.0557708740234,740.7526588439941
1702657407182,1465.824966430664,737.272138595581
1702657407203,1466.494140625,739.268388748169
1702657407206,1385.3435516357422,770.9691381454468
1702657407219,1359.1908264160156,776.9263458251953
1702657407229,1339.9668884277344,795.7966947555542
1702657407240,1345.4595947265625,801.558723449707
1702657407251,1348.1436157226562,808.6311292648315
1702657407262,1350.9265899658203,808.6090278625488
1702657407273,1352.3788452148438,804.9587774276733
1702657407284,1347.3958587646484,804.6486282348633
1702657407296,1344.5270538330078,806.802077293396
1702657407307,1346.8132781982422,808.6303997039795
1702657407326,1348.3482360839844,809.4620990753174
1702657407351,1349.74609375,808.5125112533569
1702657407352,1351.9374084472656,817.4819469451904
1702657407368,1354.9913787841797,820.3910064697266
1702657407375,1349.775390625,812.9245948791504
1702657407386,1347.4839782714844,819.8459386825562
1702657407396,1345.103988647461,821.2025785446167
1702657407407,1341.6834259033203,821.1082077026367
1702657407418,1344.120864868164,814.0041303634644
1702657407429,1342.261734008789,816.1742734909058
1702657407439,1349.9462890625,822.3141717910767
1702657407450,1346.083984375,823.7790012359619
1702657407462,1345.1254272460938,825.3428792953491
1702657407501,1346.2915802001953,821.8203020095825
1702657407502,1346.8101501464844,823.1584453582764
1702657407506,1345.3793334960938,828.2071781158447
1702657407517,1362.7635192871094,821.5213966369629
1702657407530,1514.5291900634766,753.9593410491943
1702657407539,1619.0884399414062,703.2120966911316
1702657407550,1716.1299133300781,648.3063554763794
1702657407561,1835.735855102539,581.3950681686401
1702657407572,1839.9437713623047,575.3455281257629
1702657407584,1842.1192169189453,578.9546012878418
1702657407595,1850.191650390625,571.975793838501
1702657407606,1853.4449768066406,581.1275553703308
1702657407637,1849.6905517578125,579.9571466445923
1702657407638,1847.1215057373047,583.7520432472229
1702657407639,1848.7747955322266,578.4909439086914
1702657407654,1849.8738861083984,584.1450190544128
1702657407662,1852.7318572998047,580.8630037307739
1702657407672,1849.7762298583984,583.7588667869568
1702657407684,1816.0116577148438,603.4858703613281
1702657407695,1617.1556091308594,748.1171894073486
1702657407706,1516.1622619628906,820.0543785095215
1702657407717,1462.6676177978516,863.5750436782837
1702657407728,1419.7746276855469,902.1999263763428
1702657407739,1424.15771484375,902.0323848724365
1702657407750,1412.6061248779297,905.1290702819824
1702657407788,1405.5011749267578,907.3791217803955
1702657407789,1405.0001525878906,913.2627725601196
1702657407795,1407.1676635742188,916.1288738250732
1702657407806,1402.7684020996094,911.1014699935913
1702657407819,1394.866714477539,911.0731029510498
1702657407828,1387.0327758789062,908.9071655273438
1702657407839,1393.1011199951172,911.5699338912964
1702657407851,1394.8260498046875,910.8739757537842
1702657407861,1394.6656799316406,911.069712638855
1702657407873,1402.4384307861328,912.9507350921631
1702657407884,1478.7561798095703,871.5339946746826
1702657407895,1741.5902709960938,687.9100513458252
1702657407906,1859.7689056396484,598.2351350784302
1702657407917,1928.7039947509766,548.2795715332031
1702657407960,1991.0704803466797,505.6668448448181
1702657407962,1996.8284606933594,505.4959988594055
1702657407978,1994.0582275390625,507.171049118042
1702657407984,1995.0086212158203,506.3841962814331
1702657407995,1997.777099609375,509.2815828323364
1702657408005,1999.4414520263672,512.494912147522
1702657408016,1998.646469116211,512.7542281150818
1702657408027,2001.3438415527344,516.3257718086243
1702657408038,2005.1361846923828,518.6781978607178
1702657408050,2001.495361328125,519.2917156219482
1702657408061,1994.6900177001953,521.1831021308899
1702657408106,1994.6385955810547,516.5996360778809
1702657408107,1987.8009796142578,517.4356913566589
1702657408123,1987.6939392089844,515.1281976699829
1702657408127,1984.468002319336,512.9328846931458
1702657408139,1989.5996856689453,521.4453792572021
1702657408149,1982.9695129394531,527.7512097358704
1702657408161,1846.5912628173828,653.5893201828003
1702657408172,1724.207992553711,728.3974170684814
1702657408183,1666.0453033447266,768.0596923828125
1702657408194,1509.9114227294922,868.138918876648
1702657408205,1458.9812469482422,907.8221368789673
1702657408216,1459.5207977294922,905.7949018478394
1702657408254,1452.4449157714844,905.6923770904541
1702657408255,1453.0835723876953,909.2122507095337
1702657408261,1451.6252136230469,903.7296438217163
1702657408273,1451.1080169677734,904.2961263656616
1702657408283,1448.3332824707031,905.7654619216919
1702657408295,1449.556655883789,912.2716856002808
1702657408306,1451.552734375,917.3901987075806
1702657408316,1458.0310821533203,914.8723554611206
1702657408328,1459.8802185058594,916.614933013916
1702657408339,1463.6261749267578,913.7713623046875
1702657408350,1459.312973022461,915.7467126846313
1702657408361,1458.027572631836,910.8741044998169
1702657408372,1452.4657440185547,917.1515035629272
1702657408426,1451.8834686279297,919.328556060791
1702657408427,1490.783920288086,947.0254755020142
1702657408437,nan,nan
1702657408448,nan,nan
1702657408460,nan,nan
1702657408470,nan,nan
1702657408482,nan,nan
1702657408492,nan,nan
1702657408502,nan,nan
1702657408512,nan,nan
1702657408530,nan,nan
1702657408574,nan,nan
1702657408575,nan,nan
1702657408583,nan,nan
1702657408593,nan,nan
1702657408607,nan,nan
1702657408617,nan,nan
1702657408627,nan,nan
1702657408638,nan,nan
1702657408650,nan,nan
1702657408660,nan,nan
1702657408672,nan,nan
1702657408683,nan,nan
1702657408724,nan,nan
1702657408727,nan,nan
1702657408741,nan,nan
1702657408749,nan,nan
1702657408759,nan,nan
1702657408771,nan,nan
1702657408783,nan,nan
1702657408793,nan,nan
1702657408804,nan,nan
1702657408816,nan,nan
1702657408826,nan,nan
1702657408838,nan,nan
1702657408871,nan,nan
1702657408872,nan,nan
1702657408887,nan,nan
1702657408893,nan,nan
1702657408906,nan,nan
1702657408916,nan,nan
1702657408926,nan,nan
1702657408938,nan,nan
1702657408949,nan,nan
1702657408960,nan,nan
1702657408971,nan,nan
1702657409006,nan,nan
1702657409007,nan,nan
1702657409016,nan,nan
1702657409026,nan,nan
1702657409039,nan,nan
1702657409049,nan,nan
1702657409060,nan,nan
1702657409071,nan,nan
1702657409083,nan,nan
1702657409093,nan,nan
1702657409105,nan,nan
1702657409116,nan,nan
1702657409136,nan,nan
1702657409157,nan,nan
1702657409159,nan,nan
1702657409174,nan,nan
1702657409183,nan,nan
1702657409193,nan,nan
1702657409204,nan,nan
1702657409216,nan,nan
1702657409226,nan,nan
1702657409238,nan,nan
1702657409249,nan,nan
1702657409289,nan,nan
1702657409290,nan,nan
1702657409293,nan,nan
1702657409305,nan,nan
1702657409316,nan,nan
1702657409326,nan,nan
1702657409338,nan,nan
1702657409349,nan,nan
1702657409360,nan,nan
1702657409371,nan,nan
1702657409383,nan,nan
1702657409393,nan,nan
1702657409405,nan,nan
1702657409438,nan,nan
1702657409439,nan,nan
1702657409454,nan,nan
1702657409460,nan,nan
1702657409473,nan,nan
1702657409483,nan,nan
1702657409493,nan,nan
1702657409504,nan,nan
1702657409516,nan,nan
1702657409526,nan,nan
1702657409546,nan,nan
1702657409588,nan,nan
1702657409593,nan,nan
1702657409604,nan,nan
1702657409615,nan,nan
1702657409626,nan,nan
1702657409638,nan,nan
1702657409649,nan,nan
1702657409660,nan,nan
1702657409671,nan,nan
1702657409682,nan,nan
1702657409724,nan,nan
1702657409725,nan,nan
1702657409729,nan,nan
1702657409742,nan,nan
1702657409753,nan,nan
1702657409763,nan,nan
1702657409775,nan,nan
1702657409787,nan,nan
1702657409797,nan,nan
1702657409808,nan,nan
1702657409819,nan,nan
1702657409831,nan,nan
1702657409842,nan,nan
1702657409874,nan,nan
1702657409875,nan,nan
1702657409892,nan,nan
1702657409898,nan,nan
1702657409909,nan,nan
1702657409918,nan,nan
1702657409930,nan,nan
1702657409948,nan,nan
1702657409962,nan,nan
1702657409973,nan,nan
1702657409985,1431.7820739746094,830.3701972961426
1702657410004,1431.7820739746094,830.3701972961426
1702657410023,1431.7820739746094,830.3701972961426
1702657410031,1443.9683532714844,861.6494750976562
1702657410042,1441.6226959228516,857.4193525314331
1702657410053,1421.8466186523438,888.9353084564209
1702657410065,1434.6102142333984,852.1390056610107
1702657410076,1425.1570892333984,852.5770854949951
1702657410087,1428.6456298828125,856.2428712844849
1702657410098,1425.552749633789,863.9536428451538
1702657410109,1432.740249633789,867.6221323013306
1702657410120,1431.5678405761719,864.3488502502441
1702657410131,1435.0579071044922,854.5214939117432
1702657410173,1430.9617614746094,841.2741279602051
1702657410174,1419.2710876464844,829.1273260116577
1702657410176,1421.0845184326172,831.3001728057861
1702657410192,1417.2924041748047,830.1604700088501
1702657410200,1429.9459075927734,822.6441478729248
1702657410211,1428.9727020263672,829.6435546875
1702657410220,1433.9203643798828,829.5870780944824
1702657410232,1428.9665222167969,833.4648656845093
1702657410243,1431.7479705810547,835.8313465118408
1702657410254,1429.8513793945312,836.3619947433472
1702657410265,1430.4988098144531,842.93053150177
1702657410275,1429.0237426757812,844.7856760025024
1702657410286,1427.574462890625,843.805103302002
1702657410322,1423.7836456298828,847.3805952072144
1702657410331,1467.000961303711,885.5209636688232
1702657410342,1541.3964080810547,930.3539371490479
1702657410354,1553.995361328125,947.179970741272
1702657410362,1827.662353515625,1154.1141986846924
1702657410374,nan,nan
1702657410385,nan,nan
1702657410396,nan,nan
1702657410407,nan,nan
1702657410418,nan,nan
1702657410454,nan,nan
1702657410455,nan,nan
1702657410469,nan,nan
1702657410488,nan,nan
1702657410498,nan,nan
1702657410511,nan,nan
1702657410521,nan,nan
1702657410532,nan,nan
1702657410544,nan,nan
1702657410555,nan,nan
1702657410565,nan,nan
1702657410606,nan,nan
1702657410607,nan,nan
1702657410610,nan,nan
1702657410621,nan,nan
1702657410632,nan,nan
1702657410644,nan,nan
1702657410654,nan,nan
1702657410664,nan,nan
1702657410676,nan,nan
1702657410687,nan,nan
1702657410698,nan,nan
1702657410739,nan,nan
1702657410740,nan,nan
1702657410743,nan,nan
1702657410757,nan,nan
1702657410765,nan,nan
1702657410777,nan,nan
1702657410788,nan,nan
1702657410798,nan,nan
1702657410810,nan,nan
1702657410821,nan,nan
1702657410832,nan,nan
1702657410843,nan,nan
1702657410854,nan,nan
1702657410892,nan,nan
1702657410893,nan,nan
1702657410898,nan,nan
1702657410910,nan,nan
1702657410921,nan,nan
1702657410932,nan,nan
1702657410943,nan,nan
1702657410955,nan,nan
1702657410965,nan,nan
1702657410976,nan,nan
1702657410988,nan,nan
1702657410999,nan,nan
1702657411010,nan,nan
1702657411041,nan,nan
1702657411042,nan,nan
1702657411060,nan,nan
1702657411065,nan,nan
1702657411077,nan,nan
1702657411087,nan,nan
1702657411098,nan,nan
1702657411109,nan,nan
1702657411121,nan,nan
1702657411132,nan,nan
1702657411143,nan,nan
1702657411155,nan,nan
1702657411191,nan,nan
1702657411192,nan,nan
1702657411199,nan,nan
1702657411218,nan,nan
1702657411232,nan,nan
1702657411242,nan,nan
1702657411254,nan,nan
1702657411265,nan,nan
1702657411276,nan,nan
1702657411288,nan,nan
1702657411299,nan,nan
1702657411310,nan,nan
1702657411342,nan,nan
1702657411343,nan,nan
1702657411361,nan,nan
1702657411365,nan,nan
1702657411377,nan,nan
1702657411388,nan,nan
1702657411399,nan,nan
1702657411410,nan,nan
1702657411420,nan,nan
1702657411431,nan,nan
1702657411443,nan,nan
1702657411453,nan,nan
1702657411495,nan,nan
1702657411496,nan,nan
1702657411500,nan,nan
1702657411513,nan,nan
1702657411523,nan,nan
1702657411533,nan,nan
1702657411545,nan,nan
1702657411557,nan,nan
1702657411566,nan,nan
1702657411578,nan,nan
1702657411590,nan,nan
1702657411600,nan,nan
1702657411621,nan,nan
1702657411640,nan,nan
1702657411641,nan,nan
1702657411645,nan,nan
1702657411657,nan,nan
1702657411667,nan,nan
1702657411679,nan,nan
1702657411690,nan,nan
1702657411700,nan,nan
1702657411712,nan,nan
1702657411723,nan,nan
1702657411734,nan,nan
1702657411775,nan,nan
1702657411779,nan,nan
1702657411791,nan,nan
1702657411799,nan,nan
1702657411811,nan,nan
1702657411822,nan,nan
1702657411832,nan,nan
1702657411845,nan,nan
1702657411856,nan,nan
1702657411866,nan,nan
1702657411878,nan,nan
1702657411889,nan,nan
1702657411923,nan,nan
1702657411924,nan,nan
1702657411939,nan,nan
1702657411945,nan,nan
1702657411956,nan,nan
1702657411966,nan,nan
1702657411978,nan,nan
1702657411989,nan,nan
1702657412000,nan,nan
1702657412012,nan,nan
1702657412023,nan,nan
1702657412033,nan,nan
1702657412075,nan,nan
1702657412079,nan,nan
1702657412092,nan,nan
1702657412100,nan,nan
1702657412112,nan,nan
1702657412123,nan,nan
1702657412133,nan,nan
1702657412145,nan,nan
1702657412156,nan,nan
1702657412166,nan,nan
1702657412178,nan,nan
1702657412189,nan,nan
1702657412224,nan,nan
1702657412225,nan,nan
1702657412233,nan,nan
1702657412245,nan,nan
1702657412256,nan,nan
1702657412266,nan,nan
1702657412278,nan,nan
1702657412290,nan,nan
1702657412300,nan,nan
1702657412311,nan,nan
1702657412323,nan,nan
1702657412333,nan,nan
1702657412354,nan,nan
1702657412374,nan,nan
1702657412379,nan,nan
1702657412392,nan,nan
1702657412400,nan,nan
1702657412412,nan,nan
1702657412422,nan,nan
1702657412433,nan,nan
1702657412445,nan,nan
1702657412456,nan,nan
1702657412466,nan,nan
1702657412479,nan,nan
1702657412490,nan,nan
1702657412526,nan,nan
1702657412527,nan,nan
1702657412532,nan,nan
1702657412544,nan,nan
1702657412555,nan,nan
1702657412566,nan,nan
1702657412578,nan,nan
1702657412589,nan,nan
1702657412599,nan,nan
1702657412611,nan,nan
1702657412622,nan,nan
1702657412659,nan,nan
1702657412660,nan,nan
1702657412666,nan,nan
1702657412678,nan,nan
1702657412691,nan,nan
1702657412699,nan,nan
1702657412711,nan,nan
1702657412722,nan,nan
1702657412733,nan,nan
1702657412745,nan,nan
1702657412756,nan,nan
1702657412766,nan,nan
1702657412786,nan,nan
1702657412808,nan,nan
1702657412809,nan,nan
1702657412811,nan,nan
1702657412823,nan,nan
1702657412833,nan,nan
1702657412845,nan,nan
1702657412856,nan,nan
1702657412866,nan,nan
1702657412878,nan,nan
1702657412890,nan,nan
1702657412900,nan,nan
1702657412940,nan,nan
1702657412941,nan,nan
1702657412945,nan,nan
1702657412956,nan,nan
1702657412966,nan,nan
1702657412979,nan,nan
1702657412989,nan,nan
1702657413000,nan,nan
1702657413012,nan,nan
1702657413023,nan,nan
1702657413033,nan,nan
1702657413045,nan,nan
1702657413056,nan,nan
1702657413090,nan,nan
1702657413107,nan,nan
1702657413113,nan,nan
1702657413124,1431.947021484375,887.1235942840576
1702657413134,1431.947021484375,887.1235942840576
1702657413146,1431.947021484375,887.1235942840576
1702657413157,1417.7253723144531,878.6245536804199
1702657413168,1463.2095336914062,883.0834579467773
1702657413180,1458.9749145507812,885.0203132629395
1702657413190,1468.2144165039062,882.6427173614502
1702657413227,1467.4539184570312,888.7515449523926
1702657413235,1450.2941131591797,927.0816850662231
1702657413247,1452.7989959716797,928.3679008483887
1702657413258,1450.6171417236328,928.3857536315918
1702657413269,1456.8739318847656,927.2031354904175
1702657413280,1491.4132690429688,883.304557800293
1702657413291,1589.926986694336,799.3572950363159
1702657413301,1814.2364501953125,660.1790142059326
1702657413313,1908.2568359375,620.9871339797974
1702657413324,1971.594009399414,596.3896250724792
1702657413335,2048.0850219726562,570.9241533279419
1702657413346,2048.778839111328,577.3475503921509
1702657413383,2057.182159423828,578.3808016777039
1702657413384,2056.9373321533203,584.4548463821411
1702657413391,2051.5789794921875,580.9768152236938
1702657413402,2052.1087646484375,579.864342212677
1702657413414,2051.3597106933594,584.0784358978271
1702657413424,2055.8944702148438,584.3790793418884
1702657413435,2060.0106811523438,576.4829778671265
1702657413446,2060.259780883789,567.161078453064
1702657413457,2060.498580932617,570.6826901435852
1702657413468,2060.439987182617,576.0302209854126
1702657413480,2062.4136352539062,575.0264096260071
1702657413491,2058.936538696289,572.0553588867188
1702657413525,2058.346633911133,572.169771194458
1702657413541,2057.5588989257812,576.1981272697449
1702657413547,2061.6319274902344,566.3005614280701
1702657413559,2061.810302734375,560.1599335670471
1702657413568,2053.0391693115234,561.9819045066833
1702657413580,2013.8037872314453,581.5534901618958
1702657413591,1873.4908294677734,654.1012358665466
1702657413602,1476.5261840820312,827.4881315231323
1702657413613,1449.2403411865234,834.4720458984375
1702657413624,1432.9864501953125,836.7246723175049
1702657413659,1433.5945892333984,832.935848236084
1702657413675,1431.4163208007812,833.3429861068726
1702657413679,1438.6397552490234,832.6492595672607
1702657413691,1440.6000518798828,836.7116260528564
1702657413701,1435.0138854980469,832.8595876693726
1702657413713,1430.9037017822266,831.1935710906982
1702657413724,1422.2928619384766,833.0660533905029
1702657413734,1422.8041076660156,839.8142337799072
1702657413746,1421.9849395751953,842.7801561355591
1702657413757,1421.12548828125,818.2343816757202
1702657413768,1409.3073272705078,748.5232973098755
1702657413789,1402.7257537841797,730.564877986908
1702657413812,1400.5790710449219,736.295599937439
1702657413814,1402.9371643066406,756.8157863616943
1702657413824,1417.5920104980469,755.9758901596069
1702657413839,1412.8956604003906,753.6948537826538
1702657413846,1402.9011535644531,750.9037685394287
1702657413857,1400.0399017333984,751.7714953422546
1702657413868,1399.4523620605469,750.3023529052734
1702657413880,1404.4832611083984,748.7361788749695
1702657413891,1400.847396850586,747.5724864006042
1702657413902,1408.781967163086,747.3014545440674
1702657413913,1405.3690338134766,742.1678352355957
1702657413924,1409.7712707519531,741.9668841362
1702657413943,1401.3043975830078,744.5588636398315
1702657413965,1451.7733764648438,744.6819877624512
1702657413966,1571.565170288086,703.5371589660645
1702657413968,1871.0807800292969,603.4023356437683
1702657413984,2045.350341796875,527.1742129325867
1702657413990,2143.6392974853516,490.5970358848572
1702657414002,2177.3904418945312,477.0696473121643
1702657414013,2178.2513427734375,477.93479919433594
1702657414024,2185.222854614258,479.32615756988525
1702657414035,2188.352279663086,489.1810655593872
1702657414046,2185.100555419922,493.44459772109985
1702657414057,2190.493698120117,497.455894947052
1702657414068,2183.5888671875,499.2812991142273
1702657414088,2191.0165405273438,492.1933364868164
1702657414108,2185.206756591797,491.5207886695862
1702657414109,2194.3272399902344,485.9383821487427
1702657414113,2197.1246337890625,486.3727068901062
1702657414126,2198.711166381836,484.58884477615356
1702657414135,2200.564193725586,487.2666549682617
1702657414146,2190.6488037109375,499.4159245491028
1702657414157,2192.8165435791016,497.9983878135681
1702657414168,2179.6117401123047,504.1620397567749
1702657414180,2183.8613891601562,497.1130442619324
1702657414190,2180.759506225586,499.5373749732971
1702657414202,2181.9561767578125,498.7834167480469
1702657414241,2180.478057861328,500.8572793006897
1702657414242,2177.1253204345703,499.6242356300354
1702657414246,2146.5892028808594,510.4078960418701
1702657414258,2149.7818756103516,513.0417609214783
1702657414267,2155.5492401123047,514.337203502655
1702657414279,2162.3959350585938,509.2750597000122
1702657414289,2157.9342651367188,508.01864862442017
1702657414301,2152.373046875,506.79498195648193
1702657414312,2139.192581176758,515.1834297180176
1702657414323,2140.7263946533203,514.7143006324768
1702657414334,2131.3372802734375,551.9355940818787
1702657414345,2131.734619140625,532.0597171783447
1702657414356,2139.685516357422,537.8233122825623
1702657414392,2139.243621826172,563.258421421051
1702657414393,2240.601043701172,514.8533248901367
1702657414399,nan,nan
1702657414411,nan,nan
1702657414422,nan,nan
1702657414432,nan,nan
1702657414443,nan,nan
1702657414454,nan,nan
1702657414464,nan,nan
1702657414475,nan,nan
1702657414492,nan,nan
1702657414541,nan,nan
1702657414542,nan,nan
1702657414545,nan,nan
1702657414558,nan,nan
1702657414567,nan,nan
1702657414579,nan,nan
1702657414590,nan,nan
1702657414600,nan,nan
1702657414612,nan,nan
1702657414623,nan,nan
1702657414633,nan,nan
1702657414646,nan,nan
1702657414656,nan,nan
1702657414692,nan,nan
1702657414693,nan,nan
1702657414699,nan,nan
1702657414711,nan,nan
1702657414724,nan,nan
1702657414733,nan,nan
1702657414745,nan,nan
1702657414756,nan,nan
1702657414766,nan,nan
1702657414778,nan,nan
1702657414789,nan,nan
1702657414799,nan,nan
1702657414842,nan,nan
1702657414845,nan,nan
1702657414858,nan,nan
1702657414866,nan,nan
1702657414878,nan,nan
1702657414889,nan,nan
1702657414899,nan,nan
1702657414911,nan,nan
1702657414923,nan,nan
1702657414933,nan,nan
1702657414945,nan,nan
1702657414979,nan,nan
1702657414980,nan,nan
1702657414997,nan,nan
1702657414999,nan,nan
1702657415012,nan,nan
1702657415023,nan,nan
1702657415032,nan,nan
1702657415044,nan,nan
1702657415056,nan,nan
1702657415065,nan,nan
1702657415078,nan,nan
1702657415089,nan,nan
1702657415128,nan,nan
1702657415132,nan,nan
1702657415147,nan,nan
1702657415156,nan,nan
1702657415167,nan,nan
1702657415178,nan,nan
1702657415189,nan,nan
1702657415199,nan,nan
1702657415211,nan,nan
1702657415223,nan,nan
1702657415233,nan,nan
1702657415244,nan,nan
1702657415277,nan,nan
1702657415278,nan,nan
1702657415295,nan,nan
1702657415301,nan,nan
1702657415311,nan,nan
1702657415324,nan,nan
1702657415333,nan,nan
1702657415345,nan,nan
1702657415357,nan,nan
1702657415366,nan,nan
1702657415378,nan,nan
1702657415390,nan,nan
1702657415427,nan,nan
1702657415428,nan,nan
1702657415432,nan,nan
1702657415445,nan,nan
1702657415455,nan,nan
1702657415465,nan,nan
1702657415477,nan,nan
1702657415489,nan,nan
1702657415499,nan,nan
1702657415511,nan,nan
1702657415523,nan,nan
1702657415532,nan,nan
1702657415556,nan,nan
1702657415576,nan,nan
1702657415578,nan,nan
1702657415592,nan,nan
1702657415599,nan,nan
1702657415612,nan,nan
1702657415622,nan,nan
1702657415632,nan,nan
1702657415644,nan,nan
1702657415655,nan,nan
1702657415666,nan,nan
1702657415710,nan,nan
1702657415711,nan,nan
1702657415712,nan,nan
1702657415727,nan,nan
1702657415733,nan,nan
1702657415745,nan,nan
1702657415756,nan,nan
1702657415766,nan,nan
1702657415778,nan,nan
1702657415789,nan,nan
1702657415798,nan,nan
1702657415811,nan,nan
1702657415822,nan,nan
1702657415860,nan,nan
1702657415866,nan,nan
1702657415877,nan,nan
1702657415890,nan,nan
1702657415899,nan,nan
1702657415911,nan,nan
1702657415922,nan,nan
1702657415932,nan,nan
1702657415944,nan,nan
1702657415956,nan,nan
1702657415995,nan,nan
1702657415999,nan,nan
1702657416014,nan,nan
1702657416022,nan,nan
1702657416032,nan,nan
1702657416044,nan,nan
1702657416055,nan,nan
1702657416066,nan,nan
1702657416078,nan,nan
1702657416089,nan,nan
1702657416099,nan,nan
1702657416111,nan,nan
1702657416144,nan,nan
1702657416145,nan,nan
1702657416163,nan,nan
1702657416165,nan,nan
1702657416178,nan,nan
1702657416188,nan,nan
1702657416198,nan,nan
1702657416210,nan,nan
1702657416222,nan,nan
1702657416231,nan,nan
1702657416244,nan,nan
1702657416255,nan,nan
1702657416275,nan,nan
1702657416294,nan,nan
1702657416298,nan,nan
1702657416314,nan,nan
1702657416322,nan,nan
1702657416332,nan,nan
1702657416344,nan,nan
1702657416356,nan,nan
1702657416365,nan,nan
1702657416378,nan,nan
1702657416389,nan,nan
1702657416426,nan,nan
1702657416427,nan,nan
1702657416432,nan,nan
1702657416444,nan,nan
1702657416456,nan,nan
1702657416465,nan,nan
1702657416477,nan,nan
1702657416489,nan,nan
1702657416499,nan,nan
1702657416511,nan,nan
1702657416522,nan,nan
1702657416531,nan,nan
1702657416544,nan,nan
1702657416578,nan,nan
1702657416579,nan,nan
1702657416596,nan,nan
1702657416598,nan,nan
1702657416611,nan,nan
1702657416622,nan,nan
1702657416631,nan,nan
1702657416644,nan,nan
1702657416655,nan,nan
1702657416665,nan,nan
1702657416678,nan,nan
1702657416712,nan,nan
1702657416713,nan,nan
1702657416721,nan,nan
1702657416731,nan,nan
1702657416744,nan,nan
1702657416755,nan,nan
1702657416765,nan,nan
1702657416777,nan,nan
1702657416788,nan,nan
1702657416798,nan,nan
1702657416811,nan,nan
1702657416821,nan,nan
1702657416863,nan,nan
1702657416864,nan,nan
1702657416865,nan,nan
1702657416880,nan,nan
1702657416888,nan,nan
1702657416899,nan,nan
1702657416911,nan,nan
1702657416921,nan,nan
1702657416931,nan,nan
1702657416943,nan,nan
1702657416954,nan,nan
1702657416964,nan,nan
1702657416977,nan,nan
1702657417013,nan,nan
1702657417014,nan,nan
1702657417021,nan,nan
1702657417032,nan,nan
1702657417043,nan,nan
1702657417054,nan,nan
1702657417065,nan,nan
1702657417076,nan,nan
1702657417087,nan,nan
1702657417098,nan,nan
1702657417110,nan,nan
1702657417145,nan,nan
1702657417146,nan,nan
1702657417162,nan,nan
1702657417165,nan,nan
1702657417178,nan,nan
1702657417188,nan,nan
1702657417198,nan,nan
1702657417210,nan,nan
1702657417221,nan,nan
1702657417232,nan,nan
1702657417244,nan,nan
1702657417255,nan,nan
1702657417273,nan,nan
1702657417294,nan,nan
1702657417298,nan,nan
1702657417310,nan,nan
1702657417323,nan,nan
1702657417331,nan,nan
1702657417343,nan,nan
1702657417354,nan,nan
1702657417364,nan,nan
1702657417376,nan,nan
1702657417387,nan,nan
1702657417429,nan,nan
1702657417430,nan,nan
1702657417431,nan,nan
1702657417447,nan,nan
1702657417454,nan,nan
1702657417465,nan,nan
1702657417476,nan,nan
1702657417488,nan,nan
1702657417497,nan,nan
1702657417510,nan,nan
1702657417521,nan,nan
1702657417531,nan,nan
1702657417543,nan,nan
1702657417579,nan,nan
1702657417588,nan,nan
1702657417599,nan,nan
1702657417611,nan,nan
1702657417622,nan,nan
1702657417633,nan,nan
1702657417644,nan,nan
1702657417655,nan,nan
1702657417666,nan,nan
1702657417678,nan,nan
1702657417713,nan,nan
1702657417714,nan,nan
1702657417730,nan,nan
1702657417733,nan,nan
1702657417744,nan,nan
1702657417754,nan,nan
1702657417764,nan,nan
1702657417783,nan,nan
1702657417801,nan,nan
1702657417812,nan,nan
1702657417823,nan,nan
1702657417861,nan,nan
1702657417862,nan,nan
1702657417867,nan,nan
1702657417880,nan,nan
1702657417891,nan,nan
1702657417900,nan,nan
1702657417914,nan,nan
1702657417924,nan,nan
1702657417934,nan,nan
1702657417946,nan,nan
1702657417957,nan,nan
1702657417996,nan,nan
1702657418001,nan,nan
1702657418014,nan,nan
1702657418026,nan,nan
1702657418034,nan,nan
1702657418047,nan,nan
1702657418058,nan,nan
1702657418068,nan,nan
1702657418080,nan,nan
1702657418091,nan,nan
1702657418101,nan,nan
1702657418113,nan,nan
1702657418147,nan,nan
1702657418148,nan,nan
1702657418157,nan,nan
1702657418167,nan,nan
1702657418180,nan,nan
1702657418190,nan,nan
1702657418201,nan,nan
1702657418212,nan,nan
1702657418224,nan,nan
1702657418234,nan,nan
1702657418246,nan,nan
1702657418257,nan,nan
1702657418297,nan,nan
1702657418298,nan,nan
1702657418301,nan,nan
1702657418315,nan,nan
1702657418324,nan,nan
1702657418335,nan,nan
1702657418346,nan,nan
1702657418357,nan,nan
1702657418368,nan,nan
1702657418380,nan,nan
1702657418391,nan,nan
1702657418401,nan,nan
1702657418413,nan,nan
1702657418447,nan,nan
1702657418448,nan,nan
1702657418465,nan,nan
1702657418468,nan,nan
1702657418480,nan,nan
1702657418491,nan,nan
1702657418501,nan,nan
1702657418512,nan,nan
1702657418523,nan,nan
1702657418533,nan,nan
1702657418545,nan,nan
1702657418557,nan,nan
1702657418574,nan,nan
1702657418596,nan,nan
1702657418597,nan,nan
1702657418600,nan,nan
1702657418615,nan,nan
1702657418623,nan,nan
1702657418633,nan,nan
1702657418646,nan,nan
1702657418657,nan,nan
1702657418667,nan,nan
1702657418679,nan,nan
1702657418690,nan,nan
1702657418729,nan,nan
1702657418730,nan,nan
1702657418734,nan,nan
1702657418746,nan,nan
1702657418757,nan,nan
1702657418767,nan,nan
1702657418779,nan,nan
1702657418790,nan,nan
1702657418801,nan,nan
1702657418812,nan,nan
1702657418824,nan,nan
1702657418835,nan,nan
1702657418846,nan,nan
1702657418881,nan,nan
1702657418897,nan,nan
1702657418900,nan,nan
1702657418912,nan,nan
1702657418923,nan,nan
1702657418933,nan,nan
1702657418945,nan,nan
1702657418957,nan,nan
1702657418967,nan,nan
1702657418979,nan,nan
1702657418990,nan,nan
1702657419029,nan,nan
1702657419030,nan,nan
1702657419034,nan,nan
1702657419046,nan,nan
1702657419061,nan,nan
1702657419068,nan,nan
1702657419081,nan,nan
1702657419097,nan,nan
1702657419113,nan,nan
1702657419123,nan,nan
1702657419134,nan,nan
1702657419181,nan,nan
1702657419182,nan,nan
1702657419199,nan,nan
1702657419204,1554.4891357421875,739.3677806854248
1702657419216,1560.5644226074219,791.6935157775879
1702657419226,1537.8356170654297,788.6413764953613
1702657419238,1539.918441772461,779.5406198501587
1702657419249,1539.4426727294922,775.5240440368652
1702657419260,1544.2278289794922,767.0050048828125
1702657419271,1493.6164093017578,734.3663191795349
1702657419282,1461.8077087402344,725.7830142974854
1702657419293,1442.036361694336,712.9878044128418
1702657419329,1413.2933044433594,722.4826312065125
1702657419330,1420.0038146972656,720.9172081947327
1702657419337,1416.6333770751953,722.6224708557129
1702657419348,1423.351821899414,727.6960945129395
1702657419360,1427.8462219238281,732.4181127548218
1702657419370,1428.8302612304688,737.3267912864685
1702657419382,1424.3433380126953,737.0592784881592
1702657419392,1419.4355773925781,737.1119356155396
1702657419404,1411.4608001708984,737.4760723114014
1702657419415,1412.0423889160156,738.9920997619629
1702657419426,1414.3917846679688,738.7579536437988
1702657419465,1416.1930847167969,739.899845123291
1702657419466,1413.8622283935547,742.0883560180664
1702657419471,1410.4216003417969,742.7857732772827
1702657419484,1414.7541046142578,749.5169162750244
1702657419493,1408.8350677490234,754.5625591278076
1702657419503,1413.2046508789062,754.177393913269
1702657419515,1410.843734741211,747.8767991065979
1702657419526,1415.5745697021484,744.9072504043579
1702657419537,1413.509521484375,749.3531084060669
1702657419548,1415.7884979248047,750.5928039550781
1702657419560,1409.2263793945312,752.1058702468872
1702657419570,1411.5503692626953,753.6465311050415
1702657419582,1415.001220703125,752.0547151565552
1702657419616,1417.3149871826172,751.0786485671997
1702657419617,1413.0658721923828,745.2426338195801
1702657419626,1409.8596954345703,758.1320428848267
1702657419640,1414.337158203125,765.5842065811157
1702657419648,1417.7608489990234,771.2078332901001
1702657419659,1414.9718475341797,777.2164535522461
1702657419670,1415.0907897949219,775.0793552398682
1702657419682,1418.6087799072266,775.7803344726562
1702657419692,1419.7840118408203,765.456748008728
1702657419704,1414.9485778808594,766.854887008667
1702657419715,1408.877182006836,761.4288425445557
1702657419726,1411.8318939208984,762.7188348770142
1702657419737,1416.4403533935547,759.2524337768555
1702657419769,1415.550537109375,762.3262453079224
1702657419770,1411.5122985839844,773.1535291671753
1702657419786,1414.4780731201172,771.5990495681763
1702657419792,1415.4791259765625,771.8441390991211
1702657419804,1415.7037353515625,762.4891948699951
1702657419815,1416.6815185546875,760.7615518569946
1702657419826,1415.3595733642578,757.1862316131592
1702657419837,1412.950210571289,755.323920249939
1702657419848,1389.119873046875,765.3374862670898
1702657419859,1331.2584686279297,781.3023805618286
1702657419870,1209.6656799316406,821.8815851211548
1702657419881,1181.4577102661133,825.5947923660278
1702657419916,1193.6943817138672,824.0067100524902
1702657419917,1203.4673690795898,829.1721725463867
1702657419926,1199.0740203857422,836.5850687026978
1702657419937,1197.4710083007812,833.5986757278442
1702657419950,1196.235237121582,828.3563947677612
1702657419959,1201.6340255737305,829.6979284286499
1702657419970,1201.639633178711,826.8165922164917
1702657419982,1198.287353515625,824.3776702880859
1702657419993,1200.7941436767578,820.4519462585449
1702657420003,1193.5935592651367,819.6870231628418
1702657420015,1191.7644500732422,815.3192281723022
1702657420026,1156.7377853393555,801.0295343399048
1702657420045,980.0811767578125,674.7769904136658
1702657420066,894.4657135009766,618.9701986312866
1702657420070,628.4780883789062,495.56719064712524
1702657420084,616.3923263549805,492.9631519317627
1702657420092,616.4908790588379,486.0590171813965
1702657420103,608.8675308227539,481.15482330322266
1702657420115,617.2721481323242,476.0296154022217
1702657420126,619.3952941894531,484.3610715866089
1702657420137,612.510929107666,484.54972743988037
1702657420148,608.5079002380371,487.50560760498047
1702657420159,607.3819160461426,479.44342374801636
1702657420170,615.3462600708008,476.12452268600464
1702657420182,616.3155746459961,481.3521480560303
1702657420215,616.1890411376953,493.5464143753052
1702657420216,613.8385581970215,493.8578939437866
1702657420232,653.3218002319336,476.0958981513977
1702657420237,696.3661956787109,467.7987313270569
1702657420249,688.4828567504883,468.2009553909302
1702657420259,695.1475143432617,477.4965476989746
1702657420270,693.2983779907227,480.3958010673523
1702657420281,691.3113784790039,484.4911050796509
1702657420292,691.3698196411133,481.5121579170227
1702657420303,693.5150909423828,489.7047829627991
1702657420314,697.550048828125,487.4690008163452
1702657420325,694.9088668823242,487.07063913345337
1702657420368,697.7069854736328,478.04959774017334
1702657420369,722.2454452514648,491.72937870025635
1702657420385,1189.9299240112305,774.7489500045776
1702657420392,1230.7501220703125,779.4542741775513
1702657420404,1241.6741943359375,799.0023851394653
1702657420414,1250.2104568481445,807.7744960784912
1702657420425,1255.0581359863281,807.0397424697876
1702657420436,1254.0642166137695,801.807074546814
1702657420448,1255.500602722168,797.5951910018921
1702657420459,1254.8489379882812,797.5506019592285
1702657420470,1260.839729309082,799.4145441055298
1702657420515,1254.6190643310547,799.7873497009277
1702657420516,1256.3389587402344,800.7900667190552
1702657420532,1257.817153930664,806.5041589736938
1702657420536,1252.7510833740234,802.4236822128296
1702657420548,1254.3976211547852,807.7838516235352
1702657420559,1250.721664428711,811.4602375030518
1702657420570,1252.825698852539,817.4572277069092
1702657420581,1211.2440490722656,784.8356437683105
1702657420592,1131.4718627929688,726.2792658805847
1702657420603,869.5717239379883,537.4276757240295
1702657420615,801.5057373046875,496.5864300727844
1702657420654,778.9198303222656,484.8931574821472
1702657420658,765.7053375244141,486.3379240036011
1702657420670,760.3616333007812,482.85510778427124
1702657420680,767.7249908447266,490.45541524887085
1702657420692,767.9860305786133,483.75534296035767
1702657420702,773.4255599975586,490.60542583465576
1702657420714,770.4628372192383,486.6836929321289
1702657420725,767.611083984375,495.3686213493347
1702657420736,768.6807250976562,500.89513063430786
1702657420747,766.3207626342773,505.81116914749146
1702657420758,756.4073181152344,503.6766457557678
1702657420799,825.6842803955078,518.3137607574463
1702657420802,1757.2089385986328,949.4690752029419
1702657420817,2048.5765075683594,1044.0603733062744
1702657420824,2081.9757080078125,1103.731927871704
1702657420835,nan,nan
1702657420846,nan,nan
1702657420857,nan,nan
1702657420867,nan,nan
1702657420878,nan,nan
1702657420889,nan,nan
1702657420900,nan,nan
1702657420911,nan,nan
1702657420952,nan,nan
1702657420953,nan,nan
1702657420956,nan,nan
1702657420969,nan,nan
1702657420977,nan,nan
1702657420994,nan,nan
1702657421015,nan,nan
1702657421026,nan,nan
1702657421035,nan,nan
1702657421047,nan,nan
1702657421062,nan,nan
1702657421096,nan,nan
1702657421102,nan,nan
1702657421113,nan,nan
1702657421129,nan,nan
1702657421136,nan,nan
1702657421147,nan,nan
1702657421163,nan,nan
1702657421170,nan,nan
1702657421180,nan,nan
1702657421197,nan,nan
1702657421205,nan,nan
1702657421214,nan,nan
1702657421250,nan,nan
1702657421265,nan,nan
1702657421273,nan,nan
1702657421283,nan,nan
1702657421298,nan,nan
1702657421307,nan,nan
1702657421317,nan,nan
1702657421331,nan,nan
1702657421340,nan,nan
1702657421350,nan,nan
1702657421364,nan,nan
1702657421409,nan,nan
1702657421425,nan,nan
1702657421429,nan,nan
1702657421440,nan,nan
1702657421450,nan,nan
1702657421463,nan,nan
1702657421472,nan,nan
1702657421483,nan,nan
1702657421497,nan,nan
1702657421505,nan,nan
1702657421516,nan,nan
1702657421549,nan,nan
1702657421550,nan,nan
1702657421568,nan,nan
1702657421572,nan,nan
1702657421584,nan,nan
1702657421597,nan,nan
1702657421604,nan,nan
1702657421617,nan,nan
1702657421630,nan,nan
1702657421638,nan,nan
1702657421650,nan,nan
1702657421663,nan,nan
1702657421698,nan,nan
1702657421699,nan,nan
1702657421705,nan,nan
1702657421717,nan,nan
1702657421730,nan,nan
1702657421739,nan,nan
1702657421751,nan,nan
1702657421764,nan,nan
1702657421772,nan,nan
1702657421783,nan,nan
1702657421797,nan,nan
1702657421804,nan,nan
1702657421816,nan,nan
1702657421848,nan,nan
1702657421849,nan,nan
1702657421865,nan,nan
1702657421871,nan,nan
1702657421883,nan,nan
1702657421896,nan,nan
1702657421904,nan,nan
1702657421916,nan,nan
1702657421929,nan,nan
1702657421937,nan,nan
1702657421949,nan,nan
1702657421981,nan,nan
1702657421982,nan,nan
1702657421997,nan,nan
1702657422004,nan,nan
1702657422016,nan,nan
1702657422028,nan,nan
1702657422037,nan,nan
1702657422049,nan,nan
1702657422062,nan,nan
1702657422071,nan,nan
1702657422082,nan,nan
1702657422094,nan,nan
1702657422131,nan,nan
1702657422132,nan,nan
1702657422137,nan,nan
1702657422150,nan,nan
1702657422163,nan,nan
1702657422170,nan,nan
1702657422182,nan,nan
1702657422194,nan,nan
1702657422203,nan,nan
1702657422215,nan,nan
1702657422227,nan,nan
1702657422265,nan,nan
1702657422266,nan,nan
1702657422270,nan,nan
1702657422290,nan,nan
1702657422304,nan,nan
1702657422315,1339.4403076171875,896.8754196166992
1702657422326,1278.10302734375,852.9895877838135
1702657422338,1243.9625930786133,858.9303159713745
1702657422349,1240.8750915527344,861.4716339111328
1702657422360,1230.3300857543945,881.4429330825806
1702657422371,1255.7404708862305,870.9072589874268
1702657422383,1260.9130477905273,873.4244155883789
1702657422416,1258.9780807495117,872.5546503067017
1702657422417,1256.7020797729492,848.4744644165039
1702657422433,1260.1555252075195,851.1236715316772
1702657422439,1264.1521453857422,858.6264753341675
1702657422451,1261.2455368041992,861.6375017166138
1702657422460,1261.1534881591797,858.2599782943726
1702657422472,1255.1092147827148,844.6478748321533
1702657422483,1257.158317565918,835.903959274292
1702657422494,1257.2733306884766,837.6641750335693
1702657422504,1264.9472045898438,836.9257736206055
1702657422516,1260.5122756958008,838.6458206176758
1702657422526,1261.1653518676758,835.7619953155518
1702657422564,1250.8316040039062,829.2628526687622
1702657422571,1447.7922058105469,947.2370052337646
1702657422582,1651.74560546875,979.1431903839111
1702657422592,1747.3361206054688,1017.9861259460449
1702657422603,nan,nan
1702657422615,nan,nan
1702657422625,nan,nan
1702657422636,nan,nan
1702657422648,nan,nan
1702657422658,nan,nan
1702657422698,nan,nan
1702657422702,nan,nan
1702657422715,nan,nan
1702657422724,nan,nan
1702657422735,nan,nan
1702657422745,nan,nan
1702657422762,nan,nan
1702657422782,nan,nan
1702657422800,nan,nan
1702657422805,nan,nan
1702657422815,nan,nan
1702657422847,nan,nan
1702657422848,nan,nan
1702657422849,nan,nan
1702657422867,nan,nan
1702657422872,nan,nan
1702657422883,nan,nan
1702657422899,nan,nan
1702657422905,nan,nan
1702657422916,nan,nan
1702657422933,nan,nan
1702657422938,nan,nan
1702657422950,nan,nan
1702657422985,nan,nan
1702657422986,nan,nan
1702657423003,nan,nan
1702657423005,nan,nan
1702657423016,nan,nan
1702657423032,nan,nan
1702657423038,nan,nan
1702657423049,nan,nan
1702657423065,nan,nan
1702657423072,nan,nan
1702657423081,nan,nan
1702657423098,nan,nan
1702657423139,nan,nan
1702657423140,nan,nan
1702657423156,nan,nan
1702657423164,nan,nan
1702657423171,nan,nan
1702657423182,nan,nan
1702657423197,nan,nan
1702657423205,nan,nan
1702657423216,nan,nan
1702657423231,nan,nan
1702657423239,nan,nan
1702657423249,nan,nan
1702657423283,nan,nan
1702657423300,nan,nan
1702657423303,nan,nan
1702657423315,nan,nan
1702657423330,nan,nan
1702657423337,nan,nan
1702657423349,nan,nan
1702657423363,nan,nan
1702657423370,nan,nan
1702657423382,nan,nan
1702657423415,nan,nan
1702657423416,nan,nan
1702657423432,nan,nan
1702657423438,nan,nan
1702657423451,nan,nan
1702657423464,nan,nan
1702657423471,nan,nan
1702657423482,nan,nan
1702657423497,nan,nan
1702657423504,nan,nan
1702657423515,nan,nan
1702657423531,nan,nan
1702657423545,nan,nan
1702657423566,nan,nan
1702657423571,nan,nan
1702657423583,nan,nan
1702657423598,nan,nan
1702657423604,nan,nan
1702657423616,nan,nan
1702657423632,nan,nan
1702657423638,nan,nan
1702657423648,nan,nan
1702657423664,nan,nan
1702657423699,nan,nan
1702657423704,nan,nan
1702657423717,nan,nan
1702657423731,nan,nan
1702657423737,nan,nan
1702657423748,nan,nan
1702657423764,nan,nan
1702657423770,nan,nan
1702657423781,nan,nan
1702657423797,nan,nan
1702657423804,nan,nan
1702657423815,nan,nan
1702657423851,nan,nan
1702657423852,nan,nan
1702657423869,nan,nan
1702657423871,nan,nan
1702657423883,nan,nan
1702657423897,nan,nan
1702657423904,nan,nan
1702657423915,nan,nan
1702657423930,nan,nan
1702657423937,nan,nan
1702657423949,nan,nan
1702657423987,nan,nan
1702657424005,nan,nan
1702657424019,nan,nan
1702657424030,nan,nan
1702657424037,nan,nan
1702657424048,nan,nan
1702657424063,nan,nan
1702657424071,nan,nan
1702657424082,nan,nan
1702657424097,nan,nan
1702657424114,nan,nan
1702657424134,nan,nan
1702657424138,nan,nan
1702657424152,nan,nan
1702657424166,nan,nan
1702657424172,nan,nan
1702657424183,nan,nan
1702657424198,nan,nan
1702657424205,nan,nan
1702657424216,nan,nan
1702657424232,nan,nan
1702657424238,nan,nan
1702657424249,nan,nan
1702657424285,nan,nan
1702657424286,nan,nan
1702657424302,nan,nan
1702657424305,nan,nan
1702657424316,nan,nan
1702657424331,nan,nan
1702657424339,nan,nan
1702657424349,nan,nan
1702657424366,nan,nan
1702657424372,nan,nan
1702657424381,nan,nan
1702657424416,nan,nan
1702657424417,nan,nan
1702657424431,nan,nan
1702657424437,nan,nan
1702657424448,nan,nan
1702657424464,nan,nan
1702657424472,nan,nan
1702657424481,nan,nan
1702657424497,nan,nan
1702657424504,nan,nan
1702657424514,nan,nan
1702657424528,nan,nan
1702657424545,nan,nan
1702657424565,nan,nan
1702657424569,nan,nan
1702657424582,nan,nan
1702657424595,nan,nan
1702657424602,nan,nan
1702657424614,nan,nan
1702657424627,nan,nan
1702657424636,nan,nan
1702657424647,nan,nan
1702657424661,nan,nan
1702657424669,nan,nan
1702657424701,nan,nan
1702657424702,nan,nan
1702657424703,nan,nan
1702657424723,nan,nan
1702657424728,nan,nan
1702657424736,nan,nan
1702657424748,nan,nan
1702657424759,nan,nan
1702657424768,nan,nan
1702657424780,nan,nan
1702657424792,nan,nan
1702657424802,nan,nan
1702657424814,nan,nan
1702657424850,nan,nan
1702657424867,nan,nan
1702657424869,nan,nan
1702657424887,nan,nan
1702657424902,nan,nan
1702657424913,nan,nan
1702657424924,nan,nan
1702657424935,nan,nan
1702657424947,nan,nan
1702657424958,nan,nan
1702657424969,nan,nan
1702657425000,nan,nan
1702657425001,nan,nan
1702657425017,nan,nan
1702657425034,nan,nan
1702657425050,nan,nan
1702657425062,1288.774757385254,791.7777156829834
1702657425072,1288.774757385254,791.7777156829834
1702657425084,1288.774757385254,791.7777156829834
1702657425095,1087.5840377807617,872.981743812561
1702657425137,1198.6616134643555,826.4760160446167
1702657425138,1204.560661315918,827.8011131286621
1702657425141,1211.9195556640625,834.951024055481
1702657425156,1214.4478225708008,837.3020553588867
1702657425163,1210.611457824707,835.4300451278687
1702657425174,1204.0196228027344,825.9483289718628
1702657425184,1204.740867614746,830.1467370986938
1702657425195,1199.8286437988281,830.0368738174438
1702657425206,1204.8347473144531,830.3940582275391
1702657425217,1200.2319717407227,824.0527153015137
1702657425229,1205.4183197021484,820.1063919067383
1702657425239,1199.3582153320312,824.1944646835327
1702657425251,1199.4203567504883,833.6853647232056
1702657425286,1200.3249740600586,835.4531335830688
1702657425302,1201.7389297485352,821.1709928512573
1702657425306,1210.869369506836,822.2587251663208
1702657425319,1210.2727508544922,822.0642328262329
1702657425329,1212.343635559082,817.3310565948486
1702657425340,1205.131492614746,810.6007719039917
1702657425351,1198.447265625,803.3506536483765
1702657425362,1194.2346572875977,807.0827436447144
1702657425372,1200.8742904663086,811.3134670257568
1702657425384,1201.9406127929688,815.0121688842773
1702657425395,1197.5963973999023,817.3324728012085
1702657425433,1198.9130020141602,819.6761226654053
1702657425434,1197.2329711914062,816.9903945922852
1702657425439,920.6306838989258,665.1802825927734
1702657425450,820.4713821411133,610.3140664100647
1702657425462,738.5825347900391,582.7012395858765
1702657425473,623.4526062011719,528.7140583992004
1702657425484,614.8575401306152,527.5075364112854
1702657425495,609.3975448608398,523.6714196205139
1702657425506,601.2685012817383,522.8040146827698
1702657425517,605.2558898925781,520.2211332321167
1702657425529,604.2839050292969,515.6450271606445
1702657425568,605.1644515991211,517.2490954399109
1702657425569,598.7655639648438,515.5930995941162
1702657425573,593.7089729309082,502.0720839500427
1702657425588,599.9470520019531,503.59448432922363
1702657425595,600.7029914855957,510.6726837158203
1702657425606,598.6995887756348,512.7987098693848
1702657425617,593.0086517333984,515.611081123352
1702657425629,594.6613693237305,517.4720406532288
1702657425640,596.6921806335449,519.4199681282043
1702657425651,593.3825302124023,513.1912779808044
1702657425662,579.3718719482422,504.21531915664673
1702657425673,553.7475776672363,492.373902797699
1702657425684,549.3551635742188,492.979953289032
1702657425719,550.4286575317383,494.9521493911743
1702657425720,549.1138458251953,495.422887802124
1702657425736,558.5541725158691,496.9642996788025
1702657425740,556.1904335021973,500.9145498275757
1702657425750,553.4794616699219,502.158043384552
1702657425761,556.1238861083984,506.5997815132141
1702657425772,559.764347076416,507.5040936470032
1702657425784,563.8032722473145,508.59407901763916
1702657425795,557.1211433410645,502.68152475357056
1702657425805,553.9414978027344,495.51472663879395
1702657425817,552.1157073974609,495.6380867958069
1702657425828,558.5703468322754,492.7661919593811
1702657425867,608.4510803222656,499.2257237434387
1702657425868,676.7604446411133,513.0874228477478
1702657425871,883.6215591430664,577.765052318573
1702657425884,nan,nan
1702657425893,nan,nan
1702657425904,nan,nan
1702657425915,nan,nan
1702657425926,nan,nan
1702657425937,nan,nan
1702657425949,nan,nan
1702657425959,nan,nan
1702657425999,nan,nan
1702657426000,nan,nan
1702657426002,nan,nan
1702657426021,nan,nan
1702657426040,nan,nan
1702657426052,nan,nan
1702657426063,nan,nan
1702657426073,nan,nan
1702657426085,nan,nan
1702657426096,nan,nan
1702657426106,nan,nan
1702657426118,nan,nan
1702657426154,nan,nan
1702657426155,nan,nan
1702657426164,nan,nan
1702657426173,nan,nan
1702657426187,nan,nan
1702657426198,nan,nan
1702657426206,nan,nan
1702657426218,nan,nan
1702657426232,nan,nan
1702657426240,nan,nan
1702657426252,nan,nan
1702657426265,nan,nan
1702657426301,nan,nan
1702657426306,nan,nan
1702657426318,nan,nan
1702657426330,nan,nan
1702657426340,nan,nan
1702657426352,nan,nan
1702657426364,nan,nan
1702657426373,nan,nan
1702657426385,nan,nan
1702657426399,nan,nan
1702657426439,nan,nan
1702657426440,nan,nan
1702657426441,nan,nan
1702657426457,nan,nan
1702657426467,nan,nan
1702657426475,nan,nan
1702657426486,nan,nan
1702657426501,nan,nan
1702657426509,nan,nan
1702657426519,nan,nan
1702657426535,nan,nan
1702657426543,nan,nan
1702657426552,nan,nan
1702657426586,nan,nan
1702657426587,nan,nan
1702657426605,nan,nan
1702657426609,nan,nan
1702657426620,nan,nan
1702657426634,nan,nan
1702657426643,nan,nan
1702657426653,nan,nan
1702657426667,nan,nan
1702657426676,nan,nan
1702657426687,nan,nan
1702657426699,nan,nan
1702657426735,nan,nan
1702657426736,nan,nan
1702657426742,nan,nan
1702657426754,nan,nan
1702657426768,nan,nan
1702657426775,nan,nan
1702657426788,nan,nan
1702657426800,nan,nan
1702657426809,nan,nan
1702657426821,nan,nan
1702657426833,nan,nan
1702657426842,nan,nan
1702657426854,nan,nan
1702657426886,nan,nan
1702657426887,nan,nan
1702657426906,nan,nan
1702657426907,nan,nan
1702657426920,nan,nan
1702657426933,nan,nan
1702657426941,nan,nan
1702657426953,nan,nan
1702657426967,nan,nan
1702657426974,nan,nan
1702657426986,nan,nan
1702657427000,nan,nan
1702657427016,nan,nan
1702657427035,nan,nan
1702657427041,nan,nan
1702657427053,nan,nan
1702657427067,nan,nan
1702657427075,nan,nan
1702657427086,nan,nan
1702657427100,nan,nan
1702657427109,nan,nan
1702657427120,nan,nan
1702657427133,nan,nan
1702657427170,nan,nan
1702657427175,nan,nan
1702657427187,nan,nan
1702657427202,nan,nan
1702657427217,nan,nan
1702657427229,nan,nan
1702657427240,nan,nan
1702657427251,nan,nan
1702657427263,nan,nan
1702657427273,nan,nan
1702657427306,1252.3881530761719,838.5811901092529
1702657427307,1226.8250274658203,843.931188583374
1702657427324,1244.967269897461,833.5560607910156
1702657427329,1251.7420959472656,824.4146633148193
1702657427341,1243.9676666259766,826.4107418060303
1702657427351,1243.3592224121094,821.7655849456787
1702657427362,1235.1898193359375,823.8394260406494
1702657427373,1230.1020050048828,819.8800563812256
1702657427384,1232.2529602050781,814.0058040618896
1702657427396,1233.6969757080078,825.6404972076416
1702657427407,1243.6341094970703,832.5687503814697
1702657427418,1241.8919372558594,839.3889427185059
1702657427453,1244.2088317871094,839.1867256164551
1702657427462,1256.5043640136719,835.2120780944824
1702657427473,1297.010498046875,866.2273406982422
1702657427484,nan,nan
1702657427495,nan,nan
1702657427506,nan,nan
1702657427517,nan,nan
1702657427528,nan,nan
1702657427539,nan,nan
1702657427550,nan,nan
1702657427585,nan,nan
1702657427586,nan,nan
1702657427604,nan,nan
1702657427613,nan,nan
1702657427623,nan,nan
1702657427636,nan,nan
1702657427645,nan,nan
1702657427656,nan,nan
1702657427669,nan,nan
1702657427679,nan,nan
1702657427689,nan,nan
1702657427715,nan,nan
1702657427733,nan,nan
1702657427734,nan,nan
1702657427737,nan,nan
1702657427750,nan,nan
1702657427754,nan,nan
1702657427770,nan,nan
1702657427780,nan,nan
1702657427788,nan,nan
1702657427804,nan,nan
1702657427813,nan,nan
1702657427822,nan,nan
1702657427868,nan,nan
1702657427869,nan,nan
1702657427870,nan,nan
1702657427884,nan,nan
1702657427890,nan,nan
1702657427903,nan,nan
1702657427914,nan,nan
1702657427923,nan,nan
1702657427936,nan,nan
1702657427948,nan,nan
1702657427956,nan,nan
1702657427970,nan,nan
1702657427978,nan,nan
1702657427994,nan,nan
1702657428019,nan,nan
1702657428022,nan,nan
1702657428038,nan,nan
1702657428044,nan,nan
1702657428055,nan,nan
1702657428073,nan,nan
1702657428078,nan,nan
1702657428089,nan,nan
1702657428105,nan,nan
1702657428111,nan,nan
1702657428122,nan,nan
1702657428148,nan,nan
1702657428168,nan,nan
1702657428173,nan,nan
1702657428186,nan,nan
1702657428189,nan,nan
1702657428206,nan,nan
1702657428213,nan,nan
1702657428222,nan,nan
1702657428239,nan,nan
1702657428247,nan,nan
1702657428256,nan,nan
1702657428271,nan,nan
1702657428303,nan,nan
1702657428305,nan,nan
1702657428318,nan,nan
1702657428322,nan,nan
1702657428338,nan,nan
1702657428346,nan,nan
1702657428354,nan,nan
1702657428371,nan,nan
1702657428378,nan,nan
1702657428388,nan,nan
1702657428403,nan,nan
1702657428412,nan,nan
1702657428453,nan,nan
1702657428455,nan,nan
1702657428470,nan,nan
1702657428479,nan,nan
1702657428489,nan,nan
1702657428503,nan,nan
1702657428513,nan,nan
1702657428523,nan,nan
1702657428537,nan,nan
1702657428546,nan,nan
1702657428556,nan,nan
1702657428602,nan,nan
1702657428603,nan,nan
1702657428604,nan,nan
1702657428610,nan,nan
1702657428622,nan,nan
1702657428638,nan,nan
1702657428644,nan,nan
1702657428662,nan,nan
1702657428674,nan,nan
1702657428686,nan,nan
1702657428697,nan,nan
1702657428735,nan,nan
1702657428740,nan,nan
1702657428751,nan,nan
1702657428769,nan,nan
1702657428790,nan,nan
1702657428808,nan,nan
1702657428815,nan,nan
1702657428824,nan,nan
1702657428841,nan,nan
1702657428848,nan,nan
1702657428858,nan,nan
1702657428888,nan,nan
1702657428890,nan,nan
1702657428905,nan,nan
1702657428914,nan,nan
1702657428924,nan,nan
1702657428938,nan,nan
1702657428947,nan,nan
1702657428957,nan,nan
1702657428971,nan,nan
1702657428980,nan,nan
1702657428990,nan,nan
1702657429021,nan,nan
1702657429025,nan,nan
1702657429037,nan,nan
1702657429047,nan,nan
1702657429057,nan,nan
1702657429069,nan,nan
1702657429080,nan,nan
1702657429090,nan,nan
1702657429104,nan,nan
1702657429114,nan,nan
1702657429123,nan,nan
1702657429138,nan,nan
1702657429171,nan,nan
1702657429172,nan,nan
1702657429178,nan,nan
1702657429190,nan,nan
1702657429206,nan,nan
1702657429212,nan,nan
1702657429224,nan,nan
1702657429239,nan,nan
1702657429245,nan,nan
1702657429257,nan,nan
1702657429274,nan,nan
1702657429279,nan,nan
1702657429320,nan,nan
1702657429321,nan,nan
1702657429334,nan,nan
1702657429342,nan,nan
1702657429354,nan,nan
1702657429366,nan,nan
1702657429376,nan,nan
1702657429387,nan,nan
1702657429400,nan,nan
1702657429409,nan,nan
1702657429420,nan,nan
1702657429453,nan,nan
1702657429454,nan,nan
1702657429468,nan,nan
1702657429477,nan,nan
1702657429487,nan,nan
1702657429501,nan,nan
1702657429510,nan,nan
1702657429520,nan,nan
1702657429535,nan,nan
1702657429543,nan,nan
1702657429554,nan,nan
1702657429567,nan,nan
1702657429605,nan,nan
1702657429610,nan,nan
1702657429621,nan,nan
1702657429635,nan,nan
1702657429643,nan,nan
1702657429655,nan,nan
1702657429666,nan,nan
1702657429677,nan,nan
1702657429688,nan,nan
1702657429700,nan,nan
1702657429737,nan,nan
1702657429743,nan,nan
1702657429756,nan,nan
1702657429771,nan,nan
1702657429787,nan,nan
1702657429798,nan,nan
1702657429810,nan,nan
1702657429821,nan,nan
1702657429832,1012.4871826171875,673.7138271331787
1702657429869,1012.4871826171875,673.7138271331787
1702657429884,984.8465728759766,636.9956946372986
1702657429890,983.5195541381836,639.079749584198
1702657429900,991.3039779663086,641.0597348213196
1702657429911,1069.1825485229492,678.92014503479
1702657429923,1152.6821899414062,723.7321972846985
1702657429933,1209.1209030151367,763.801417350769
1702657429944,1209.107551574707,761.3300943374634
1702657429956,1203.7757110595703,763.83544921875
1702657429967,1210.911636352539,761.5749263763428
1702657429978,1215.8216857910156,771.319842338562
1702657430000,1216.7557525634766,771.1055660247803
1702657430021,1212.816390991211,775.4964923858643
1702657430022,1214.3350219726562,771.1837577819824
1702657430023,1211.4648818969727,769.2280197143555
1702657430036,1209.2084503173828,767.2826242446899
1702657430045,1208.6776733398438,767.8235721588135
1702657430056,1205.6168365478516,767.7852916717529
1702657430067,1214.4440078735352,769.1023206710815
1702657430078,1220.636329650879,773.2669544219971
1702657430090,1229.5798110961914,773.3290529251099
1702657430100,1224.193344116211,777.3768711090088
1702657430111,1219.5540618896484,767.9478549957275
1702657430122,1214.8802185058594,767.7740478515625
1702657430158,1217.3962020874023,762.0360517501831
1702657430159,1216.1810302734375,766.0770034790039
1702657430167,1158.03466796875,746.037769317627
1702657430177,1001.6857528686523,671.7228984832764
1702657430190,919.8481750488281,635.3572511672974
1702657430200,650.9635925292969,539.8855018615723
1702657430211,561.1134719848633,511.19455575942993
1702657430222,561.6478157043457,505.83030939102173
1702657430233,565.198860168457,504.96678829193115
1702657430244,560.5755424499512,503.0106854438782
1702657430255,560.7172584533691,507.39792108535767
1702657430267,558.4441375732422,508.15067768096924
1702657430304,558.2905197143555,506.0052537918091
1702657430311,563.5662651062012,514.0169262886047
1702657430322,564.0673065185547,511.42192125320435
1702657430335,565.5569458007812,510.45613288879395
1702657430344,565.2780342102051,517.3644518852234
1702657430356,562.534294128418,518.5293889045715
1702657430367,558.2941055297852,513.2501363754272
1702657430378,560.2212524414062,515.7105803489685
1702657430389,559.8547554016113,517.4750232696533
1702657430400,559.6685028076172,521.867880821228
1702657430438,555.6631088256836,524.428768157959
1702657430439,554.2047691345215,528.7930226325989
1702657430445,458.8124084472656,497.04933643341064
1702657430456,435.899600982666,484.17370319366455
1702657430469,423.16368103027344,480.6924319267273
1702657430477,439.67601776123047,490.8353018760681
1702657430488,430.61641693115234,491.3010621070862
1702657430499,431.0233688354492,492.5384831428528
1702657430510,431.30720138549805,486.89208984375
1702657430522,434.28049087524414,492.52320528030396
1702657430533,430.4999351501465,492.180655002594
1702657430544,429.58459854125977,491.4495921134949
1702657430555,429.7068214416504,490.9236001968384
1702657430588,431.64621353149414,490.63143253326416
1702657430589,431.59692764282227,496.4626622200012
1702657430605,440.9385299682617,500.234534740448
1702657430611,438.74073028564453,499.15186643600464
1702657430623,434.0504455566406,498.68385314941406
1702657430633,434.1645622253418,496.86995029449463
1702657430644,435.98270416259766,495.9369921684265
1702657430655,435.1897621154785,497.418429851532
1702657430666,471.31067276000977,518.844645023346
1702657430678,739.0209579467773,613.0020475387573
1702657430689,906.0042190551758,669.800226688385
1702657430700,1018.5768127441406,697.6726269721985
1702657430718,1144.5129013061523,746.8989944458008
1702657430739,1149.7412109375,754.5304584503174
1702657430744,1175.3126525878906,758.5460472106934
1702657430756,1175.0584411621094,757.3321008682251
1702657430768,1174.619140625,751.2280368804932
1702657430778,1179.5537567138672,755.5558347702026
1702657430789,1178.072738647461,754.3971633911133
1702657430800,1177.3880767822266,762.5452423095703
1702657430811,1174.574089050293,760.7128429412842
1702657430822,1176.5172576904297,760.0779104232788
1702657430834,1174.1171264648438,757.2791433334351
1702657430872,1175.2901458740234,757.9345035552979
1702657430873,1170.2134704589844,761.681056022644
1702657430877,1177.2595596313477,754.648003578186
1702657430889,1181.812515258789,752.1589136123657
1702657430900,1179.6234893798828,751.6684341430664
1702657430910,1178.3345413208008,757.6060724258423
1702657430922,1200.1686477661133,766.329345703125
1702657430933,1211.1297225952148,778.1338548660278
1702657430944,1241.084327697754,802.5195980072021
1702657430955,1237.0930480957031,807.0572519302368
1702657430966,1237.374496459961,805.6892395019531
1702657430977,1241.8020629882812,812.9054975509644
1702657430988,1237.1861267089844,811.9642353057861
1702657431024,1240.1463317871094,813.3340072631836
1702657431025,1239.6391296386719,815.2567863464355
1702657431033,1241.1385345458984,815.4909753799438
1702657431044,1234.4932174682617,811.9394731521606
1702657431055,1234.103775024414,808.5902738571167
1702657431066,1232.662010192871,807.3062038421631
1702657431077,1235.4675674438477,807.4421167373657
1702657431089,1234.5637893676758,806.9162321090698
1702657431100,1230.1139831542969,806.5705919265747
1702657431111,1124.2902755737305,768.6356592178345
1702657431122,1019.3896865844727,725.7210445404053
1702657431133,885.1216125488281,673.2196569442749
1702657431172,545.4682350158691,538.4515929222107
1702657431178,396.0655975341797,513.4962558746338
1702657431189,397.04172134399414,510.4504895210266
1702657431200,389.40515518188477,510.42954683303833
1702657431211,397.9134941101074,520.7381343841553
1702657431222,402.59687423706055,521.0893750190735
1702657431232,403.1085968017578,517.7160573005676
1702657431243,400.48309326171875,515.7468008995056
1702657431254,398.9670944213867,516.2743806838989
1702657431266,387.2616958618164,478.4492039680481
1702657431305,360.76128005981445,296.35337948799133
1702657431310,330.0030994415283,171.16474986076355
1702657431321,318.77482414245605,162.69907593727112
1702657431334,322.90284156799316,157.02731430530548
1702657431344,315.58359146118164,150.2032059431076
1702657431355,313.4651851654053,152.0802104473114
1702657431366,317.04678535461426,155.25653064250946
1702657431377,319.9804210662842,159.21625971794128
1702657431388,315.8828639984131,159.11178767681122
1702657431399,311.0004138946533,158.31730663776398
1702657431410,306.4176368713379,159.64570820331573
1702657431421,308.5081386566162,156.09408795833588
1702657431458,311.1170482635498,154.29525911808014
1702657431459,311.53621673583984,145.74325025081635
1702657431474,320.606050491333,137.97343790531158
1702657431477,388.7028694152832,106.4203280210495
1702657431490,415.8316421508789,105.70758998394012
1702657431499,427.3629570007324,104.66289103031158
1702657431510,414.89187240600586,119.36287701129913
1702657431521,413.6410331726074,115.4888391494751
1702657431533,419.1973876953125,113.22679281234741
1702657431544,415.9652328491211,119.0783429145813
1702657431555,421.55487060546875,120.20729005336761
1702657431596,417.28599548339844,130.14915525913239
1702657431597,412.0339584350586,121.48065268993378
1702657431599,412.85085678100586,121.75540208816528
1702657431612,423.5783004760742,133.8119101524353
1702657431622,420.35816192626953,143.24694514274597
1702657431633,415.8920097351074,185.7003539800644
1702657431644,384.93717193603516,353.3478534221649
1702657431655,386.3603210449219,422.8364324569702
1702657431666,392.39294052124023,446.78186416625977
1702657431676,403.4041976928711,445.15947103500366
1702657431687,402.8121566772461,454.31610345840454
1702657431699,400.8672904968262,456.70599460601807
1702657431741,401.8807029724121,463.2268953323364
1702657431742,398.5596466064453,457.1724200248718
1702657431743,395.4393005371094,446.1383271217346
1702657431760,397.94713973999023,446.96738719940186
1702657431766,403.3441925048828,456.10612392425537
1702657431778,402.37226486206055,460.01755714416504
1702657431788,407.56134033203125,468.8038730621338
1702657431800,408.80199432373047,470.2802896499634
1702657431810,416.19707107543945,469.9789595603943
1702657431821,411.1022758483887,466.08795404434204
1702657431831,403.48228454589844,454.34805393218994
1702657431842,394.8040008544922,450.6621193885803
1702657431853,nan,nan
1702657431893,nan,nan
1702657431897,nan,nan
1702657431910,nan,nan
1702657431919,nan,nan
1702657431930,nan,nan
1702657431940,nan,nan
1702657431952,nan,nan
1702657431963,nan,nan
1702657431974,nan,nan
1702657431985,nan,nan
1702657431996,nan,nan
1702657432007,nan,nan
1702657432025,nan,nan
1702657432044,nan,nan
1702657432048,nan,nan
1702657432066,nan,nan
1702657432076,nan,nan
1702657432089,nan,nan
1702657432099,nan,nan
1702657432110,nan,nan
1702657432122,nan,nan
1702657432133,nan,nan
1702657432143,nan,nan
1702657432155,nan,nan
1702657432193,nan,nan
1702657432202,nan,nan
1702657432211,nan,nan
1702657432222,nan,nan
1702657432235,nan,nan
1702657432245,nan,nan
1702657432255,nan,nan
1702657432269,nan,nan
1702657432278,nan,nan
1702657432289,nan,nan
1702657432303,nan,nan
1702657432339,nan,nan
1702657432345,nan,nan
1702657432356,nan,nan
1702657432366,nan,nan
1702657432377,nan,nan
1702657432388,nan,nan
1702657432399,nan,nan
1702657432410,nan,nan
1702657432421,nan,nan
1702657432432,nan,nan
1702657432444,nan,nan
1702657432455,nan,nan
1702657432490,nan,nan
1702657432491,nan,nan
1702657432506,nan,nan
1702657432510,nan,nan
1702657432522,nan,nan
1702657432533,nan,nan
1702657432544,nan,nan
1702657432556,1379.5326232910156,937.6570987701416
1702657432567,1380.3716278076172,909.8303604125977
1702657432579,1385.5040740966797,907.7874612808228
1702657432590,1370.0021362304688,918.302149772644
1702657432624,1370.4759979248047,913.9466714859009
1702657432639,1374.8268127441406,890.4818487167358
1702657432646,1269.322624206543,807.4646472930908
1702657432658,1246.4296340942383,796.0118293762207
1702657432667,1243.903923034668,799.8400926589966
1702657432679,1261.3349533081055,808.854718208313
1702657432690,1262.0762634277344,798.2873725891113
1702657432701,1262.5333404541016,798.9183568954468
1702657432713,1260.2376174926758,803.6287450790405
1702657432724,1255.8082580566406,807.117075920105
1702657432734,1257.4032592773438,805.6314754486084
1702657432774,1253.270606994629,802.7251195907593
1702657432780,1253.2761764526367,796.1214780807495
1702657432791,1250.4061126708984,799.3191862106323
1702657432801,1249.8752975463867,800.8231544494629
1702657432813,1245.5630111694336,802.6168441772461
1702657432824,1243.503532409668,803.6799001693726
1702657432834,1244.9751663208008,802.0105791091919
1702657432846,1250.5718231201172,801.9335031509399
1702657432857,1249.7033309936523,799.1223335266113
1702657432867,1247.7471542358398,798.7120628356934
1702657432879,1243.065185546875,796.9288444519043
1702657432890,1248.3627700805664,795.213303565979
1702657432925,1249.6260833740234,796.6650009155273
1702657432926,1254.3142700195312,796.7500591278076
1702657432934,1252.3614120483398,797.8861999511719
1702657432946,1249.967918395996,801.7414569854736
1702657432956,1247.406005859375,804.8276281356812
1702657432967,1247.904396057129,805.0046110153198
1702657432979,1248.4902572631836,798.3714437484741
1702657432990,1252.0074081420898,795.9487438201904
1702657433000,1251.1880111694336,793.9685869216919
1702657433012,1254.5175170898438,797.9354667663574
1702657433024,1249.2303085327148,798.2919645309448
1702657433034,1250.2365493774414,802.7081251144409
1702657433073,1252.437973022461,809.0838003158569
1702657433079,1250.6050491333008,799.769926071167
1702657433090,1249.605598449707,800.1325178146362
1702657433100,1249.6438598632812,803.5322713851929
1702657433112,1246.4741897583008,808.7132263183594
1702657433124,1244.7699356079102,803.9204406738281
1702657433134,1244.8165130615234,804.4763231277466
1702657433146,1245.0891876220703,801.9814825057983
1702657433157,1247.954978942871,810.7556962966919
1702657433167,1243.7659072875977,805.9325265884399
1702657433179,1224.3717575073242,788.894190788269
1702657433190,1221.283073425293,784.3649053573608
1702657433225,1221.1686706542969,785.9799385070801
1702657433241,1217.8710174560547,780.1528072357178
1702657433245,1218.7518310546875,788.5579061508179
1702657433257,1220.1991271972656,786.4363861083984
1702657433267,1216.5569305419922,788.7985324859619
1702657433279,1210.7287216186523,790.8578252792358
1702657433290,1212.7517318725586,797.0196533203125
1702657433300,1213.9126205444336,794.4586372375488
1702657433312,1212.2888565063477,799.3957471847534
1702657433323,1211.8425750732422,801.2233400344849
1702657433359,1214.7469329833984,799.0316963195801
1702657433360,1216.5361404418945,798.6181640625
1702657433373,1210.9389114379883,792.8060531616211
1702657433379,1221.2027740478516,771.218090057373
1702657433390,1224.208755493164,773.1865310668945
1702657433401,1219.622802734375,779.5598030090332
1702657433412,1213.2168579101562,799.8946380615234
1702657433423,1214.831199645996,803.5844135284424
1702657433434,1213.5954666137695,803.3320713043213
1702657433445,1215.496482849121,813.4247732162476
1702657433456,1222.4969100952148,807.6228761672974
1702657433467,1224.5037078857422,807.2484397888184
1702657433507,1216.4350509643555,801.1535167694092
1702657433508,1231.009864807129,809.3584156036377
1702657433512,1254.6049118041992,826.4543437957764
1702657433523,1252.6016998291016,829.9447774887085
1702657433533,1251.0617446899414,830.9613990783691
1702657433545,1250.2194595336914,831.0836219787598
1702657433556,1250.938377380371,825.4137754440308
1702657433567,1253.4036254882812,823.850154876709
1702657433578,1255.7684326171875,829.6531677246094
1702657433590,1255.2763748168945,833.3753871917725
1702657433600,1254.0397262573242,832.2967100143433
1702657433612,1250.8641052246094,836.2906265258789
1702657433623,1243.4867095947266,835.8637046813965
1702657433657,1242.5819778442383,841.2510395050049
1702657433673,1245.32958984375,835.6882238388062
1702657433679,1246.6010284423828,842.3689842224121
1702657433690,1246.2984085083008,846.7400407791138
1702657433700,1244.6736145019531,845.7056093215942
1702657433712,1247.5759506225586,848.2930183410645
1702657433723,1252.166862487793,845.7139348983765
1702657433734,1253.6817169189453,846.8877553939819
1702657433746,1252.3468399047852,853.1116390228271
1702657433757,1248.3740997314453,852.9635810852051
1702657433793,1245.1117324829102,853.8219738006592
1702657433794,1248.3235931396484,851.9934368133545
1702657433800,1248.6805725097656,854.334511756897
1702657433812,1240.0343322753906,851.0902404785156
1702657433824,1240.8578872680664,848.5496950149536
1702657433834,1244.1843795776367,847.9956150054932
1702657433845,1247.108154296875,849.7993898391724
1702657433856,1250.1627349853516,852.5376892089844
