timestamp,x,y
1706696145429,530.3457759346178,516.2735383957624
1706696145441,536.6463660617535,520.8637397736311
1706696145460,529.0977784976287,516.1459812894464
1706696145488,532.1282969850292,516.227456741035
1706696145490,527.774645253394,514.9015501141548
1706696145496,536.9930102585806,521.5059632435441
1706696145512,538.0712706640554,520.7239164039493
1706696145518,532.6461659244003,519.1620770841837
1706696145530,533.5357422979282,517.2594048082829
1706696145541,531.3471418826114,514.4578730687499
1706696145552,530.6395440089465,511.79006695747375
1706696145563,573.2295831509334,507.3032369837165
1706696145574,651.6512224324646,501.70331969857216
1706696145585,797.416171233445,495.01880779862404
1706696145596,824.0935345107989,495.22481448948383
1706696145608,836.8316441398272,493.99256110191345
1706696145653,843.2720259401658,496.8853997066617
1706696145654,842.5434213421644,496.2294129654765
1706696145668,852.8200612005597,494.1065212711692
1706696145676,850.6197821357467,491.78276155143976
1706696145686,847.7495957689138,495.3288972377777
1706696145697,844.1497594312273,499.4034979492426
1706696145707,844.9151422668954,503.5458533093333
1706696145718,847.6624823155261,505.18576707690954
1706696145729,852.6823248458244,505.5960675701499
1706696145740,854.9131986192407,502.4696921929717
1706696145751,856.9501285654229,504.7826224938035
1706696145792,851.3012732578753,501.200526766479
1706696145793,853.5331765326106,498.66729211062193
1706696145796,901.0053271019609,495.61497792601585
1706696145809,1031.4375642626378,489.9756394326687
1706696145819,1293.2617294970958,477.31632832437754
1706696145829,1394.0315735072534,477.06949543207884
1706696145840,1444.8953476029246,477.22484804689884
1706696145851,1458.683186979812,482.0184903219342
1706696145862,1461.215869975993,478.83266638964415
1706696145874,1458.4241211712017,480.52312806248665
1706696145884,1455.9937368601895,479.209197498858
1706696145896,1456.1832543952066,483.56941882520914
1706696145907,1458.1262811236402,485.6441231444478
1706696145944,1457.8551845565282,487.3711394146085
1706696145945,1456.596522775055,489.9030964821577
1706696145952,1454.0472165543868,496.0426338016987
1706696145963,1451.500392771993,493.1626383215189
1706696145973,1448.7956960636682,493.24819073081017
1706696145984,1450.0051153260147,486.4507485181093
1706696145996,1453.5235384879534,487.7574736252427
1706696146007,1448.0053074501125,486.9292389601469
1706696146018,1414.1852397495998,483.4198419004679
1706696146029,1395.967280296553,482.4223568663001
1706696146040,1381.374446845416,482.7970901504159
1706696146060,1384.0348210486857,489.9454904720187
1706696146083,1383.1877949216546,489.5020540803671
1706696146084,1384.3962077146919,490.7958334311843
1706696146100,1385.4543264307363,494.1295390948653
1706696146109,1378.4337156592962,497.12398666888475
1706696146119,1374.6569796255746,497.51136489212513
1706696146129,1377.4587840600423,494.96293012052774
1706696146140,1382.584797701785,493.4661168605089
1706696146151,1381.692305057505,490.5589947476983
1706696146162,1378.9252249436672,491.8478760868311
1706696146174,1377.7293859502117,490.5361644923687
1706696146185,1379.6030051392468,493.369865976274
1706696146205,1387.8294053135407,492.851441167295
1706696146228,1435.5136319314881,497.47012816369534
1706696146229,1503.504240407607,504.99521531164646
1706696146247,1543.6402167372842,515.9567814320326
1706696146251,1544.8673168509004,509.22667272388935
1706696146262,1543.647219028229,508.6058249697089
1706696146274,1541.327301609065,504.5450158417225
1706696146285,1543.9065302244771,508.32241624593735
1706696146296,1547.3511417705731,509.9107664078474
1706696146307,1545.679090122672,509.89355966448784
1706696146318,1546.9617723568872,510.9703507274389
1706696146330,1542.1146967877635,507.5926337391138
1706696146341,1545.6756566524646,508.6383627727628
1706696146377,1541.710508848334,514.2265871167183
1706696146384,1471.2362234987436,534.6462916582823
1706696146395,1423.4432855739708,559.2761911451817
1706696146407,1370.634258317986,582.09984973073
1706696146418,1353.1465327708877,590.5422452837229
1706696146429,1353.7449090432222,587.4313496053219
1706696146440,1353.9593882553766,588.1915960460901
1706696146451,1352.743243157799,585.5424087494612
1706696146462,1352.077978845364,585.2811861783266
1706696146474,1353.5572009183043,591.5696669369936
1706696146485,1358.4327467738774,595.4693831503391
1706696146496,1355.800525711118,592.6143165677786
1706696146545,1355.3247753492508,587.4735560268164
1706696146546,1351.592301416966,587.5916391611099
1706696146551,1358.0243804320087,591.7224396020174
1706696146571,1358.967629252274,585.2561581879854
1706696146573,1361.7104758177811,587.7719596028328
1706696146585,1356.9487851531317,586.9841229170561
1706696146595,1359.411102092839,586.403014883399
1706696146607,1347.6846195217388,582.3574483394623
1706696146618,1235.9416159261277,584.5052618533373
1706696146628,1186.8651870536487,585.3034749627113
1706696146640,1036.6710360105526,585.3476490825415
1706696146651,871.260434978535,588.9749523252249
1706696146662,852.4212795188149,586.2545669078827
1706696146701,832.4634192303764,585.3629305958748
1706696146707,842.160114068594,585.5163544416428
1706696146720,836.4315752565625,586.6024602204561
1706696146729,832.9500859898811,587.5008560717106
1706696146741,834.3047645149626,583.6233083158731
1706696146750,826.8391015625358,579.0363982319832
1706696146761,824.4105863704112,576.3089206069708
1706696146774,816.5704233406854,575.7128566503525
1706696146783,812.0473449600617,570.5248642712831
1706696146795,758.2982424874821,572.613151371479
1706696146806,582.7407368806803,592.4164213240147
1706696146817,546.522110917465,590.8237960189581
1706696146828,539.7073563347981,590.1709377765656
1706696146871,541.6783485980111,593.9044330269098
1706696146872,541.6396729341188,596.8553505837917
1706696146873,540.0036201144405,596.8921989202499
1706696146894,537.88909938098,595.0267925858498
1706696146895,537.9772397503617,592.0474283397198
1706696146909,540.5221896008459,594.6706037968397
1706696146917,541.4593341674532,594.181913882494
1706696146928,533.2330656987838,593.5289565473795
1706696146940,539.127331675363,591.0561189055443
1706696146951,683.0522394539097,637.8842037171125
1706696146962,815.364411190188,690.9695409238338
1706696146973,1040.8091158312272,787.5424481928349
1706696146984,1290.472597847649,906.2224179506302
1706696146995,1338.897389823611,941.2929743528366
1706696147042,1358.8800363298792,951.5999481081963
1706696147043,1358.3600416255867,952.6043802499771
1706696147058,1353.9833436663826,963.7325778603554
1706696147062,1359.1049563305498,968.630787730217
1706696147074,1364.8987693355446,968.5375556349754
1706696147085,1362.5310875903267,967.3902034759521
1706696147095,1359.8710564011205,964.8127734661102
1706696147107,1358.8373944404875,959.3389198184013
1706696147117,1361.8755911029236,962.494683265686
1706696147129,1361.252092404163,964.064510166645
1706696147140,1360.6531786361718,971.5714633464813
1706696147151,1357.9190027852358,972.5214511156082
1706696147186,1357.8082327088846,971.5045616030693
1706696147201,1354.1118679177907,970.3735455870628
1706696147207,1339.9741712136401,961.8471547961235
1706696147217,1328.8340569504385,937.9846647381783
1706696147228,1322.6953314677912,928.9743334054947
1706696147239,1319.9808041701806,930.7956859469414
1706696147250,1317.833459178038,926.757487654686
1706696147261,1318.493202477717,930.4593935608864
1706696147272,1323.6633840062204,921.9753578305244
1706696147284,1323.8940495749723,928.2303735613823
1706696147295,1325.4775679495233,930.6622222065926
1706696147330,1326.103779478606,930.6995943188667
1706696147331,1323.811132800826,925.5155727267265
1706696147339,1317.0805955268213,924.4476363062859
1706696147350,1319.981583769058,930.4606676101685
1706696147362,1321.8422789255264,929.6222016215324
1706696147373,1324.8861177732188,933.19401293993
1706696147383,1320.9010186307107,927.2982507944107
1706696147395,1323.4345913257957,928.3181697130203
1706696147406,1324.8378367950863,919.879150390625
1706696147417,1327.8864507390394,924.0712538361549
1706696147428,1320.4154498114092,924.3272244930267
1706696147440,1315.3815910819505,933.3098664879799
1706696147480,1315.407257093137,929.6616405248642
1706696147481,1320.7460856971375,933.139568567276
1706696147484,1320.2695600007187,928.581614792347
1706696147498,1317.0979932620342,922.7650701999664
1706696147507,1316.620538759033,932.1951866149902
1706696147517,1319.3443056823476,932.9755559563637
1706696147528,1319.2768097733067,933.5631757974625
1706696147540,1324.460245248995,928.1424924731255
1706696147551,1325.5326665098403,929.0998414158821
1706696147562,1329.4164442265173,929.8075333237648
1706696147573,1332.5655930082346,929.1277289390564
1706696147583,1330.9407593695832,925.4507377743721
1706696147594,1325.9464675879444,922.855980694294
1706696147605,1324.608812460568,923.3891844749451
1706696147617,1322.6950821548155,930.4531082510948
1706696147653,1322.5979892844496,945.2518135309219
1706696147654,1320.902504538485,962.0247006416321
1706696147667,1316.8852761736207,985.5794370174408
1706696147672,1313.2475107830676,985.8089923858643
1706696147683,1312.1469165922695,988.6822566390038
1706696147694,1312.3948815342942,988.7013390660286
1706696147706,1309.6014406548165,993.4789389371872
1706696147717,1309.6215975111008,990.3585374355316
1706696147728,1309.7064140874513,988.3936703205109
1706696147739,1319.491842428109,975.4669398069382
1706696147750,1336.5386669460545,898.0656996369362
1706696147761,1343.505234362487,834.0022973716259
1706696147799,1340.7974668103075,728.0694738030434
1706696147806,1316.3189632688916,618.9249135553837
1706696147817,1310.035944854086,610.66629961133
1706696147828,1309.0679308074848,610.3127155452967
1706696147840,1310.3794333267417,610.430770367384
1706696147850,1317.1815055945958,617.7037443965673
1706696147861,1316.0185414816497,616.5462210774422
1706696147873,1313.7151112965091,615.7062545418739
1706696147884,1310.6636207180757,612.8776527941227
1706696147895,1309.406356589641,611.376766115427
1706696147906,1307.8148062413686,608.5456799715757
1706696147945,1310.7941666484442,610.2969314903021
1706696147946,1314.3830451129395,612.5340912491083
1706696147949,1295.9841273478942,604.7924157232046
1706696147961,1291.9778562534107,599.4727220386267
1706696147972,1286.805818361278,596.9300027936697
1706696147983,1287.6532721737583,598.6542161554098
1706696147994,1285.3082334594885,599.6835701167583
1706696148005,1285.2080400861576,596.879231929779
1706696148016,1286.1872662187457,592.719616740942
1706696148028,1287.9699941845304,592.6349490880966
1706696148039,1289.1175516393655,593.0297840386629
1706696148050,1285.280710511319,594.7984334081411
1706696148061,1283.4337264212309,594.6235418319702
1706696148072,1231.710116864141,593.6938397586346
1706696148115,1060.5101547875124,594.950108975172
1706696148116,929.815856636207,593.8770338892937
1706696148134,611.6832027104908,613.597596809268
1706696148142,613.1474146708174,616.6210927069187
1706696148151,613.6657976513279,620.3358098864555
1706696148161,618.3718419584789,623.4614420682192
1706696148172,616.8211266411023,623.533234745264
1706696148183,613.0380555772958,621.1047906428576
1706696148194,611.6957108835368,619.5688039064407
1706696148206,609.0750153683168,621.8595869839191
1706696148217,610.605400333829,624.1955917328596
1706696148228,610.4697768357896,622.326285392046
1706696148266,609.0154964644704,619.3760402500629
1706696148273,671.1533859776215,604.5131865888834
1706696148283,756.0860369877952,603.3982235938311
1706696148296,769.9794255501438,601.1899918317795
1706696148306,776.249603407601,604.2791791260242
1706696148317,774.1375699962528,601.9266683608294
1706696148327,775.8619269626183,603.1251806765795
1706696148338,773.7036178854572,601.6715612262487
1706696148349,776.9701680285707,606.0699190944433
1706696148360,775.622058066964,605.670801922679
1706696148372,775.9434766095746,604.737900570035
1706696148414,778.4798091351364,607.1599248796701
1706696148415,786.729731617424,620.0298186391592
1706696148416,789.2290999856003,618.5968600213528
1706696148430,795.8885244611904,627.3484036326408
1706696148438,829.5699161372368,655.9641521424055
1706696148448,865.0592252715351,702.4681895971298
1706696148459,957.0877704481135,820.8598703145981
1706696148470,nan,nan
1706696148480,nan,nan
1706696148492,nan,nan
1706696148504,nan,nan
1706696148514,nan,nan
1706696148552,nan,nan
1706696148553,nan,nan
1706696148557,nan,nan
1706696148576,nan,nan
1706696148579,nan,nan
1706696148591,nan,nan
1706696148601,nan,nan
1706696148619,nan,nan
1706696148639,nan,nan
1706696148649,nan,nan
1706696148661,nan,nan
1706696148673,nan,nan
1706696148707,nan,nan
1706696148708,nan,nan
1706696148714,nan,nan
1706696148726,nan,nan
1706696148739,nan,nan
1706696148748,nan,nan
1706696148760,nan,nan
1706696148772,nan,nan
1706696148781,nan,nan
1706696148793,nan,nan
1706696148805,nan,nan
1706696148815,nan,nan
1706696148827,nan,nan
1706696148873,nan,nan
1706696148888,nan,nan
1706696148894,nan,nan
1706696148906,nan,nan
1706696148915,nan,nan
1706696148927,nan,nan
1706696148938,nan,nan
1706696148948,nan,nan
1706696148960,nan,nan
1706696148972,nan,nan
1706696148982,nan,nan
1706696149015,nan,nan
1706696149017,nan,nan
1706696149032,nan,nan
1706696149039,nan,nan
1706696149050,nan,nan
1706696149062,nan,nan
1706696149072,nan,nan
1706696149083,nan,nan
1706696149093,nan,nan
1706696149111,nan,nan
1706696149156,nan,nan
1706696149158,nan,nan
1706696149163,nan,nan
1706696149180,nan,nan
1706696149184,nan,nan
1706696149197,nan,nan
1706696149208,nan,nan
1706696149218,nan,nan
1706696149231,nan,nan
1706696149242,nan,nan
1706696149252,nan,nan
1706696149264,nan,nan
1706696149275,nan,nan
1706696149311,nan,nan
1706696149313,nan,nan
1706696149318,nan,nan
1706696149336,nan,nan
1706696149342,nan,nan
1706696149352,nan,nan
1706696149363,nan,nan
1706696149375,nan,nan
1706696149385,nan,nan
1706696149396,nan,nan
1706696149409,nan,nan
1706696149419,nan,nan
1706696149430,nan,nan
1706696149442,nan,nan
1706696149478,nan,nan
1706696149479,nan,nan
1706696149486,nan,nan
1706696149504,nan,nan
1706696149519,nan,nan
1706696149530,nan,nan
1706696149541,nan,nan
1706696149553,nan,nan
1706696149564,nan,nan
1706696149575,nan,nan
1706696149614,nan,nan
1706696149619,nan,nan
1706696149632,nan,nan
1706696149643,nan,nan
1706696149651,nan,nan
1706696149662,nan,nan
1706696149680,nan,nan
1706696149701,nan,nan
1706696149746,nan,nan
1706696149747,nan,nan
1706696149764,1168.1760540815656,971.4746072888374
1706696149768,1207.333017492111,983.4145158529282
1706696149780,1218.9501814032835,978.5231858491898
1706696149791,1191.529946980792,986.421300470829
1706696149802,1188.810960353168,986.7307245731354
1706696149813,1207.0222880083973,969.8486372828484
1706696149825,1215.1355924601266,952.5424048304558
1706696149836,1224.9502094110708,957.826255261898
1706696149847,1227.799392660785,962.6368388533592
1706696149858,1231.5108363038594,966.1230906844139
1706696149881,1224.3149981366903,957.6087042689323
1706696149909,1225.8798292392562,956.9753035902977
1706696149910,1218.246888943077,955.533929169178
1706696149914,1209.9657802304305,952.8423443436623
1706696149937,1208.871710301099,945.5422967672348
1706696149947,1207.6236565913796,944.3086490035057
1706696149958,1207.241511723181,944.5297107100487
1706696149969,1203.792126681555,941.7809918522835
1706696149981,1201.9145688780654,942.170737683773
1706696149992,1203.2907161855187,940.3657779097557
1706696150003,1203.520361410672,942.027647793293
1706696150014,1206.8393767305183,941.8360874056816
1706696150024,1203.0955117540734,942.2198876738548
1706696150035,1210.3987955965176,945.118859410286
1706696150073,1212.6342878180285,938.1191194057465
1706696150074,1211.875296576001,933.6827665567398
1706696150080,1200.4908436974574,940.966223180294
1706696150091,1101.7439183976114,943.6239749193192
1706696150102,1017.7105499070108,933.9390203356743
1706696150113,868.5850199373003,923.9124223589897
1706696150124,659.7622036743269,933.4987655282021
1706696150135,622.2023254440317,934.4080969691277
1706696150147,616.4246322628851,934.664548933506
1706696150158,607.2154624348696,930.000650882721
1706696150169,605.9786392107557,930.0952702760696
1706696150180,606.8929798244071,931.1358854174614
1706696150215,608.7751558179136,934.4274058938026
1706696150216,607.0713554258941,935.2615118026733
1706696150232,606.9813412708427,929.8056647181511
1706696150235,605.7012248863508,926.7836198210716
1706696150248,598.6706622699456,924.982538819313
1706696150258,591.5965603268901,922.688627243042
1706696150269,587.5338838402574,924.1191297769547
1706696150280,591.419942052807,925.6327286362648
1706696150291,593.5435487081106,925.4549846053123
1706696150302,603.2011534057019,926.1602699756622
1706696150314,612.1879755882412,931.8862438201904
1706696150350,624.0221356856134,938.8986393809319
1706696150351,623.5253411276959,937.8032967448235
1706696150358,622.8848078706178,937.9248693585396
1706696150369,621.313162105701,939.9873852729797
1706696150381,618.9036310500794,939.8073762655258
1706696150391,617.461805242199,940.4602274298668
1706696150401,613.9228208437361,938.9542445540428
1706696150413,610.6579131798463,941.7599841952324
1706696150424,607.3123898866411,938.8014435768127
1706696150435,608.803366345435,942.4714982509613
1706696150446,616.7170744441537,943.3446750044823
1706696150457,622.4175379133557,943.7660455703735
1706696150477,619.9941284369577,938.5581567883492
1706696150499,617.958580618366,940.1521906256676
1706696150502,617.2324673205061,941.357809305191
1706696150515,616.5429464077622,940.4108226299286
1706696150524,618.6229994612484,943.4482127428055
1706696150535,619.5721273147453,944.854961335659
1706696150546,687.1840491587698,942.0128971338272
1706696150557,929.7535459337278,920.1466158032417
1706696150568,1055.5496291774275,917.7108600735664
1706696150580,1155.5990714704105,911.4418014883995
1706696150591,1224.0832412592613,917.338752746582
1706696150631,1226.296491730453,919.7598427534103
1706696150632,1228.7745661495596,922.4499270319939
1706696150635,1226.2175628726586,927.2629171609879
1706696150649,1225.238278832072,928.699591755867
1706696150657,1224.0301540144737,926.6908124089241
1706696150669,1222.459281011736,929.501761496067
1706696150680,1221.1392703878741,931.3024744391441
1706696150691,1223.7934738126937,932.406197488308
1706696150702,1226.9840692402338,930.2560836076736
1706696150713,1224.8688274476744,933.8306412100792
1706696150724,1222.9187556577908,935.5729460716248
1706696150735,1222.1647897357075,939.4511237740517
1706696150747,1220.6620977512348,934.9878460168839
1706696150765,1219.7847270954258,937.9106566309929
1706696150786,1223.8250214595191,937.1377900242805
1706696150791,1225.1264286270073,937.3879283666611
1706696150805,1222.7061247652232,936.1320555210114
1706696150813,1225.0234614533779,924.6169999241829
1706696150825,1227.1213811206549,929.4278383255005
1706696150835,1230.9596583132127,932.3259606957436
1706696150846,1229.6619274848945,938.5827600955963
1706696150857,1229.3120526767802,939.0049517154694
1706696150868,1227.5996269817483,942.1813547611237
1706696150880,1229.6416788662516,943.5468524694443
1706696150891,1225.5637256410369,940.2174219489098
1706696150902,1225.9437128407012,936.2879991531372
1706696150934,1228.6886190675089,939.0343397855759
1706696150935,1231.3699246624217,944.0405607223511
1706696150954,1230.7305151485427,942.8140759468079
1706696150956,1230.2777914457583,941.7124763131142
1706696150969,1229.9942245386555,943.6180010437965
1706696150979,1230.515544882639,943.6330914497375
1706696150990,1233.7355524352406,941.2347927689552
1706696151001,1235.5767259902636,944.104178249836
1706696151012,1231.8691220127903,944.3871587514877
1706696151023,1219.579978320195,953.3883735537529
1706696151035,1214.640752745526,951.5370950102806
1706696151046,1218.9913219169703,952.4622812867165
1706696151085,1224.8444311432445,958.9538171887398
1706696151091,1220.3137530466129,962.1748685836792
1706696151104,1219.2834538890397,962.2122406959534
1706696151113,1223.5689235995137,964.2990201711655
1706696151124,1220.8229200738801,964.770220220089
1706696151135,1219.0323419445685,968.0764064192772
1706696151146,1215.3504143386358,962.727664411068
1706696151156,1215.1444779489498,963.0849361419678
1706696151168,1215.1790525669708,958.88841599226
1706696151179,1217.2149429629997,956.6913604736328
1706696151190,1216.3775784755555,956.3974514603615
1706696151202,1211.9876830223745,954.9639761447906
1706696151233,1211.0749040163805,959.0498238801956
1706696151235,1213.1317583598175,958.1929549574852
1706696151250,1214.606509235872,957.5956806540489
1706696151257,1216.9139419106036,962.8017857670784
1706696151270,1216.9752139821976,968.6537772417068
1706696151280,1218.7900133274543,971.6526344418526
1706696151290,1214.5898013005112,970.9760010242462
1706696151302,1213.9172578984876,968.314965069294
1706696151313,1201.1803531757141,962.8609582781792
1706696151324,1064.3425010134595,958.86140614748
1706696151335,1004.6536859766682,953.9598554372787
1706696151345,833.8457066163617,954.99577075243
1706696151383,647.5183906987832,965.830597281456
1706696151384,639.0069716620271,964.5135134458542
1706696151390,642.8073537813975,964.9137631058693
1706696151401,639.4869786383281,963.4288445115089
1706696151413,639.2923407676161,960.1843222975731
1706696151423,642.6085661969148,959.9359109997749
1706696151434,645.2530982003909,959.5925971865654
1706696151446,645.535543735823,963.9042064547539
1706696151457,635.9610267538424,961.8741080164909
1706696151468,634.999591366503,963.2214292883873
1706696151479,634.7936012946536,960.2538004517555
1706696151490,640.5770707420174,961.433881521225
1706696151512,642.0296532720921,963.3242025971413
1706696151533,643.4840662876713,965.6507581472397
1706696151534,641.7358906868055,970.6957668066025
1706696151549,639.6791280863695,970.5495908856392
1706696151557,635.9544269610342,968.0525958538055
1706696151568,632.4654760506864,965.4383882880211
1706696151579,636.0132794703572,968.6938107013702
1706696151590,636.9338738731159,968.8489899039268
1706696151601,640.1918017722476,968.5438692569733
1706696151613,637.0602557561808,968.9507722854614
1706696151624,638.4063637535351,965.4152289032936
1706696151634,640.656895500722,965.3753086924553
1706696151646,714.7755227584903,985.0203841924667
1706696151683,918.027996371676,1061.4757984876633
1706696151684,1046.2978573841388,1118.4549629688263
1706696151688,nan,nan
1706696151699,nan,nan
1706696151710,nan,nan
1706696151721,nan,nan
1706696151732,nan,nan
1706696151743,nan,nan
1706696151754,nan,nan
1706696151765,nan,nan
1706696151776,nan,nan
1706696151785,nan,nan
1706696151811,nan,nan
1706696151832,nan,nan
1706696151834,nan,nan
1706696151847,nan,nan
1706696151856,nan,nan
1706696151867,nan,nan
1706696151879,nan,nan
1706696151889,nan,nan
1706696151901,nan,nan
1706696151918,nan,nan
1706696151933,nan,nan
1706696151944,nan,nan
1706696151983,nan,nan
1706696151984,nan,nan
1706696151989,nan,nan
1706696152000,nan,nan
1706696152011,nan,nan
1706696152022,nan,nan
1706696152033,nan,nan
1706696152044,nan,nan
1706696152055,nan,nan
1706696152067,nan,nan
1706696152078,nan,nan
1706696152087,nan,nan
1706696152110,nan,nan
1706696152131,nan,nan
1706696152132,nan,nan
1706696152147,nan,nan
1706696152154,nan,nan
1706696152166,nan,nan
1706696152177,nan,nan
1706696152188,nan,nan
1706696152199,nan,nan
1706696152210,nan,nan
1706696152221,nan,nan
1706696152233,nan,nan
1706696152267,nan,nan
1706696152284,nan,nan
1706696152288,nan,nan
1706696152299,nan,nan
1706696152311,nan,nan
1706696152322,nan,nan
1706696152333,nan,nan
1706696152344,nan,nan
1706696152355,nan,nan
1706696152367,nan,nan
1706696152378,1811.6616357692578,1206.786271929741
1706696152418,1811.6616357692578,1206.786271929741
1706696152420,1811.6616357692578,1206.786271929741
1706696152422,nan,nan
1706696152437,nan,nan
1706696152444,nan,nan
1706696152456,nan,nan
1706696152468,nan,nan
1706696152479,592.2536209312026,936.8721082806587
1706696152489,592.2536209312026,936.8721082806587
1706696152501,592.2536209312026,936.8721082806587
1706696152512,558.9362107044917,920.363911986351
1706696152523,558.9362107044917,920.363911986351
1706696152534,558.9362107044917,920.363911986351
1706696152567,545.7301885892646,895.0275734066963
1706696152568,508.34289648298,888.5424926877022
1706696152586,509.591506676772,891.9955909252167
1706696152590,501.4093796734204,891.1350131034851
1706696152602,502.6083195265306,892.0227847993374
1706696152614,501.64156727799707,893.2983487844467
1706696152624,507.78714639447105,890.4030859470367
1706696152635,507.9561830264013,886.9930788874626
1706696152646,516.3392629183845,889.6649017930031
1706696152657,644.2236981143667,888.801846653223
1706696152669,793.4503461205452,895.7063868641853
1706696152680,996.4317833988067,899.5583191514015
1706696152719,1188.3127648601285,906.3865154981613
1706696152724,1228.624876786811,918.39859187603
1706696152738,1229.382308266112,920.1429069042206
1706696152746,1229.723573517264,910.5687946081161
1706696152758,1233.1151532652962,914.3941700458527
1706696152769,1233.5874323722087,911.3734558224678
1706696152780,1230.3323687634709,919.3333476781845
1706696152791,1231.1998202735376,918.4342086315155
1706696152802,1235.989165538534,920.1827421784401
1706696152813,1231.1418683365982,920.2163204550743
1706696152824,1231.8184992097142,921.9082862138748
1706696152835,1234.2980631377814,922.5978866219521
1706696152868,1239.7056277474694,920.4308420419693
1706696152869,1239.356719743937,921.3652864098549
1706696152886,1228.779394423722,931.1098381876945
1706696152890,1225.2836015019143,938.2812350988388
1706696152901,1224.5816273482785,931.9176137447357
1706696152912,1258.553530886418,945.9340527653694
1706696152923,1449.423426039167,984.1019079089165
1706696152935,1568.211053180747,1021.7901259660721
1706696152945,1691.459679600641,1034.0121373534203
1706696152955,1896.597490188799,1211.2032026052475
1706696152967,nan,nan
1706696152978,nan,nan
1706696153019,nan,nan
1706696153022,nan,nan
1706696153037,nan,nan
1706696153043,nan,nan
1706696153053,nan,nan
1706696153072,nan,nan
1706696153090,nan,nan
1706696153101,nan,nan
1706696153113,nan,nan
1706696153122,nan,nan
1706696153135,nan,nan
1706696153169,nan,nan
1706696153170,nan,nan
1706696153186,nan,nan
1706696153189,nan,nan
1706696153203,nan,nan
1706696153212,nan,nan
1706696153222,nan,nan
1706696153234,nan,nan
1706696153245,nan,nan
1706696153255,nan,nan
1706696153268,nan,nan
1706696153302,nan,nan
1706696153303,nan,nan
1706696153318,nan,nan
1706696153323,nan,nan
1706696153335,nan,nan
1706696153346,nan,nan
1706696153356,nan,nan
1706696153368,nan,nan
1706696153379,nan,nan
1706696153389,nan,nan
1706696153401,nan,nan
1706696153412,nan,nan
1706696153451,nan,nan
1706696153452,nan,nan
1706696153456,nan,nan
1706696153468,nan,nan
1706696153479,nan,nan
1706696153489,nan,nan
1706696153502,nan,nan
1706696153513,nan,nan
1706696153522,nan,nan
1706696153535,nan,nan
1706696153546,nan,nan
1706696153556,nan,nan
1706696153569,nan,nan
1706696153600,nan,nan
1706696153601,nan,nan
1706696153616,nan,nan
1706696153623,nan,nan
1706696153635,nan,nan
1706696153654,nan,nan
1706696153669,nan,nan
1706696153679,nan,nan
1706696153692,nan,nan
1706696153704,nan,nan
1706696153737,nan,nan
1706696153738,nan,nan
1706696153756,nan,nan
1706696153759,nan,nan
1706696153771,nan,nan
1706696153782,1304.6250930550927,1013.6762723326683
1706696153793,1299.550406940848,1003.9678186178207
1706696153806,1297.524391209225,1009.305065870285
1706696153816,1293.0322564254761,1011.3720268011093
1706696153826,1290.8070016023858,1014.2604663968086
1706696153838,1288.0090290381827,1007.359054684639
1706696153849,1264.7975941069826,987.2951850295067
1706696153888,1224.8631473451042,967.4049824476242
1706696153894,1215.509195705695,963.4497106075287
1706696153907,1212.5026145352908,964.510852098465
1706696153916,1212.2201967254794,963.171797990799
1706696153927,1207.8544725307815,958.7668150663376
1706696153938,1208.7098621759983,957.9756021499634
1706696153949,1210.0220704157875,960.5326473712921
1706696153960,1210.2390317886961,963.8020560145378
1706696153972,1213.078749139598,964.7633969783783
1706696153983,1211.0251557348925,964.4976869225502
1706696153994,1208.8092307986926,965.159484744072
1706696154037,1203.6831146579407,963.7302845716476
1706696154038,1207.2678248340758,963.5953485965729
1706696154054,1208.5062701902846,966.2602916359901
1706696154061,1294.4425635557382,983.1758439540863
1706696154071,1320.8418705673673,987.627287209034
1706696154081,1381.5708723184844,986.0496744513512
1706696154092,nan,nan
1706696154103,nan,nan
1706696154114,nan,nan
1706696154125,nan,nan
1706696154136,nan,nan
1706696154147,nan,nan
1706696154188,nan,nan
1706696154189,nan,nan
1706696154190,nan,nan
1706696154205,nan,nan
1706696154220,nan,nan
1706696154239,nan,nan
1706696154250,nan,nan
1706696154261,nan,nan
1706696154272,nan,nan
1706696154283,nan,nan
1706696154293,nan,nan
1706696154314,nan,nan
1706696154339,nan,nan
1706696154340,nan,nan
1706696154356,nan,nan
1706696154360,nan,nan
1706696154373,nan,nan
1706696154383,nan,nan
1706696154392,nan,nan
1706696154405,nan,nan
1706696154416,nan,nan
1706696154426,nan,nan
1706696154438,nan,nan
1706696154450,nan,nan
1706696154485,nan,nan
1706696154492,nan,nan
1706696154505,nan,nan
1706696154517,nan,nan
1706696154526,nan,nan
1706696154539,nan,nan
1706696154550,nan,nan
1706696154560,nan,nan
1706696154572,nan,nan
1706696154583,nan,nan
1706696154593,nan,nan
1706696154635,nan,nan
1706696154636,nan,nan
1706696154638,nan,nan
1706696154650,nan,nan
1706696154660,nan,nan
1706696154672,nan,nan
1706696154683,nan,nan
1706696154694,nan,nan
1706696154706,nan,nan
1706696154717,nan,nan
1706696154727,nan,nan
1706696154739,nan,nan
1706696154750,nan,nan
1706696154786,nan,nan
1706696154787,nan,nan
1706696154793,nan,nan
1706696154805,nan,nan
1706696154816,nan,nan
1706696154827,nan,nan
1706696154839,nan,nan
1706696154849,nan,nan
1706696154860,nan,nan
1706696154872,nan,nan
1706696154883,nan,nan
1706696154920,nan,nan
1706696154922,nan,nan
1706696154926,nan,nan
1706696154939,nan,nan
1706696154951,nan,nan
1706696154959,nan,nan
1706696154972,nan,nan
1706696154983,nan,nan
1706696154992,nan,nan
1706696155005,nan,nan
1706696155017,nan,nan
1706696155026,nan,nan
1706696155039,nan,nan
1706696155071,nan,nan
1706696155072,nan,nan
1706696155088,nan,nan
1706696155093,nan,nan
1706696155106,nan,nan
1706696155117,nan,nan
1706696155125,nan,nan
1706696155138,nan,nan
1706696155149,nan,nan
1706696155159,nan,nan
1706696155200,nan,nan
1706696155201,nan,nan
1706696155204,nan,nan
1706696155217,nan,nan
1706696155226,nan,nan
1706696155238,nan,nan
1706696155249,nan,nan
1706696155260,nan,nan
1706696155271,nan,nan
1706696155283,nan,nan
1706696155293,nan,nan
1706696155305,nan,nan
1706696155316,nan,nan
1706696155352,nan,nan
1706696155353,nan,nan
1706696155368,nan,nan
1706696155371,nan,nan
1706696155384,nan,nan
1706696155393,nan,nan
1706696155405,nan,nan
1706696155416,nan,nan
1706696155426,nan,nan
1706696155439,nan,nan
1706696155449,nan,nan
1706696155488,nan,nan
1706696155489,nan,nan
1706696155494,nan,nan
1706696155504,nan,nan
1706696155515,nan,nan
1706696155526,nan,nan
1706696155538,nan,nan
1706696155549,nan,nan
1706696155558,nan,nan
1706696155571,nan,nan
1706696155583,nan,nan
1706696155592,nan,nan
1706696155604,nan,nan
1706696155637,nan,nan
1706696155638,nan,nan
1706696155654,nan,nan
1706696155658,nan,nan
1706696155672,nan,nan
1706696155682,nan,nan
1706696155692,nan,nan
1706696155704,nan,nan
1706696155716,nan,nan
1706696155725,nan,nan
1706696155738,nan,nan
1706696155774,nan,nan
1706696155775,nan,nan
1706696155783,nan,nan
1706696155792,nan,nan
1706696155806,nan,nan
1706696155816,nan,nan
1706696155826,nan,nan
1706696155837,nan,nan
1706696155849,nan,nan
1706696155859,nan,nan
1706696155871,nan,nan
1706696155882,nan,nan
1706696155900,nan,nan
1706696155921,nan,nan
1706696155925,nan,nan
1706696155940,nan,nan
1706696155948,nan,nan
1706696155959,nan,nan
1706696155971,nan,nan
1706696155982,nan,nan
1706696155992,nan,nan
1706696156005,nan,nan
1706696156053,nan,nan
1706696156054,nan,nan
1706696156059,nan,nan
1706696156070,nan,nan
1706696156082,nan,nan
1706696156092,nan,nan
1706696156104,nan,nan
1706696156114,nan,nan
1706696156131,nan,nan
1706696156152,nan,nan
1706696156186,nan,nan
1706696156187,nan,nan
1706696156203,nan,nan
1706696156207,nan,nan
1706696156219,1226.4403563346705,994.131988286972
1706696156230,1252.7840416410113,991.5634199976921
1706696156242,1263.3121763484055,995.7143858075142
1706696156252,1298.719850965897,1024.1244673728943
1706696156263,1300.3639886398619,1021.0754692554474
1706696156274,1297.4809893124034,1017.2389388084412
1706696156285,1302.190489599417,1018.252232670784
1706696156296,1290.9160296658074,1007.0496022701263
1706696156339,1273.812006854937,985.3821575641632
1706696156341,1225.521850582526,992.0736342668533
1706696156357,1228.3376510559117,984.99646037817
1706696156365,1226.840137074772,980.3819105029106
1706696156375,1218.0588304286011,975.7858768105507
1706696156385,1218.7159942920503,975.2269089221954
1706696156397,1217.6928382391584,961.6582840681076
1706696156408,1220.125758783025,960.4685768485069
1706696156419,1217.8689078548973,960.4591771960258
1706696156430,1220.09378767678,955.1111146807671
1706696156441,1215.0294510592316,954.9545481801033
1706696156453,1216.676654071996,955.238151550293
1706696156490,1212.302012873079,952.8009802103043
1706696156491,1213.2750233631295,953.9041370153427
1706696156497,1212.7255337858028,949.9520644545555
1706696156508,1212.2668576276415,947.8693902492523
1706696156521,1211.600878575358,946.9485640525818
1706696156530,1214.0571144206588,947.047458589077
1706696156542,1208.6361219741407,944.9624910950661
1706696156553,1214.3445784993216,940.6438887119293
1706696156564,1212.3946885298956,937.0944157242775
1706696156575,1216.333612012266,937.2149974107742
1706696156586,1210.46844724138,938.8649761676788
1706696156597,1211.8877544079646,941.336065530777
1706696156637,1210.775053565806,941.9476374983788
1706696156638,1212.866944288172,941.7196109890938
1706696156641,1208.1612815263393,939.3904507160187
1706696156653,1209.6389027541102,939.3903374671936
1706696156663,1210.6191136021225,939.2037883400917
1706696156674,1208.2949724949071,935.1098716259003
1706696156685,1203.16059237829,934.7540155053139
1706696156696,1203.0277976523853,935.013921558857
1706696156708,1204.7144556922776,937.9891663789749
1706696156719,1208.935715658476,932.9386934638023
1706696156730,1209.9110708189623,932.5333192944527
1706696156741,1211.3065450474573,931.4969226717949
1706696156752,1213.3990361604406,931.6204771399498
1706696156788,1212.9229086218925,930.2406817674637
1706696156789,1208.8057058303104,929.2332202196121
1706696156804,1205.2018719992107,932.5962290167809
1706696156808,1209.8835568368845,932.0236146450043
1706696156820,1217.4007794313284,929.1366189718246
1706696156830,1215.9127313229465,932.6439067721367
1706696156841,1212.0249545038491,924.8763963580132
1706696156852,1207.2858833235468,928.0744299292564
1706696156864,1210.918511238404,926.5306785702705
1706696156875,1211.7417520779502,931.4142510294914
1706696156886,1203.9974648447987,931.4432993531227
1706696156897,1084.2757311116934,935.0079759955406
1706696156936,1049.253179466632,933.4206238389015
1706696156937,834.5154131308151,936.9136422872543
1706696156941,586.4779188979148,952.8027638792992
1706696156952,578.2461164589182,951.8629401922226
1706696156965,580.227255294635,953.9302974939346
1706696156975,575.8527387689672,954.4629916548729
1706696156986,574.3877891116078,955.8263659477234
1706696156996,571.4000190518855,952.6114016771317
1706696157007,567.1105951094338,951.3643056154251
1706696157018,561.8050781403169,949.212521314621
1706696157029,557.412315291959,949.4978800415993
1706696157041,558.1886441202329,947.3936036229134
1706696157052,560.5506269086236,946.7887699604034
1706696157087,560.3405085996687,949.1214692592621
1706696157088,561.8006106344669,952.2240057587624
1706696157103,549.9903541765239,944.3912357091904
1706696157107,543.3161243410997,943.539009988308
1706696157120,541.9745329481713,947.2543925046921
1706696157130,545.7381865045973,949.6871188282967
1706696157141,545.9100070926384,947.2814589738846
1706696157153,539.2104370921284,944.3813547492027
1706696157163,534.9563735825473,942.2065243124962
1706696157175,535.0941084749486,942.7383691072464
1706696157186,537.1946038570243,944.6862205862999
1706696157221,561.6464642233441,948.5251292586327
1706696157229,1334.4009619092408,1251.181311905384
1706696157239,1490.6504310389168,1338.2951110601425
1706696157251,1490.6504310389168,1338.2951110601425
1706696157261,nan,nan
1706696157273,nan,nan
1706696157283,nan,nan
1706696157294,nan,nan
1706696157306,nan,nan
1706696157317,nan,nan
1706696157328,nan,nan
1706696157338,nan,nan
1706696157374,nan,nan
1706696157382,nan,nan
1706696157393,nan,nan
1706696157405,nan,nan
1706696157415,nan,nan
1706696157427,nan,nan
1706696157438,nan,nan
1706696157449,nan,nan
1706696157460,nan,nan
1706696157471,nan,nan
1706696157482,nan,nan
1706696157522,nan,nan
1706696157527,nan,nan
1706696157540,nan,nan
1706696157549,nan,nan
1706696157560,nan,nan
1706696157571,nan,nan
1706696157582,nan,nan
1706696157593,nan,nan
1706696157605,nan,nan
1706696157615,nan,nan
1706696157627,nan,nan
1706696157638,nan,nan
1706696157674,nan,nan
1706696157682,nan,nan
1706696157694,nan,nan
1706696157707,nan,nan
1706696157716,nan,nan
1706696157727,nan,nan
1706696157738,nan,nan
1706696157750,1684.081798646942,932.1898639202118
1706696157759,1684.081798646942,932.1898639202118
1706696157771,1684.081798646942,932.1898639202118
1706696157782,nan,nan
1706696157822,nan,nan
1706696157823,nan,nan
1706696157827,1386.7534816843338,830.3404107689857
1706696157841,1386.7534816843338,830.3404107689857
1706696157850,1403.9552445699812,852.5977686047554
1706696157862,1407.90624831776,853.0122309923172
1706696157873,1388.7539575625192,878.2929077744484
1706696157884,1438.1483745703101,865.0268837809563
1706696157896,1436.5884440226735,863.6865273118019
1706696157907,1421.192268202,865.3284512460232
1706696157918,1418.0454532145366,869.0563336014748
1706696157929,1416.3437647781484,871.9510726630688
1706696157940,1406.9500818793638,868.3408416807652
1706696157975,1346.99161262848,851.9643820822239
1706696157993,1225.6759995211364,847.9836151003838
1706696157996,1218.9213361322481,851.9426383078098
1706696158008,1218.1134355823638,853.5431981086731
1706696158018,1210.7903890780876,856.5687112510204
1706696158029,1213.0835031144998,859.3124471604824
1706696158041,1215.461869890828,861.3180696964264
1706696158051,1207.9570061169275,863.0517676472664
1706696158062,1205.0771925728895,867.8101576864719
1706696158074,1203.1070352031813,871.0736207664013
1706696158085,1205.7317185596812,871.2904073297977
1706696158121,1205.6962812277156,875.5248941481113
1706696158122,1208.3356168454384,877.0353361964226
1706696158134,1209.3974115937,880.5125705897808
1706696158140,1209.3534614945306,880.4723106324673
1706696158152,1205.9261871997205,882.8159242868423
1706696158162,1204.1854274055186,887.8958702087402
1706696158173,1205.5319859034366,893.532844632864
1706696158185,1206.06216898818,894.7858579456806
1706696158195,1206.1540292280933,892.2946244478226
1706696158206,1206.5251906523204,891.7897611856461
1706696158217,1208.8059343937787,891.5876686573029
1706696158228,1210.3152116662516,892.5693519413471
1706696158272,1214.2463406206846,892.942351102829
1706696158273,1210.1021279990082,891.4979614317417
1706696158289,1211.4940257278108,896.8225248157978
1706696158296,1211.7594163694916,894.7162240743637
1706696158307,1213.663637716053,900.1896247267723
1706696158318,1260.4680073201034,948.8497003912926
1706696158327,1302.7702181421696,1002.9902547597885
1706696158338,1414.7297422594395,1087.1089905500412
1706696158349,nan,nan
1706696158360,nan,nan
1706696158372,nan,nan
1706696158383,nan,nan
1706696158422,nan,nan
1706696158423,nan,nan
1706696158426,nan,nan
1706696158438,nan,nan
1706696158448,nan,nan
1706696158459,nan,nan
1706696158471,nan,nan
1706696158482,nan,nan
1706696158493,nan,nan
1706696158504,nan,nan
1706696158515,nan,nan
1706696158524,nan,nan
1706696158571,nan,nan
1706696158574,nan,nan
1706696158587,nan,nan
1706696158595,nan,nan
1706696158609,nan,nan
1706696158618,nan,nan
1706696158628,nan,nan
1706696158641,nan,nan
1706696158652,nan,nan
1706696158662,nan,nan
1706696158674,nan,nan
1706696158685,nan,nan
1706696158721,nan,nan
1706696158722,nan,nan
1706696158737,nan,nan
1706696158741,nan,nan
1706696158752,nan,nan
1706696158762,nan,nan
1706696158774,nan,nan
1706696158785,nan,nan
1706696158796,nan,nan
1706696158807,nan,nan
1706696158819,nan,nan
1706696158862,nan,nan
1706696158863,nan,nan
1706696158879,nan,nan
1706696158886,nan,nan
1706696158895,nan,nan
1706696158907,nan,nan
1706696158918,nan,nan
1706696158928,nan,nan
1706696158940,nan,nan
1706696158951,nan,nan
1706696158962,nan,nan
1706696158974,nan,nan
1706696159008,nan,nan
1706696159024,nan,nan
1706696159028,nan,nan
1706696159040,nan,nan
1706696159051,nan,nan
1706696159062,nan,nan
1706696159074,nan,nan
1706696159084,nan,nan
1706696159095,nan,nan
1706696159107,nan,nan
1706696159118,nan,nan
1706696159154,nan,nan
1706696159155,nan,nan
1706696159161,nan,nan
1706696159174,nan,nan
1706696159186,nan,nan
1706696159195,nan,nan
1706696159207,nan,nan
1706696159219,nan,nan
1706696159228,nan,nan
1706696159240,nan,nan
1706696159252,nan,nan
1706696159260,nan,nan
1706696159274,nan,nan
1706696159304,nan,nan
1706696159305,nan,nan
1706696159306,nan,nan
1706696159321,nan,nan
1706696159327,nan,nan
1706696159339,nan,nan
1706696159352,nan,nan
1706696159361,nan,nan
1706696159373,nan,nan
1706696159385,nan,nan
1706696159395,nan,nan
1706696159439,nan,nan
1706696159440,nan,nan
1706696159454,nan,nan
1706696159461,nan,nan
1706696159474,nan,nan
1706696159485,nan,nan
1706696159495,nan,nan
1706696159506,nan,nan
1706696159518,nan,nan
1706696159528,nan,nan
1706696159540,nan,nan
1706696159551,nan,nan
1706696159588,nan,nan
1706696159595,nan,nan
1706696159607,nan,nan
1706696159619,nan,nan
1706696159628,nan,nan
1706696159640,nan,nan
1706696159651,nan,nan
1706696159661,nan,nan
1706696159674,nan,nan
1706696159720,nan,nan
1706696159729,nan,nan
1706696159741,nan,nan
1706696159752,nan,nan
1706696159763,nan,nan
1706696159774,nan,nan
1706696159784,nan,nan
1706696159801,nan,nan
1706696159822,nan,nan
1706696159838,nan,nan
1706696159874,nan,nan
1706696159877,nan,nan
1706696159892,1192.156101656023,1007.2424650192261
1706696159899,1203.122385887622,1001.1129006743431
1706696159911,1232.6428498419384,1002.2345453500748
1706696159922,1227.8424062726256,997.4376931786537
1706696159933,1225.7138394831957,991.3226246833801
1706696159945,1218.8233273668063,983.779913187027
1706696159956,1226.8754305561893,982.1992427110672
1706696159967,1226.697619866387,982.4538543820381
1706696159978,1228.0414555392167,986.7926716804504
1706696159989,1223.100439755989,981.7156985402107
1706696160030,1222.5452270308201,970.7230314612389
1706696160031,1220.8062063084512,970.1274275779724
1706696160033,1219.043027454345,970.4568967223167
1706696160047,1212.348666809663,964.9040520191193
1706696160055,1208.479477683439,970.6915766000748
1706696160067,1199.9792630090105,971.32208943367
1706696160077,1208.371834485195,972.2936794161797
1706696160089,1211.4536922069233,966.7284056544304
1706696160100,1211.2177887390246,961.7415502667427
1706696160111,1212.2916341836872,963.9376148581505
1706696160122,1209.3902608144358,962.8282576799393
1706696160133,1210.7239864713174,965.8244535326958
1706696160174,1210.1837022949146,965.6788155436516
1706696160175,1212.382048270263,962.6588091254234
1706696160178,1211.973078338953,961.1673220992088
1706696160189,1211.8366696263274,961.5827187895775
1706696160202,1209.6467603930814,960.9086617827415
1706696160211,1208.688224529566,960.6326177716255
1706696160222,1213.8994768485222,961.0533937811852
1706696160233,1274.6543308018086,961.6511210799217
1706696160245,1302.166729697894,961.8736550211906
1706696160256,1335.3155368583675,955.0952315330505
1706696160267,1344.1333633565278,955.8146730065346
1706696160278,1347.218053724397,957.6761722564697
1706696160289,1343.057304064742,960.1420521736145
1706696160325,1346.7675371776659,960.6733873486519
1706696160334,1344.7330914982988,956.5144941210747
1706696160345,1340.9559559810657,956.4454406499863
1706696160356,1346.1658794889554,955.4933577775955
1706696160367,1344.2192058548014,956.9448962807655
1706696160378,1344.9855781538988,959.0665847063065
1706696160389,1347.581229212059,955.4556176066399
1706696160400,1349.8507709599244,958.3383664488792
1706696160411,1350.001017000413,956.0900375247002
1706696160422,1352.5348066714728,956.7560255527496
1706696160456,1353.884027716174,951.0535791516304
1706696160457,1355.1932988644646,952.0485833287239
1706696160473,1351.1306952329437,956.9574385881424
1706696160477,1369.6704769644657,956.5800368785858
1706696160489,1464.9317979153855,954.0014177560806
1706696160500,1621.8896630031088,957.6074302196503
1706696160511,1720.059236673995,956.9337978959084
1706696160522,1764.5789722597908,963.4953498840332
1706696160533,1771.095117959072,966.0341903567314
1706696160544,1774.4843475294253,969.7820469737053
1706696160555,1771.7463301389828,968.481582403183
1706696160566,1771.463522007844,966.0669192671776
1706696160605,1765.6979028262774,964.9113565683365
1706696160606,1768.3063566648896,966.0189583897591
1706696160611,1772.6893874962711,965.5928879976273
1706696160622,1769.8506389800893,962.4630019068718
1706696160638,1768.895826649368,964.8821100592613
1706696160644,1768.9474658291913,966.9926434755325
1706696160656,1771.1443140410577,968.8600316643715
1706696160667,1769.1535095422225,966.9227123260498
1706696160678,1767.075737291091,969.0811783075333
1706696160689,1768.6574526116249,968.6215296387672
1706696160700,1768.2807726444257,967.2532007098198
1706696160711,1772.2008846307351,962.0132625102997
1706696160723,1773.067730203346,961.1051201820374
1706696160759,1774.8265607476792,962.0172262191772
1706696160766,1772.7993419183158,963.1323873996735
1706696160777,1768.7816546799406,965.5163884162903
1706696160789,1763.6943168725816,959.1031074523926
1706696160799,1753.4802448216276,957.8299641609192
1706696160810,1748.1687512250085,958.8229015469551
1706696160821,1750.7323490993208,966.0925418138504
1706696160833,1749.6936303710554,962.3715534806252
1706696160844,1751.4462061945642,959.6974655985832
1706696160855,1748.0685642789024,958.0388516187668
1706696160866,1750.0162335735859,959.1346472501755
1706696160906,1751.1063779414767,962.1577963232994
1706696160907,1749.225134720996,964.036537706852
1706696160910,1747.7638517767066,969.5343434810638
1706696160923,1772.8404000706796,971.0591822862625
1706696160932,1791.480704535201,1016.4065599441528
1706696160942,1902.5527855059024,998.9465355873108
1706696160953,nan,nan
1706696160964,nan,nan
1706696160975,nan,nan
1706696160987,nan,nan
1706696160997,nan,nan
1706696161009,nan,nan
1706696161042,nan,nan
1706696161059,nan,nan
1706696161062,nan,nan
1706696161081,nan,nan
1706696161101,nan,nan
1706696161112,nan,nan
1706696161123,nan,nan
1706696161134,nan,nan
1706696161144,nan,nan
1706696161156,nan,nan
1706696161191,nan,nan
1706696161199,nan,nan
1706696161211,nan,nan
1706696161223,nan,nan
1706696161232,nan,nan
1706696161244,nan,nan
1706696161255,nan,nan
1706696161266,nan,nan
1706696161277,nan,nan
1706696161289,nan,nan
1706696161299,nan,nan
1706696161341,nan,nan
1706696161342,nan,nan
1706696161344,nan,nan
1706696161358,nan,nan
1706696161366,nan,nan
1706696161378,nan,nan
1706696161389,nan,nan
1706696161400,nan,nan
1706696161411,nan,nan
1706696161423,nan,nan
1706696161432,nan,nan
1706696161444,nan,nan
1706696161456,nan,nan
1706696161491,nan,nan
1706696161492,nan,nan
1706696161499,nan,nan
1706696161512,nan,nan
1706696161522,nan,nan
1706696161532,nan,nan
1706696161544,nan,nan
1706696161555,nan,nan
1706696161565,nan,nan
1706696161577,nan,nan
1706696161589,nan,nan
1706696161599,nan,nan
1706696161621,nan,nan
1706696161641,nan,nan
1706696161644,nan,nan
1706696161658,nan,nan
1706696161667,nan,nan
1706696161678,nan,nan
1706696161690,nan,nan
1706696161700,nan,nan
1706696161712,nan,nan
1706696161730,nan,nan
1706696161745,nan,nan
1706696161756,nan,nan
1706696161791,nan,nan
1706696161808,nan,nan
1706696161812,nan,nan
1706696161824,nan,nan
1706696161833,nan,nan
1706696161852,nan,nan
1706696161871,nan,nan
1706696161889,nan,nan
1706696161905,nan,nan
1706696161943,nan,nan
1706696161944,1318.676830029992,967.7188515663147
1706696161950,1339.4034522124962,950.2463981509209
1706696161961,1337.875207773839,945.7406520843506
1706696161972,1334.4282060793428,958.1325367093086
1706696161983,1333.7129653881725,956.1160564422607
1706696161994,1343.1675803375535,948.3635514974594
1706696162005,1342.865280553835,956.4655140042305
1706696162017,1342.8064282259256,955.3037509322166
1706696162028,1333.6910431576407,952.219645678997
1706696162039,1336.9788558766656,941.2591978907585
1706696162050,1336.990861292597,940.0810986757278
1706696162093,1336.52469822143,939.8717015981674
1706696162094,1340.659014292837,934.795917570591
1706696162111,1340.6612176835247,930.9456840157509
1706696162117,1337.333545224686,931.2340721487999
1706696162129,1332.4248148629672,933.9387089014053
1706696162139,1334.619153712978,940.3046518564224
1706696162150,1333.2366319929774,936.2283170223236
1706696162161,1332.4656379292533,932.7518045902252
1706696162172,1331.4929289941758,925.8691921830177
1706696162183,1332.0909992781267,927.4347722530365
1706696162195,1333.0168853465118,928.2911315560341
1706696162206,1328.869334400676,927.4773821234703
1706696162243,1328.831769446256,923.182675242424
1706696162244,1330.423207618723,928.4274265170097
1706696162250,1330.4351939418991,929.282908141613
1706696162261,1332.7157052534435,928.3775687217712
1706696162272,1329.211396286469,923.8127067685127
1706696162284,1333.2623425061065,929.8953860998154
1706696162295,1338.2266773934487,934.9036172032356
1706696162306,1345.160296151024,940.8783987164497
1706696162317,1342.4638258967586,940.7261073589325
1706696162328,1336.002960968833,947.351984679699
1706696162339,1333.5124945435114,951.0287493467331
1706696162350,1332.9534219917196,951.9203007221222
1706696162392,1332.927302780699,949.557675421238
1706696162395,1326.2724157754012,952.2740617394447
1706696162408,1331.2080161998488,952.1334066987038
1706696162417,1333.560787215709,952.1567359566689
1706696162428,1332.7413384622303,954.2213469743729
1706696162439,1330.448910906381,956.6253647208214
1706696162451,1331.6416409161059,955.0385221838951
1706696162460,1324.455492890589,951.9727066159248
1706696162472,1303.3928654533554,952.36726552248
1706696162483,1294.4006669985679,954.434509575367
1706696162523,1292.538417258613,953.0268833041191
1706696162524,1289.1327088063758,951.6011089086533
1706696162527,1286.0128640329324,956.4537927508354
1706696162539,1286.9972797435612,955.7110220193863
1706696162552,1284.9325201553916,956.2862977385521
1706696162561,1285.9001969195006,951.6086682677269
1706696162572,1284.8466609380212,951.6172468662262
1706696162583,1284.9210711745138,950.4014641046524
1706696162594,1287.7954280328227,949.5047315955162
1706696162605,1288.6609463166938,956.7488059401512
1706696162617,1300.996025947309,966.4867892861366
1706696162628,1285.5283382794782,965.3479024767876
1706696162657,1287.3971008111378,960.4379430413246
1706696162660,1337.5955690146625,1001.7554461956024
1706696162674,1387.1673129486874,1058.2870230078697
1706696162681,nan,nan
1706696162692,nan,nan
1706696162703,nan,nan
1706696162714,nan,nan
1706696162725,nan,nan
1706696162737,nan,nan
1706696162747,nan,nan
1706696162758,nan,nan
1706696162768,nan,nan
1706696162812,nan,nan
1706696162813,nan,nan
1706696162816,nan,nan
1706696162831,nan,nan
1706696162837,nan,nan
1706696162850,nan,nan
1706696162860,nan,nan
1706696162871,nan,nan
1706696162882,nan,nan
1706696162893,nan,nan
1706696162904,nan,nan
1706696162916,nan,nan
1706696162927,nan,nan
1706696162960,nan,nan
1706696162961,nan,nan
1706696162971,nan,nan
1706696162982,nan,nan
1706696162995,nan,nan
1706696163004,nan,nan
1706696163016,nan,nan
1706696163027,nan,nan
1706696163037,nan,nan
1706696163048,nan,nan
1706696163059,nan,nan
1706696163070,nan,nan
1706696163082,nan,nan
1706696163124,nan,nan
1706696163125,nan,nan
1706696163126,nan,nan
1706696163141,nan,nan
1706696163148,nan,nan
1706696163160,nan,nan
1706696163170,nan,nan
1706696163182,nan,nan
1706696163193,nan,nan
1706696163203,nan,nan
1706696163215,nan,nan
1706696163227,nan,nan
1706696163262,nan,nan
1706696163263,nan,nan
1706696163270,nan,nan
1706696163282,nan,nan
1706696163293,nan,nan
1706696163303,nan,nan
1706696163315,nan,nan
1706696163327,nan,nan
1706696163337,nan,nan
1706696163348,nan,nan
1706696163360,nan,nan
1706696163383,nan,nan
1706696163420,nan,nan
1706696163421,nan,nan
1706696163426,nan,nan
1706696163438,nan,nan
1706696163450,nan,nan
1706696163459,nan,nan
1706696163469,nan,nan
1706696163481,nan,nan
1706696163492,nan,nan
1706696163503,nan,nan
1706696163514,nan,nan
1706696163526,nan,nan
1706696163537,nan,nan
1706696163581,nan,nan
1706696163596,nan,nan
1706696163603,nan,nan
1706696163615,nan,nan
1706696163626,nan,nan
1706696163636,nan,nan
1706696163648,nan,nan
1706696163659,nan,nan
1706696163670,nan,nan
1706696163682,nan,nan
1706696163693,nan,nan
1706696163734,nan,nan
1706696163735,nan,nan
1706696163737,nan,nan
1706696163750,nan,nan
1706696163760,nan,nan
1706696163770,nan,nan
1706696163781,nan,nan
1706696163792,nan,nan
1706696163802,nan,nan
1706696163814,nan,nan
1706696163825,nan,nan
1706696163836,nan,nan
1706696163881,nan,nan
1706696163882,nan,nan
1706696163900,nan,nan
1706696163902,nan,nan
1706696163916,nan,nan
1706696163925,nan,nan
1706696163936,nan,nan
1706696163948,nan,nan
1706696163959,nan,nan
1706696163969,nan,nan
1706696163981,nan,nan
1706696163993,nan,nan
1706696164025,nan,nan
1706696164026,nan,nan
1706696164041,nan,nan
1706696164048,nan,nan
1706696164059,nan,nan
1706696164070,nan,nan
1706696164081,nan,nan
1706696164093,nan,nan
1706696164103,nan,nan
1706696164116,nan,nan
1706696164136,nan,nan
1706696164158,nan,nan
1706696164159,nan,nan
1706696164175,nan,nan
1706696164181,nan,nan
1706696164194,nan,nan
1706696164203,nan,nan
1706696164215,nan,nan
1706696164226,nan,nan
1706696164236,nan,nan
1706696164249,nan,nan
1706696164259,nan,nan
1706696164270,nan,nan
1706696164307,nan,nan
1706696164308,nan,nan
1706696164321,nan,nan
1706696164336,nan,nan
1706696164349,nan,nan
1706696164360,nan,nan
1706696164371,nan,nan
1706696164383,nan,nan
1706696164394,nan,nan
1706696164405,nan,nan
1706696164440,nan,nan
1706696164445,nan,nan
1706696164464,nan,nan
1706696164480,nan,nan
1706696164497,nan,nan
1706696164509,nan,nan
1706696164519,nan,nan
1706696164530,1178.059742211986,1022.074069082737
1706696164541,1194.4569194058504,1022.2550690174103
1706696164574,1211.8569627770917,1015.4331013560295
1706696164575,1218.7500260743022,1012.4518260359764
1706696164589,1206.8894556607022,998.2500836253166
1706696164597,1207.5778903011872,998.5994845628738
1706696164609,1210.123441871805,996.077461540699
1706696164620,1207.2473440486394,994.6794047951698
1706696164631,1213.6914329896583,986.6103693842888
1706696164642,1259.3754187460731,957.335689663887
1706696164653,1280.4154017443857,950.6206855177879
1706696164664,1295.105956883173,947.2528919577599
1706696164675,1302.1448996550214,946.4136332273483
1706696164707,1304.5522797581327,947.851100564003
1706696164708,1299.85572887291,948.3937039971352
1706696164709,1298.4051561104825,949.4945958256721
1706696164722,1296.0636512185056,948.1396868824959
1706696164731,1301.177491855512,944.4938957691193
1706696164742,1301.4076414872259,953.5417407751083
1706696164753,1302.6750316513414,953.8972854614258
1706696164764,1301.544729954224,953.0418321490288
1706696164776,1303.128161422429,947.3281174898148
1706696164787,1302.5637179579098,950.0667288899422
1706696164798,1306.08369154022,948.1665268540382
1706696164809,1300.0491902239448,947.0898985862732
1706696164846,1296.6268015047735,943.3857843279839
1706696164847,1297.088506105495,942.4759432673454
1706696164853,1303.8616176883268,948.7542882561684
1706696164865,1299.459864214576,956.6890671849251
1706696164877,1298.6642739013685,955.812606215477
1706696164887,1299.7705786166648,954.6922639012337
1706696164897,1304.4320365450403,949.45068359375
1706696164908,1304.6300073131465,950.1374244689941
1706696164919,1304.050496319852,951.3256028294563
1706696164931,1299.841376791394,951.2699693441391
1706696164942,1301.9442292710607,955.1316127181053
1706696164953,1300.580845776511,952.6500761508942
1706696164992,1302.5748150133531,954.0718868374825
1706696164993,1299.8530001151403,949.0901276469231
1706696164998,1295.1396399944238,950.9966433048248
1706696165011,1294.5850613036193,949.7162520885468
1706696165020,1294.6125665514446,952.4472191929817
1706696165031,1295.8754514856435,952.1174103021622
1706696165042,1292.5380116384044,953.701676428318
1706696165053,1290.6098697375014,955.1252990961075
1706696165064,1290.6137071324265,957.1916654706001
1706696165075,1290.5402245553064,962.0758324861526
1706696165086,1294.7596874585165,961.9267404079437
1706696165125,1294.1725647123503,969.9794679880142
1706696165126,1312.9154473906324,973.367278277874
1706696165130,1379.746091526438,985.4978129267693
1706696165141,1804.3852887750877,1287.6878917217255
1706696165152,nan,nan
1706696165162,nan,nan
1706696165173,nan,nan
1706696165185,nan,nan
1706696165196,nan,nan
1706696165207,nan,nan
1706696165216,nan,nan
1706696165257,nan,nan
1706696165275,nan,nan
1706696165287,nan,nan
1706696165296,nan,nan
1706696165307,nan,nan
1706696165319,nan,nan
1706696165330,nan,nan
1706696165340,nan,nan
1706696165352,nan,nan
1706696165391,nan,nan
1706696165396,nan,nan
1706696165407,nan,nan
1706696165420,nan,nan
1706696165430,nan,nan
1706696165440,nan,nan
1706696165452,nan,nan
1706696165463,nan,nan
1706696165473,nan,nan
1706696165485,nan,nan
1706696165497,nan,nan
1706696165507,nan,nan
1706696165542,nan,nan
1706696165543,nan,nan
1706696165556,nan,nan
1706696165564,nan,nan
1706696165574,nan,nan
1706696165585,nan,nan
1706696165596,nan,nan
1706696165606,nan,nan
1706696165618,nan,nan
1706696165630,nan,nan
1706696165640,nan,nan
1706696165676,nan,nan
1706696165677,nan,nan
1706696165690,nan,nan
1706696165696,nan,nan
1706696165708,nan,nan
1706696165718,nan,nan
1706696165729,nan,nan
1706696165740,nan,nan
1706696165751,nan,nan
1706696165763,nan,nan
1706696165773,nan,nan
1706696165785,nan,nan
1706696165806,nan,nan
1706696165829,nan,nan
1706696165830,nan,nan
1706696165845,nan,nan
1706696165852,nan,nan
1706696165863,nan,nan
1706696165873,nan,nan
1706696165885,nan,nan
1706696165896,nan,nan
1706696165907,nan,nan
1706696165919,nan,nan
1706696165930,nan,nan
1706696165960,nan,nan
1706696165962,nan,nan
1706696165978,nan,nan
1706696165985,nan,nan
1706696165996,nan,nan
1706696166007,nan,nan
1706696166018,nan,nan
1706696166029,nan,nan
1706696166040,nan,nan
1706696166051,nan,nan
1706696166063,nan,nan
1706696166073,nan,nan
1706696166110,nan,nan
1706696166111,nan,nan
1706696166126,nan,nan
1706696166130,nan,nan
1706696166141,nan,nan
1706696166153,nan,nan
1706696166172,nan,nan
1706696166185,nan,nan
1706696166196,nan,nan
1706696166207,nan,nan
1706696166245,nan,nan
1706696166246,nan,nan
1706696166252,nan,nan
1706696166263,nan,nan
1706696166274,nan,nan
1706696166291,nan,nan
1706696166311,nan,nan
1706696166329,nan,nan
1706696166344,nan,nan
1706696166355,nan,nan
1706696166394,1712.6837264103742,1032.9498633742332
1706696166401,1732.5478490931098,1025.8946314454079
1706696166412,1716.2701426975839,1026.1885404586792
1706696166424,1714.4386650560161,1014.8398756980896
1706696166434,1589.188358313491,1007.6576918363571
1706696166445,1338.334415887615,956.4139008522034
1706696166456,1344.1595081873847,972.5647687911987
1706696166467,1323.0708193475973,973.1506049633026
1706696166479,1309.7799541623747,929.0946319699287
1706696166490,1311.4687236266707,931.756828725338
1706696166527,1312.3801935925644,933.0283299088478
1706696166528,1313.4402582107605,931.1888575553894
1706696166534,1310.7224549946643,927.3865565657616
1706696166546,1311.7356187347293,926.6397938132286
1706696166557,1314.7075661810825,926.4040097594261
1706696166568,1316.6052975501389,927.8150334954262
1706696166579,1317.5081575730567,927.0997539162636
1706696166590,1315.3972915164632,927.0748108625412
1706696166601,1329.0653752880135,931.4668834209442
1706696166613,1352.4294867400788,939.0408232808113
1706696166624,1364.0430577699944,941.3122266530991
1706696166635,1357.2471421623256,946.582742035389
1706696166646,1361.4922647600063,948.927615582943
1706696166679,1358.3930247377466,950.9011745452881
1706696166680,1361.2021133819785,947.095362842083
1706696166697,1364.0774620160948,943.6808541417122
1706696166702,1367.008647283716,940.8878266811371
1706696166713,1364.619278500585,938.233670592308
1706696166723,1365.9835916163727,940.9468293190002
1706696166734,1367.8482114172677,940.9639298915863
1706696166745,1367.297739838433,940.1863068342209
1706696166756,1363.6382285097723,940.6288549304008
1706696166767,1358.3527799847814,944.7519898414612
1706696166779,1396.4444150714853,948.2785016298294
1706696166790,1480.0829222965451,952.201497554779
1706696166828,1629.427430042899,956.0515895485878
1706696166829,1823.4166541803743,970.901794731617
1706696166834,1866.3330717992553,975.1362815499306
1706696166846,1869.7933475165394,974.0755081176758
1706696166859,1863.6562953125176,977.2583946585655
1706696166868,1862.5866257777636,976.2418732047081
1706696166879,1862.7854549035837,975.3045693039894
1706696166890,1867.1955762501427,972.9778721928596
1706696166901,1870.3683927679865,971.6956689953804
1706696166912,1864.9193183790526,970.6703990697861
1706696166923,1863.2587419349595,972.5192427635193
1706696166960,1856.725153652425,973.2544258236885
1706696166961,1840.613901262068,999.2921143770218
1706696166966,1836.8783058422591,999.1607457399368
1706696166977,nan,nan
1706696166990,nan,nan
1706696166999,nan,nan
1706696167010,nan,nan
1706696167022,nan,nan
1706696167032,nan,nan
1706696167043,nan,nan
1706696167054,nan,nan
1706696167065,nan,nan
1706696167076,nan,nan
1706696167111,nan,nan
1706696167127,nan,nan
1706696167133,nan,nan
1706696167143,nan,nan
1706696167156,nan,nan
1706696167167,nan,nan
1706696167177,nan,nan
1706696167188,nan,nan
1706696167200,nan,nan
1706696167210,nan,nan
1706696167245,nan,nan
1706696167246,nan,nan
1706696167261,nan,nan
1706696167268,nan,nan
1706696167277,nan,nan
1706696167289,nan,nan
1706696167300,nan,nan
1706696167310,nan,nan
1706696167322,nan,nan
1706696167334,nan,nan
1706696167343,nan,nan
1706696167356,nan,nan
1706696167373,nan,nan
1706696167397,nan,nan
1706696167398,nan,nan
1706696167400,nan,nan
1706696167415,nan,nan
1706696167422,nan,nan
1706696167434,nan,nan
1706696167444,nan,nan
1706696167455,nan,nan
1706696167466,nan,nan
1706696167476,nan,nan
1706696167488,nan,nan
1706696167527,nan,nan
1706696167528,nan,nan
1706696167533,nan,nan
1706696167544,nan,nan
1706696167557,nan,nan
1706696167567,nan,nan
1706696167577,nan,nan
1706696167589,nan,nan
1706696167600,nan,nan
1706696167610,nan,nan
1706696167622,nan,nan
1706696167634,nan,nan
1706696167644,nan,nan
1706696167678,nan,nan
1706696167679,nan,nan
1706696167694,nan,nan
1706696167700,nan,nan
1706696167711,nan,nan
1706696167722,nan,nan
1706696167733,nan,nan
1706696167743,nan,nan
1706696167755,nan,nan
1706696167766,nan,nan
1706696167776,nan,nan
1706696167813,nan,nan
1706696167814,nan,nan
1706696167822,nan,nan
1706696167833,nan,nan
1706696167844,nan,nan
1706696167855,nan,nan
1706696167867,nan,nan
1706696167876,nan,nan
1706696167889,nan,nan
1706696167900,nan,nan
1706696167910,nan,nan
1706696167922,nan,nan
1706696167943,nan,nan
1706696167962,nan,nan
1706696167963,nan,nan
1706696167967,nan,nan
1706696167980,nan,nan
1706696167988,nan,nan
1706696168000,nan,nan
1706696168010,nan,nan
1706696168021,nan,nan
1706696168033,nan,nan
1706696168043,nan,nan
1706696168055,nan,nan
1706696168096,nan,nan
1706696168099,nan,nan
1706696168112,nan,nan
1706696168121,nan,nan
1706696168133,nan,nan
1706696168143,nan,nan
1706696168155,nan,nan
1706696168167,nan,nan
1706696168176,nan,nan
1706696168188,nan,nan
1706696168199,nan,nan
1706696168210,nan,nan
1706696168246,nan,nan
1706696168261,nan,nan
1706696168266,nan,nan
1706696168278,nan,nan
1706696168288,nan,nan
1706696168299,nan,nan
1706696168310,nan,nan
1706696168321,nan,nan
1706696168333,nan,nan
1706696168343,nan,nan
1706696168379,nan,nan
1706696168380,nan,nan
1706696168395,nan,nan
1706696168400,nan,nan
1706696168409,nan,nan
1706696168422,nan,nan
1706696168433,nan,nan
1706696168443,nan,nan
1706696168455,nan,nan
1706696168466,nan,nan
1706696168476,nan,nan
1706696168488,nan,nan
1706696168509,nan,nan
1706696168530,nan,nan
1706696168532,nan,nan
1706696168545,nan,nan
1706696168554,nan,nan
1706696168566,nan,nan
1706696168576,nan,nan
1706696168587,nan,nan
1706696168599,nan,nan
1706696168609,nan,nan
1706696168621,nan,nan
1706696168664,nan,nan
1706696168666,nan,nan
1706696168679,nan,nan
1706696168688,nan,nan
1706696168700,nan,nan
1706696168710,nan,nan
1706696168721,nan,nan
1706696168733,nan,nan
1706696168743,nan,nan
1706696168754,nan,nan
1706696168766,nan,nan
1706696168777,nan,nan
1706696168812,nan,nan
1706696168813,nan,nan
1706696168827,nan,nan
1706696168834,nan,nan
1706696168844,nan,nan
1706696168855,nan,nan
1706696168866,nan,nan
1706696168876,nan,nan
1706696168888,nan,nan
1706696168899,nan,nan
1706696168909,nan,nan
1706696168950,nan,nan
1706696168951,nan,nan
1706696168955,nan,nan
1706696168965,nan,nan
1706696168976,nan,nan
1706696168988,nan,nan
1706696168999,nan,nan
1706696169009,nan,nan
1706696169022,nan,nan
1706696169033,nan,nan
1706696169042,nan,nan
1706696169055,nan,nan
1706696169095,nan,nan
1706696169096,nan,nan
1706696169100,nan,nan
1706696169111,nan,nan
1706696169123,nan,nan
1706696169133,nan,nan
1706696169142,nan,nan
1706696169155,nan,nan
1706696169167,nan,nan
1706696169176,nan,nan
1706696169189,nan,nan
1706696169200,nan,nan
1706696169210,nan,nan
1706696169246,nan,nan
1706696169247,nan,nan
1706696169261,nan,nan
1706696169266,nan,nan
1706696169278,nan,nan
1706696169288,nan,nan
1706696169299,nan,nan
1706696169311,nan,nan
1706696169321,nan,nan
1706696169332,nan,nan
1706696169379,nan,nan
1706696169386,nan,nan
1706696169404,nan,nan
1706696169414,1769.5472868208287,1005.9614509344101
1706696169425,1769.5472868208287,1005.9614509344101
1706696169437,1761.773152423205,1007.7463090419769
1706696169447,1743.4048755696645,1011.9720757007599
1706696169459,1723.3558544023906,997.3198294639587
1706696169471,1724.1718860474318,987.1195077896118
1706696169482,1742.5609179947523,982.0759430527687
1706696169493,1744.5293184692543,978.5337179899216
1706696169504,1733.209735475198,979.823961853981
1706696169538,1646.4887038339148,961.2292692065239
1706696169554,1394.8416556242046,916.7163372039795
1706696169561,1374.6823675752119,912.2313156723976
1706696169572,1371.9207266549563,911.8625916540623
1706696169582,1362.6052801874341,908.5879735648632
1706696169593,1362.464817664392,905.9195905923843
1706696169604,1363.2472310187402,907.8970141708851
1706696169614,1359.601834987925,914.9315074086189
1706696169625,1360.170968666994,917.7938148379326
1706696169637,1359.2863208858034,919.4261834025383
1706696169648,1364.3284184183765,916.5693685412407
1706696169679,1362.989440634695,916.7756795883179
1706696169681,1355.3044074345542,922.1464484930038
1706696169695,1357.8632308691324,925.0618979334831
1706696169703,1359.7258720352952,918.7288254499435
1706696169715,1359.1885414257088,917.9794013500214
1706696169726,1355.6269594030036,914.6028026938438
1706696169737,1359.868849180349,916.6315421462059
1706696169748,1358.858748257224,921.0584104061127
1706696169759,1358.097675572849,922.4249556660652
1706696169770,1379.2082004542535,921.6980680823326
1706696169788,1555.9411464235675,934.5631629228592
1706696169813,1695.4272799957462,944.0960243344307
1706696169815,1991.715153906392,986.9849681854248
1706696169828,2008.70338901805,992.7848652005196
1706696169837,2005.468499703691,995.6626877188683
1706696169848,2007.912981305235,995.8192825317383
1706696169859,2011.500769794973,992.1309947967529
1706696169870,2015.110464766389,989.1299292445183
1706696169881,2015.6763320643238,988.2965594530106
1706696169893,2013.4324638876064,991.6532829403877
1706696169904,2013.6011809930753,990.3661251068115
1706696169916,2015.482700751673,988.3576855063438
1706696169948,2018.0444328121685,985.3968799114227
1706696169949,2018.0810172360145,988.6113345623016
1706696169965,2015.9791533234024,1016.7101517319679
1706696169970,1997.1955417555898,1024.200627207756
1706696169982,2091.956571293611,1173.9049285650253
1706696169990,nan,nan
1706696170001,nan,nan
1706696170012,nan,nan
1706696170023,nan,nan
1706696170034,nan,nan
1706696170044,nan,nan
1706696170056,nan,nan
1706696170067,nan,nan
1706696170097,nan,nan
1706696170114,nan,nan
1706696170127,nan,nan
1706696170137,nan,nan
1706696170146,nan,nan
1706696170159,nan,nan
1706696170170,nan,nan
1706696170180,nan,nan
1706696170192,nan,nan
1706696170230,nan,nan
1706696170231,nan,nan
1706696170237,nan,nan
1706696170247,nan,nan
1706696170259,nan,nan
1706696170270,nan,nan
1706696170280,nan,nan
1706696170292,nan,nan
1706696170304,nan,nan
1706696170313,nan,nan
1706696170325,nan,nan
1706696170337,nan,nan
1706696170347,nan,nan
1706696170380,nan,nan
1706696170381,nan,nan
1706696170395,nan,nan
1706696170403,nan,nan
1706696170413,nan,nan
1706696170425,nan,nan
1706696170437,nan,nan
1706696170446,nan,nan
1706696170458,nan,nan
1706696170470,nan,nan
1706696170480,nan,nan
1706696170514,nan,nan
1706696170515,nan,nan
1706696170530,nan,nan
1706696170537,nan,nan
1706696170548,nan,nan
1706696170558,nan,nan
1706696170570,nan,nan
1706696170580,nan,nan
1706696170592,nan,nan
1706696170603,nan,nan
1706696170614,nan,nan
1706696170648,nan,nan
1706696170649,nan,nan
1706696170664,nan,nan
1706696170671,nan,nan
1706696170680,nan,nan
1706696170692,nan,nan
1706696170703,nan,nan
1706696170713,nan,nan
1706696170725,nan,nan
1706696170737,nan,nan
1706696170746,nan,nan
1706696170758,nan,nan
1706696170779,nan,nan
1706696170800,nan,nan
1706696170803,nan,nan
1706696170815,nan,nan
1706696170825,nan,nan
1706696170836,nan,nan
1706696170846,nan,nan
1706696170858,nan,nan
1706696170870,nan,nan
1706696170879,nan,nan
1706696170891,nan,nan
1706696170932,nan,nan
1706696170936,nan,nan
1706696170947,nan,nan
1706696170959,nan,nan
1706696170970,nan,nan
1706696170980,nan,nan
1706696170991,nan,nan
1706696171003,nan,nan
1706696171013,nan,nan
1706696171025,nan,nan
1706696171037,nan,nan
1706696171047,nan,nan
1706696171083,nan,nan
1706696171099,nan,nan
1706696171103,nan,nan
1706696171113,nan,nan
1706696171125,nan,nan
1706696171136,nan,nan
1706696171146,nan,nan
1706696171158,nan,nan
1706696171169,nan,nan
1706696171180,nan,nan
1706696171215,nan,nan
1706696171232,nan,nan
1706696171236,nan,nan
1706696171247,nan,nan
1706696171258,nan,nan
1706696171270,nan,nan
1706696171280,nan,nan
1706696171292,nan,nan
1706696171303,nan,nan
1706696171312,nan,nan
1706696171324,nan,nan
1706696171345,nan,nan
1706696171365,nan,nan
1706696171366,nan,nan
1706696171370,nan,nan
1706696171381,nan,nan
1706696171392,nan,nan
1706696171403,nan,nan
1706696171412,nan,nan
1706696171426,nan,nan
1706696171437,nan,nan
1706696171446,nan,nan
1706696171459,nan,nan
1706696171497,nan,nan
1706696171503,nan,nan
1706696171512,nan,nan
1706696171525,nan,nan
1706696171536,nan,nan
1706696171546,nan,nan
1706696171557,nan,nan
1706696171570,nan,nan
1706696171579,nan,nan
1706696171591,nan,nan
1706696171631,nan,nan
1706696171632,nan,nan
1706696171636,nan,nan
1706696171648,nan,nan
1706696171657,nan,nan
1706696171670,nan,nan
1706696171680,nan,nan
1706696171691,nan,nan
1706696171703,nan,nan
1706696171714,nan,nan
1706696171725,nan,nan
1706696171766,nan,nan
1706696171767,nan,nan
1706696171770,nan,nan
1706696171781,nan,nan
1706696171793,nan,nan
1706696171803,nan,nan
1706696171814,nan,nan
1706696171826,nan,nan
1706696171837,nan,nan
1706696171848,nan,nan
1706696171859,nan,nan
1706696171896,nan,nan
1706696171897,nan,nan
1706696171911,nan,nan
1706696171926,nan,nan
1706696171936,nan,nan
1706696171947,nan,nan
1706696171958,nan,nan
1706696171969,nan,nan
1706696171981,nan,nan
1706696171992,nan,nan
1706696172002,nan,nan
1706696172051,nan,nan
1706696172056,nan,nan
1706696172073,nan,nan
1706696172083,nan,nan
1706696172094,nan,nan
1706696172105,1722.6359440151732,1021.2964177131653
1706696172117,1722.6359440151732,1021.2964177131653
1706696172129,1840.1465987178506,1026.656597852707
1706696172141,1937.542609550718,1007.744950056076
1706696172152,1965.8215343115774,999.3363097310066
1706696172162,1984.6745354611953,993.9740344882011
1706696172204,1994.3008017877023,991.7331233620644
1706696172208,1984.6796089264378,996.6700077056885
1706696172221,1982.0453164684811,1002.1414265036583
1706696172230,1984.5409907721728,999.990151822567
1706696172240,1992.5541881872502,995.475260913372
1706696172252,1998.866640061484,989.8345917463303
1706696172262,1992.694832120907,997.6327359676361
1706696172274,1994.4219626192908,996.6045215725899
1706696172285,1997.300280132142,995.3456193208694
1706696172296,2006.663260332217,985.3245422244072
1706696172333,2009.7021857249258,984.1639116406441
1706696172334,1988.9958554006212,978.7943601608276
1706696172340,1776.438271827851,962.7755969762802
1706696172351,1450.9889308889246,922.1419468522072
1706696172364,1371.2921794578397,909.3684986233711
1706696172374,1322.0910506699738,913.1104096770287
1706696172385,1314.5731258068379,912.7061396837234
1706696172396,1315.1423886756977,918.4838116168976
1706696172407,1315.9254658332648,919.5067882537842
1706696172418,1318.318591616141,924.5261177420616
1706696172429,1314.0511512407868,922.6081922650337
1706696172440,1312.4885231246615,919.2362934350967
1706696172481,1309.6824169274562,914.9717956781387
1706696172482,1311.2022391531827,915.047898888588
1706696172485,1305.6224306986674,914.4044756889343
1706696172497,1307.4679007562863,916.3740709424019
1706696172508,1310.2952854832108,913.7613356113434
1706696172518,1312.1105376670378,918.3929294347763
1706696172529,1309.1249646422755,917.673771083355
1706696172540,1308.7490816257985,918.1122988462448
1706696172551,1310.6243111245549,914.8387566208839
1706696172563,1312.3853331032617,914.7248283028603
1706696172574,1309.5881463362234,914.9565353989601
1706696172585,1307.829150811538,918.2116463780403
1706696172596,1306.3988666120945,916.3958996534348
1706696172631,1300.7270941065,923.5132768750191
1706696172645,1308.9595213853456,915.0660753250122
1706696172651,1309.4359668364664,913.7141391634941
1706696172663,1301.2278612842858,911.4929616451263
1706696172673,1247.949644451206,899.5573706924915
1706696172684,1083.3515100261684,871.4210115373135
1706696172695,984.7012555837409,850.8209653198719
1706696172707,892.7178882547747,845.0117111206055
1706696172718,815.1973731427707,844.6708180010319
1706696172729,795.3909251453008,842.3039741814137
1706696172767,794.5088482842852,837.9059135913849
1706696172773,786.6166569472388,839.3695272505283
1706696172785,790.1172946912003,841.1331653594971
1706696172796,793.4468014849813,844.5399306714535
1706696172807,792.6143241235336,839.0422239899635
1706696172818,791.5101276440743,837.7552926540375
1706696172829,789.6301429524831,835.1672455668449
1706696172840,788.9008459848169,841.7600683867931
1706696172851,788.0052956397803,843.9311474561691
1706696172862,786.7215046945917,843.4670254588127
1706696172903,789.5156482214124,840.8880241215229
1706696172908,781.1860156317522,836.2899944186211
1706696172921,780.7284453973182,833.6363904178143
1706696172929,776.0802627226309,833.8051594793797
1706696172941,777.2841231337347,836.1829459667206
1706696172952,776.7288834941369,838.634018599987
1706696172963,779.2615724790467,838.5186605155468
1706696172974,780.9217174866446,835.9329774975777
1706696172985,777.3736111119515,831.5386965870857
1706696172996,781.2953990387683,832.7561639249325
1706696173007,782.0288679303479,833.4653563797474
1706696173018,779.7082019792223,835.250186175108
1706696173051,779.6457711305869,837.4179102480412
1706696173052,784.9139405121463,838.2612459361553
1706696173068,781.6489401854252,836.1701063811779
1706696173074,781.3236296007004,838.9168009161949
1706696173086,775.0400453307084,831.9195382297039
1706696173096,774.3170447485694,832.5123816728592
1706696173107,771.1106908363703,826.7674386501312
1706696173118,774.3801345922124,829.389177262783
1706696173129,803.3359118704017,836.2563595175743
1706696173140,920.4171621086662,859.2170916497707
1706696173151,1292.4084503695426,944.6483388543129
1706696173161,1412.175901011919,971.088570356369
1706696173172,1529.319056133616,1006.7321091890335
1706696173204,nan,nan
1706696173205,nan,nan
1706696173223,nan,nan
1706696173227,nan,nan
1706696173239,nan,nan
1706696173249,nan,nan
1706696173258,nan,nan
1706696173276,nan,nan
1706696173295,nan,nan
1706696173307,nan,nan
1706696173351,nan,nan
1706696173368,nan,nan
1706696173372,nan,nan
1706696173383,nan,nan
1706696173394,nan,nan
1706696173406,nan,nan
1706696173417,nan,nan
1706696173428,nan,nan
1706696173439,nan,nan
1706696173450,nan,nan
1706696173461,nan,nan
1706696173501,nan,nan
1706696173502,nan,nan
1706696173506,nan,nan
1706696173518,nan,nan
1706696173528,nan,nan
1706696173539,nan,nan
1706696173550,nan,nan
1706696173562,nan,nan
1706696173573,nan,nan
1706696173584,nan,nan
1706696173594,nan,nan
1706696173605,nan,nan
1706696173616,nan,nan
1706696173650,nan,nan
1706696173651,nan,nan
1706696173665,nan,nan
1706696173674,nan,nan
1706696173685,nan,nan
1706696173696,nan,nan
1706696173708,644.025015749984,798.8468043506145
1706696173719,644.025015749984,798.8468043506145
1706696173730,644.025015749984,798.8468043506145
1706696173741,639.8988551889269,793.4887759387493
1706696173751,639.8988551889269,793.4887759387493
1706696173764,624.0912796153059,786.9428806006908
1706696173799,625.8023870382383,786.9328297674656
1706696173800,623.9362400071552,785.1854428648949
1706696173814,601.4628799155466,782.5140304863453
1706696173820,602.5345306352145,780.2730202674866
1706696173831,599.6393744608315,777.2711761295795
1706696173842,596.9083037203477,775.0317513942719
1706696173853,588.1164219324003,772.2301736474037
1706696173864,589.1992559444799,772.6316832005978
1706696173876,588.6769916574397,772.2431547939777
1706696173886,587.1178025056079,773.5709831118584
1706696173898,606.6749309402562,770.7727320492268
1706696173936,649.5017938982921,768.301897495985
1706696173937,692.4630300503936,759.1581590473652
1706696173942,705.2092137264788,760.7335776090622
1706696173953,712.3415848385625,761.2490154802799
1706696173965,710.4892565718957,760.0746393203735
1706696173975,708.0849962724611,759.2898957431316
1706696173986,716.5042213501289,767.7555851638317
1706696173997,723.0978046137823,768.7963984906673
1706696174008,724.1467395786024,773.3270451426506
1706696174019,720.9353554602054,773.2185527682304
1706696174030,758.2541457203326,777.2884041070938
1706696174041,901.7696261426036,790.7077670097351
1706696174052,1173.4017314667606,815.0633990764618
1706696174086,1272.9584254307672,825.6923250854015
1706696174087,1325.103723390156,825.9391792118549
1706696174102,1333.664341022478,837.3278632760048
1706696174108,1328.9312435816446,842.1342141926289
1706696174120,1329.296525155005,842.4776695668697
1706696174131,1333.154177246281,843.2412639260292
1706696174142,1335.8517571364039,845.943083614111
1706696174153,1335.5420125544017,850.3182537853718
1706696174164,1335.3950523689907,849.8175241053104
1706696174175,1334.334471515809,851.4059945940971
1706696174186,1335.0924604919305,853.7373632192612
1706696174197,1335.6652872743564,856.5151020884514
1706696174237,1336.4312390432087,855.412483215332
1706696174238,1333.1135340523747,850.6604492664337
1706696174242,1313.694820036211,855.3825855255127
1706696174253,1287.9347313936216,859.556583315134
1706696174266,1279.6329955519468,862.7410836517811
1706696174275,1274.2764792282646,864.6846175193787
1706696174286,1277.064880739235,868.0144160985947
1706696174297,1274.662262622552,865.7582022249699
1706696174309,1278.211835556646,863.0346104502678
1706696174319,1273.8363358434394,864.3759153783321
1706696174331,1276.956683084767,867.347663640976
1706696174342,1274.3261983389727,868.1817270815372
1706696174352,1275.6438965670354,869.3452879786491
1706696174384,1275.789500730157,870.7769937813282
1706696174385,1280.8144562209195,873.7646818161011
1706696174400,1281.3796025701624,876.7912708222866
1706696174408,1278.4845093072672,877.1375007927418
1706696174419,1279.273218316168,877.219408005476
1706696174430,1282.327023336167,873.7962923943996
1706696174441,1281.8101115163838,872.609331458807
1706696174452,1281.9888190250638,873.4496094286442
1706696174464,1278.5818746469063,874.7219458222389
1706696174475,1277.9842421007452,879.308395832777
1706696174486,1280.8403186761575,882.4224837124348
1706696174519,1276.4902516470725,885.993629693985
1706696174533,1241.604873865812,901.1879697442055
1706696174541,1239.9707253771908,904.6510055661201
1706696174552,1235.6961357777568,905.7138457894325
1706696174564,1234.469573450711,901.3486981391907
1706696174575,1234.041722784407,902.8499528765678
1706696174586,1235.667281058291,905.4481357336044
1706696174597,1237.9477440718613,905.5888473987579
1706696174608,1242.5190614896176,905.6336656212807
1706696174619,1244.0325626465924,903.7123993039131
1706696174630,1245.8660147125547,904.7801658511162
1706696174668,1243.56219723074,901.2368083000183
1706696174675,1241.4632205285793,910.5102449655533
1706696174686,1240.2995216517465,907.8733593225479
1706696174698,1240.928524407574,905.8933451771736
1706696174708,1238.8191849008108,908.6311355233192
1706696174719,1240.3984135377113,911.1108601093292
1706696174730,1241.4666269611773,911.6206780076027
1706696174741,1244.742713668246,907.146330177784
1706696174752,1241.739051337955,906.3033059239388
1706696174763,1241.4740457123094,908.9545741677284
1706696174774,1236.608997318296,914.8054331541061
1706696174785,1237.9794724678202,916.6180089116096
1706696174819,1237.2225392606383,913.9637678861618
1706696174834,1238.5212311726714,921.9691574573517
1706696174841,1219.7377194153166,918.9284831285477
1706696174852,1189.4454547770533,920.2419146895409
1706696174864,1179.5956250118484,914.8731276392937
1706696174874,1178.7028270618084,917.5484895706177
1706696174885,1182.3097272121522,917.4725279211998
1706696174897,1183.4644760764122,917.7764311432838
1706696174908,1181.1496327295818,918.7741532921791
1706696174919,1180.6896941824039,919.8117390275002
1706696174952,1177.6681376007677,923.8794669508934
1706696174953,1176.3181717676491,925.1384258270264
1706696174967,1175.197448414155,921.1476504802704
1706696174974,1173.5785458395285,919.2256763577461
1706696174987,1172.5231811402386,918.6788260936737
1706696174997,1173.8349687139983,919.9468165636063
1706696175008,1173.313198845798,921.1441397666931
1706696175019,1171.2641979582313,922.3281279206276
1706696175030,1174.1419829088122,924.6361956000328
1706696175041,1174.5915918560381,930.5676311254501
1706696175052,1176.9385374671415,936.960980296135
1706696175063,1204.8957558503646,938.373589515686
1706696175083,1323.4554892419499,988.1215050816536
1706696175104,1501.821663623355,1082.444667816162
1706696175105,nan,nan
1706696175121,nan,nan
1706696175127,nan,nan
1706696175139,nan,nan
1706696175149,nan,nan
1706696175161,nan,nan
1706696175171,nan,nan
1706696175181,nan,nan
1706696175199,nan,nan
1706696175237,nan,nan
1706696175241,nan,nan
1706696175254,nan,nan
1706696175264,nan,nan
1706696175274,nan,nan
1706696175286,nan,nan
1706696175297,nan,nan
1706696175308,nan,nan
1706696175319,nan,nan
1706696175330,nan,nan
1706696175341,nan,nan
1706696175353,nan,nan
1706696175385,nan,nan
1706696175386,nan,nan
1706696175401,nan,nan
1706696175408,nan,nan
1706696175420,nan,nan
1706696175431,nan,nan
1706696175442,nan,nan
1706696175451,nan,nan
1706696175464,nan,nan
1706696175474,nan,nan
1706696175484,nan,nan
1706696175521,nan,nan
1706696175522,nan,nan
1706696175537,nan,nan
1706696175541,nan,nan
1706696175551,nan,nan
1706696175563,nan,nan
1706696175574,nan,nan
1706696175584,nan,nan
1706696175596,nan,nan
1706696175608,nan,nan
1706696175617,nan,nan
1706696175629,nan,nan
1706696175670,nan,nan
1706696175675,nan,nan
1706696175685,nan,nan
1706696175698,nan,nan
1706696175708,nan,nan
1706696175718,nan,nan
1706696175729,nan,nan
1706696175741,nan,nan
1706696175752,nan,nan
1706696175763,nan,nan
1706696175775,nan,nan
1706696175785,nan,nan
1706696175822,nan,nan
1706696175823,nan,nan
1706696175830,nan,nan
1706696175841,nan,nan
1706696175851,nan,nan
1706696175863,nan,nan
1706696175874,nan,nan
1706696175884,nan,nan
1706696175896,nan,nan
1706696175907,nan,nan
1706696175918,nan,nan
1706696175930,nan,nan
1706696175969,nan,nan
1706696175970,nan,nan
1706696175974,nan,nan
1706696175986,nan,nan
1706696175999,nan,nan
1706696176008,nan,nan
1706696176017,nan,nan
1706696176030,nan,nan
1706696176041,nan,nan
1706696176051,nan,nan
1706696176063,nan,nan
1706696176074,nan,nan
1706696176084,nan,nan
1706696176120,nan,nan
1706696176121,nan,nan
1706696176136,nan,nan
1706696176141,nan,nan
1706696176151,nan,nan
1706696176163,nan,nan
1706696176175,nan,nan
1706696176184,nan,nan
1706696176197,nan,nan
1706696176208,nan,nan
1706696176218,nan,nan
1706696176229,nan,nan
1706696176252,nan,nan
1706696176274,nan,nan
1706696176275,nan,nan
1706696176290,nan,nan
1706696176297,nan,nan
1706696176307,nan,nan
1706696176317,nan,nan
1706696176329,nan,nan
1706696176340,nan,nan
1706696176351,nan,nan
1706696176362,nan,nan
1706696176403,nan,nan
1706696176407,nan,nan
1706696176418,nan,nan
1706696176429,nan,nan
1706696176440,nan,nan
1706696176451,nan,nan
1706696176462,nan,nan
1706696176473,nan,nan
1706696176484,nan,nan
1706696176496,nan,nan
1706696176507,nan,nan
1706696176518,nan,nan
1706696176552,nan,nan
1706696176553,nan,nan
1706696176568,nan,nan
1706696176574,nan,nan
1706696176584,nan,nan
1706696176596,nan,nan
1706696176607,nan,nan
1706696176618,nan,nan
1706696176629,nan,nan
1706696176640,nan,nan
1706696176651,nan,nan
1706696176685,nan,nan
1706696176686,nan,nan
1706696176701,nan,nan
1706696176707,nan,nan
1706696176717,nan,nan
1706696176729,nan,nan
1706696176748,nan,nan
1706696176763,nan,nan
1706696176774,nan,nan
1706696176785,nan,nan
1706696176823,nan,nan
1706696176824,nan,nan
1706696176830,nan,nan
1706696176841,nan,nan
1706696176852,nan,nan
1706696176862,nan,nan
1706696176879,nan,nan
1706696176900,nan,nan
1706696176917,nan,nan
1706696176933,nan,nan
1706696176974,1476.0788966760695,1044.0652638673782
1706696176975,1476.0788966760695,1044.0652638673782
1706696176978,1477.5726799772046,1038.3097603917122
1706696176993,1512.9924910568875,1034.7695738077164
1706696177001,1516.4293437941324,1038.666494190693
1706696177012,1515.5633649654615,1039.142394065857
1706696177023,1514.4150873027334,1035.2279767394066
1706696177035,1516.5734813065637,1033.0120086669922
1706696177045,1516.1879924094674,1031.2738940119743
1706696177055,1503.13017811718,1039.7250309586525
1706696177067,1478.0058326194664,1041.810055077076
1706696177078,1463.2040482586438,1045.0268596410751
1706696177089,1504.2558998472452,1026.167419552803
1706696177120,1512.5399031563115,1026.4949068427086
1706696177121,1507.1332680395776,1019.9956700205803
1706696177123,1432.7465369379602,972.1366032958031
1706696177137,1398.071011670558,958.026111125946
1706696177145,1365.1957392921179,939.1717106103897
1706696177156,1338.4292029151595,932.5300350785255
1706696177168,1337.22156021398,928.9958223700523
1706696177178,1338.3458403042282,927.0330503582954
1706696177189,1337.4429194107026,927.7725651860237
1706696177200,1335.2944723348712,927.3199662566185
1706696177211,1338.358661265978,926.9280686974525
1706696177222,1345.1962336870622,926.9289180636406
1706696177234,1349.4513128451847,929.4784888625145
1706696177271,1348.8496192221219,929.0640264749527
1706696177278,1342.7661931925277,915.1840806007385
1706696177289,1339.5888807400488,915.2341648936272
1706696177303,1339.4985954038857,918.170876801014
1706696177311,1343.4711529432325,917.4514919519424
1706696177322,1345.0317970917704,916.7079001665115
1706696177334,1344.6780674599545,915.995791554451
1706696177345,1328.784520790515,912.740595638752
1706696177355,1251.0489267129285,899.8301729559898
1706696177367,1085.402983927594,864.137852191925
1706696177378,871.5530947174642,823.8703779876232
1706696177421,766.8341453178837,821.8406617641449
1706696177422,695.1905835309288,809.0211354196072
1706696177436,692.6824210571185,809.0717293322086
1706696177445,693.9955806620069,804.2141333222389
1706696177456,706.1172741267978,811.6071440279484
1706696177467,704.4268443021175,810.6629461050034
1706696177478,705.7469649839165,811.3635174930096
1706696177489,703.893005611549,807.7042356133461
1706696177500,699.7038291480683,804.783421009779
1706696177511,694.96750676528,801.4426797628403
1706696177522,689.8750728321864,798.1556043028831
1706696177534,689.1035437334302,796.1575128138065
1706696177571,704.3103108247027,785.6083281338215
1706696177572,737.0307127171584,761.5826323628426
1706696177578,760.1674163022916,747.6159520447254
1706696177589,755.5059199749691,742.6343627274036
1706696177600,757.1921785026974,743.3419696986675
1706696177612,758.4229688049903,740.5092626810074
1706696177622,752.5384879830139,737.490176409483
1706696177634,748.0576740062194,733.4091134369373
1706696177645,748.9945167117679,734.8306834697723
1706696177656,750.0396172061581,733.0527901649475
1706696177667,751.7808354495588,733.9183509349823
1706696177678,751.5579239117202,730.1985375583172
1706696177720,751.0948033870006,730.6356072425842
1706696177723,752.740004158868,731.6628023982048
1706696177735,748.0799101330276,727.6868626475334
1706696177744,755.0500282373644,729.7297582030296
1706696177755,903.020770097628,737.7315945923328
1706696177766,1075.5275747587636,786.8167780339718
1706696177777,1206.3507631671018,808.9583814144135
1706696177787,1514.65351252807,962.9480466246605
1706696177798,nan,nan
1706696177809,nan,nan
1706696177820,nan,nan
1706696177831,nan,nan
1706696177870,nan,nan
1706696177871,nan,nan
1706696177875,nan,nan
1706696177886,nan,nan
1706696177898,nan,nan
1706696177908,nan,nan
1706696177919,nan,nan
1706696177930,nan,nan
1706696177941,nan,nan
1706696177952,nan,nan
1706696177964,nan,nan
1706696177975,nan,nan
1706696177986,nan,nan
1706696178022,nan,nan
1706696178037,nan,nan
1706696178048,nan,nan
1706696178067,nan,nan
1706696178085,nan,nan
1706696178099,nan,nan
1706696178110,nan,nan
1706696178121,nan,nan
1706696178153,nan,nan
1706696178154,nan,nan
1706696178171,nan,nan
1706696178177,nan,nan
1706696178189,nan,nan
1706696178199,nan,nan
1706696178210,nan,nan
1706696178221,nan,nan
1706696178232,nan,nan
1706696178243,nan,nan
1706696178254,nan,nan
1706696178266,nan,nan
1706696178286,nan,nan
1706696178306,nan,nan
1706696178310,nan,nan
1706696178326,nan,nan
1706696178333,nan,nan
1706696178344,nan,nan
1706696178354,nan,nan
1706696178366,nan,nan
1706696178377,nan,nan
1706696178388,nan,nan
1706696178399,nan,nan
1706696178439,nan,nan
1706696178444,nan,nan
1706696178455,nan,nan
1706696178468,nan,nan
1706696178477,nan,nan
1706696178487,nan,nan
1706696178500,nan,nan
1706696178510,nan,nan
1706696178521,nan,nan
1706696178533,nan,nan
1706696178543,nan,nan
1706696178554,nan,nan
1706696178588,nan,nan
1706696178589,nan,nan
1706696178604,nan,nan
1706696178610,nan,nan
1706696178622,925.3620764860987,541.8752685189247
1706696178632,925.3620764860987,541.8752685189247
1706696178644,1010.7263334774519,560.5414777994156
1706696178655,1014.2542904882101,573.2104256749153
1706696178666,1014.2542904882101,573.2104256749153
1706696178677,932.4661253787116,565.2432717382908
1706696178688,nan,nan
1706696178699,nan,nan
1706696178738,nan,nan
1706696178739,941.3299964269195,583.6781844496727
1706696178744,973.8178230471624,595.4602241516113
1706696178755,974.6849426729791,599.8442701995373
1706696178767,928.6535324390485,592.7458055317402
1706696178778,837.7009785786788,584.6397802233696
1706696178789,736.9711732887303,575.7589489221573
1706696178799,750.2414796759708,573.6119918525219
1706696178811,755.6274344322202,590.5841544270515
1706696178822,766.2029268533921,601.4071747660637
1706696178833,766.2029268533921,601.4071747660637
1706696178873,768.6353902651648,608.0696456134319
1706696178874,774.9634946605839,615.6427219510078
1706696178880,820.1823518884889,654.4235646724701
1706696178892,808.6323453700098,655.8528002351522
1706696178902,807.6864883154773,663.2420029491186
1706696178913,808.9989658058606,667.3792444169521
1706696178923,815.8042901627415,675.3332614898682
1706696178935,820.1793119202144,679.0316849946976
1706696178946,821.4884724002917,689.429597556591
1706696178957,831.5704128775955,696.1441487073898
1706696178968,889.4252219998698,714.2767861485481
1706696178979,1042.8572430261552,758.8369853794575
1706696178990,1269.3878886294526,830.3526841104031
1706696179023,1360.9495366070764,855.7918526232243
1706696179024,1420.2227936513066,875.8834682404995
1706696179041,1429.662278769705,898.1226354837418
1706696179046,1423.2203369408012,903.1410023570061
1706696179056,1431.3708935391987,899.9135240912437
1706696179068,1436.3770612102626,898.9555805921555
1706696179079,1432.5160136339075,905.5452041327953
1706696179090,1427.941767251671,912.6596085727215
1706696179101,1427.6530874159937,915.1714392006397
1706696179112,1425.2978535252157,914.9386562407017
1706696179123,1424.8437506625735,917.2009006142616
1706696179135,1427.6062230588332,918.290439248085
1706696179175,1424.1048067385425,921.3852748274803
1706696179179,1418.6713475072538,919.1714867949486
1706696179192,1422.5371800008134,922.0955431461334
1706696179201,1419.6772390811932,925.210990011692
1706696179211,1423.8919599089202,924.4237691164017
1706696179222,1560.4185675404983,971.5822219848633
1706696179234,1817.5851172958924,984.44564640522
1706696179244,1817.5851172958924,984.44564640522
1706696179255,nan,nan
1706696179266,nan,nan
1706696179277,nan,nan
1706696179288,nan,nan
1706696179323,nan,nan
1706696179339,nan,nan
1706696179342,nan,nan
1706696179358,nan,nan
1706696179379,nan,nan
1706696179389,nan,nan
1706696179401,nan,nan
1706696179412,nan,nan
1706696179422,nan,nan
1706696179435,nan,nan
1706696179455,nan,nan
1706696179476,nan,nan
1706696179479,nan,nan
1706696179495,nan,nan
1706696179501,nan,nan
1706696179512,nan,nan
1706696179522,nan,nan
1706696179535,nan,nan
1706696179546,nan,nan
1706696179556,nan,nan
1706696179568,nan,nan
1706696179579,nan,nan
1706696179589,nan,nan
1706696179622,nan,nan
1706696179636,nan,nan
1706696179645,nan,nan
1706696179655,nan,nan
1706696179667,nan,nan
1706696179678,nan,nan
1706696179688,nan,nan
1706696179701,nan,nan
1706696179712,nan,nan
1706696179722,nan,nan
1706696179733,nan,nan
1706696179773,nan,nan
1706696179774,nan,nan
1706696179779,nan,nan
1706696179789,nan,nan
1706696179800,nan,nan
1706696179812,nan,nan
1706696179822,nan,nan
1706696179833,nan,nan
1706696179845,nan,nan
1706696179855,nan,nan
1706696179867,nan,nan
1706696179879,nan,nan
1706696179889,nan,nan
1706696179923,nan,nan
1706696179924,nan,nan
1706696179939,nan,nan
1706696179945,nan,nan
1706696179957,nan,nan
1706696179967,nan,nan
1706696179978,nan,nan
1706696179989,nan,nan
1706696180000,nan,nan
1706696180011,nan,nan
1706696180022,nan,nan
1706696180056,nan,nan
1706696180072,nan,nan
1706696180079,nan,nan
1706696180088,nan,nan
1706696180100,nan,nan
1706696180111,nan,nan
1706696180121,nan,nan
1706696180133,nan,nan
1706696180145,nan,nan
1706696180155,nan,nan
1706696180167,nan,nan
1706696180207,nan,nan
1706696180208,nan,nan
1706696180212,nan,nan
1706696180223,nan,nan
1706696180235,nan,nan
1706696180245,nan,nan
1706696180255,nan,nan
1706696180267,nan,nan
1706696180278,nan,nan
1706696180288,nan,nan
1706696180300,nan,nan
1706696180312,nan,nan
1706696180322,nan,nan
1706696180357,nan,nan
1706696180358,nan,nan
1706696180373,nan,nan
1706696180378,nan,nan
1706696180387,nan,nan
1706696180400,nan,nan
1706696180411,nan,nan
1706696180421,nan,nan
1706696180433,nan,nan
1706696180445,nan,nan
1706696180455,nan,nan
1706696180492,nan,nan
1706696180500,nan,nan
1706696180512,nan,nan
1706696180523,nan,nan
1706696180533,nan,nan
1706696180545,nan,nan
1706696180555,nan,nan
1706696180568,nan,nan
1706696180579,nan,nan
1706696180588,nan,nan
1706696180601,nan,nan
1706696180640,nan,nan
1706696180644,nan,nan
1706696180657,nan,nan
1706696180667,nan,nan
1706696180678,nan,nan
1706696180689,nan,nan
1706696180700,nan,nan
1706696180710,nan,nan
1706696180727,nan,nan
1706696180774,nan,nan
1706696180775,nan,nan
1706696180780,nan,nan
1706696180791,nan,nan
1706696180804,nan,nan
1706696180815,1481.1685947476017,1001.7712727189064
1706696180825,1481.1685947476017,1001.7712727189064
1706696180836,1481.1685947476017,1001.7712727189064
1706696180848,1480.5162965165252,1007.2603866457939
1706696180858,1480.5162965165252,1007.2603866457939
1706696180870,1480.5162965165252,1007.2603866457939
1706696180881,nan,nan
1706696180892,nan,nan
1706696180928,nan,nan
1706696180943,1386.0003329071465,972.8852063417435
