timestamp,x,y
1706696145429,444.5121765136719,176.2462055683136
1706696145441,450.39236068725586,183.20398449897766
1706696145460,443.1602478027344,176.05285584926605
1706696145488,446.4983367919922,176.17635548114777
1706696145490,441.99581146240234,174.16656017303467
1706696145496,450.6227684020996,184.17746007442474
1706696145512,452.0068359375,182.99204170703888
1706696145518,446.36478424072266,180.62462210655212
1706696145530,447.80948638916016,177.74057149887085
1706696145541,446.059513092041,173.4940391778946
1706696145552,445.91896057128906,169.4502067565918
1706696145563,494.0634346008301,162.64911711215973
1706696145574,581.8474769592285,154.1608214378357
1706696145585,743.6811828613281,144.0285086631775
1706696145596,773.0255889892578,144.34077143669128
1706696145608,787.2237014770508,142.4729347229004
1706696145653,793.916015625,146.8578690290451
1706696145654,793.2035446166992,145.8635312318802
1706696145668,804.8076629638672,142.6456743478775
1706696145676,802.6984786987305,139.12334382534027
1706696145686,799.0602874755859,144.49853897094727
1706696145697,794.5376586914062,150.67477583885193
1706696145707,794.8133087158203,156.95371448993683
1706696145718,797.6221084594727,159.43947851657867
1706696145729,803.1105804443359,160.06140768527985
1706696145740,805.9939193725586,155.32248079776764
1706696145751,807.9330825805664,158.82839620113373
1706696145792,802.1796417236328,153.3986932039261
1706696145793,804.981689453125,149.55884277820587
1706696145796,857.6706314086914,144.93217706680298
1706696145809,1001.7415237426758,136.38412714004517
1706696145819,1289.4954299926758,117.19527661800385
1706696145829,1399.8661041259766,116.82112991809845
1706696145840,1455.5858612060547,117.05661177635193
1706696145851,1470.9839630126953,124.32276427745819
1706696145862,1473.5628509521484,119.49372589588165
1706696145874,1470.6076049804688,122.05610990524292
1706696145884,1467.8630065917969,120.06446778774261
1706696145896,1468.336410522461,126.67364537715912
1706696145907,1470.5966186523438,129.81846034526825
1706696145944,1470.4054260253906,132.43625342845917
1706696145945,1469.1779327392578,136.27416729927063
1706696145952,1466.7475891113281,145.58041334152222
1706696145963,1463.7699890136719,141.2149465084076
1706696145973,1460.798568725586,141.34462594985962
1706696145984,1461.7268371582031,131.04113459587097
1706696145996,1465.669937133789,133.02185475826263
1706696146007,1459.5584106445312,131.76642537117004
1706696146018,1422.2413635253906,126.44691824913025
1706696146029,1402.2086334228516,124.93494093418121
1706696146040,1386.2139129638672,125.50295770168304
1706696146060,1389.403305053711,136.33842766284943
1706696146083,1388.4553527832031,135.66627144813538
1706696146084,1389.832992553711,137.62736856937408
1706696146100,1391.1248016357422,142.68056452274323
1706696146109,1383.5050964355469,147.2195166349411
1706696146119,1379.3576049804688,147.80670046806335
1706696146129,1382.353286743164,143.9438098669052
1706696146140,1387.9411315917969,141.67495608329773
1706696146151,1386.8506622314453,137.2683709859848
1706696146162,1383.8546752929688,139.2220437526703
1706696146174,1382.4920654296875,137.23376512527466
1706696146185,1384.6559143066406,141.52906000614166
1706696146205,1393.6891174316406,140.7432371377945
1706696146228,1446.4126586914062,147.7441942691803
1706696146229,1521.9096374511719,159.15064215660095
1706696146247,1567.2257232666016,175.7660686969757
1706696146251,1567.9721069335938,165.56464076042175
1706696146262,1566.5668487548828,164.62356626987457
1706696146274,1563.6382293701172,158.46823453903198
1706696146285,1566.8278503417969,164.19397830963135
1706696146296,1570.78125,166.60158276557922
1706696146307,1568.9305114746094,166.5755009651184
1706696146318,1570.447769165039,168.2076895236969
1706696146330,1564.781494140625,163.08778166770935
1706696146341,1568.812255859375,164.67288672924042
1706696146377,1564.9317169189453,173.14345836639404
1706696146384,1488.2703399658203,204.0954315662384
1706696146395,1436.3162994384766,241.42917394638062
1706696146407,1377.8532409667969,276.02503538131714
1706696146418,1358.3413696289062,288.82192969322205
1706696146429,1358.9263916015625,284.1064667701721
1706696146440,1359.19189453125,285.2588403224945
1706696146451,1357.7369689941406,281.2432301044464
1706696146462,1356.9767761230469,280.8472716808319
1706696146474,1358.8372802734375,290.37928462028503
1706696146485,1364.4857025146484,296.29043340682983
1706696146496,1361.4115905761719,291.962753534317
1706696146545,1360.7158660888672,284.17044281959534
1706696146546,1356.4945983886719,284.34943199157715
1706696146551,1363.9046478271484,290.6108558177948
1706696146571,1364.769058227539,280.80933451652527
1706696146573,1367.9534149169922,284.62275981903076
1706696146585,1362.5389099121094,283.42856526374817
1706696146595,1365.3070831298828,282.54772782325745
1706696146607,1351.9263458251953,276.41550064086914
1706696146618,1225.619888305664,279.6711337566376
1706696146628,1170.0994491577148,280.8810567855835
1706696146640,1000.2061080932617,280.9480154514313
1706696146651,812.6109313964844,286.4462435245514
1706696146662,791.6634750366211,282.3227119445801
1706696146701,769.2143630981445,280.9711790084839
1706696146707,780.1605606079102,281.20373725891113
1706696146720,773.5205459594727,282.850044965744
1706696146729,769.4475936889648,284.2118239402771
1706696146741,771.5542602539062,278.3342778682709
1706696146750,763.8020324707031,271.3814878463745
1706696146761,761.4707946777344,267.2472059726715
1706696146774,752.7177810668945,266.3436985015869
1706696146783,748.4169006347656,258.4797942638397
1706696146795,687.5298309326172,261.64519786834717
1706696146806,485.08609771728516,291.6627860069275
1706696146817,444.42333221435547,289.24870133399963
1706696146828,436.8648338317871,288.25910568237305
1706696146871,438.1682586669922,293.9182984828949
1706696146872,437.38834381103516,298.3912682533264
1706696146873,435.5220413208008,298.44712257385254
1706696146894,433.5896873474121,295.6195592880249
1706696146895,434.4357490539551,291.10347032546997
1706696146909,436.6658020019531,295.07965207099915
1706696146917,437.85070419311523,294.33890104293823
1706696146928,428.685245513916,293.3491551876068
1706696146940,435.9868621826172,289.6008539199829
1706696146951,589.5566368103027,360.58237195014954
1706696146962,733.0384063720703,441.04856729507446
1706696146973,988.2569885253906,587.4327635765076
1706696146984,1290.19287109375,767.3266124725342
1706696146995,1351.9288635253906,820.4861927032471
1706696147042,1377.6676940917969,836.1093950271606
1706696147043,1377.046127319336,837.6319026947021
1706696147058,1371.8994140625,854.4999074935913
1706696147062,1378.638916015625,861.9245624542236
1706696147074,1386.0475158691406,861.783242225647
1706696147085,1382.9702758789062,860.0440979003906
1706696147095,1379.4635009765625,856.1372566223145
1706696147107,1377.9228973388672,847.8400468826294
1706696147117,1381.928482055664,852.6235198974609
1706696147129,1381.1972045898438,855.0030469894409
1706696147140,1380.7408142089844,866.382007598877
1706696147151,1377.2772216796875,867.8219890594482
1706696147186,1377.0946502685547,866.2805986404419
1706696147201,1372.3175048828125,864.566216468811
1706696147207,1353.9457702636719,851.6420030593872
1706696147217,1339.0847778320312,815.4714918136597
1706696147228,1331.0964965820312,801.8137264251709
1706696147239,1327.711410522461,804.5745134353638
1706696147250,1324.911117553711,798.4534549713135
1706696147261,1325.8250427246094,804.0647649765015
1706696147272,1332.1488189697266,791.2047529220581
1706696147284,1332.5914764404297,800.6860399246216
1706696147295,1334.6508026123047,804.3722105026245
1706696147330,1335.4426574707031,804.428858757019
1706696147331,1332.4208068847656,796.5709733963013
1706696147339,1323.9119720458984,794.9522066116333
1706696147350,1327.7047729492188,804.0666961669922
1706696147362,1330.0349426269531,802.7957582473755
1706696147373,1333.9667510986328,808.2098722457886
1706696147383,1328.792839050293,799.2731380462646
1706696147395,1332.0137786865234,800.8191204071045
1706696147406,1333.5761260986328,788.02734375
1706696147417,1337.5214385986328,794.3816900253296
1706696147428,1328.1123352050781,794.7696876525879
1706696147440,1321.9546508789062,808.3854818344116
1706696147480,1321.9111633300781,802.8555393218994
1706696147481,1328.7321472167969,808.1273460388184
1706696147484,1328.0255126953125,801.2184476852417
1706696147498,1323.8978576660156,792.4017906188965
1706696147507,1323.4970474243164,806.6958618164062
1706696147517,1326.9565200805664,807.878737449646
1706696147528,1326.884422302246,808.7694454193115
1706696147540,1333.3038330078125,800.552830696106
1706696147551,1334.681167602539,802.0039701461792
1706696147562,1339.6027374267578,803.0766820907593
1706696147573,1343.5598754882812,802.0462417602539
1706696147583,1341.4081573486328,796.4726972579956
1706696147594,1335.0460815429688,792.5395917892456
1706696147605,1333.3741760253906,793.3478164672852
1706696147617,1331.1315155029297,804.0552377700806
1706696147653,1331.3638305664062,826.4869594573975
1706696147654,1329.6061325073242,851.9111251831055
1706696147667,1324.9979400634766,887.6151466369629
1706696147672,1320.321388244629,887.9631042480469
1706696147683,1318.9629364013672,892.3183679580688
1706696147694,1319.2827606201172,892.3472929000854
1706696147706,1315.775375366211,899.5891284942627
1706696147717,1315.7417297363281,894.8592567443848
1706696147728,1315.8134841918945,891.880931854248
1706696147739,1328.1163787841797,872.2867298126221
1706696147750,1347.6598358154297,754.9627447128296
1706696147761,1354.3512725830078,657.856113910675
1706696147799,1348.0026245117188,497.284255027771
1706696147806,1317.1064758300781,331.8440794944763
1706696147817,1309.8017120361328,319.32575941085815
1706696147828,1308.6930847167969,318.7898004055023
1706696147840,1310.1896667480469,318.9687466621399
1706696147850,1318.0706024169922,329.9930441379547
1706696147861,1316.722183227539,328.23848247528076
1706696147873,1314.0780639648438,326.96527004241943
1706696147884,1310.5510330200195,322.67770528793335
1706696147895,1309.0946197509766,320.4026770591736
1706696147906,1307.2395706176758,316.1113464832306
1706696147945,1310.6603240966797,318.7658751010895
1706696147946,1314.7878646850586,322.15693831443787
1706696147949,1293.724594116211,310.42218804359436
1706696147961,1289.1194915771484,302.35865235328674
1706696147972,1283.2263565063477,298.5044252872467
1706696147983,1284.2008209228516,301.11796975135803
1706696147994,1281.5441513061523,302.6782536506653
1706696148005,1281.412353515625,298.4274673461914
1706696148016,1282.4958801269531,292.12236642837524
1706696148028,1284.5162963867188,291.99402809143066
1706696148039,1285.8202743530273,292.5925147533417
1706696148050,1281.4814758300781,295.273414850235
1706696148061,1279.3852615356445,295.00831604003906
1706696148072,1220.7247161865234,293.5990834236145
1706696148115,1026.4929580688477,295.5033230781555
1706696148116,878.351936340332,293.8767671585083
1706696148134,513.0994606018066,323.76898884773254
1706696148142,514.0819931030273,328.3519721031189
1706696148151,513.8276290893555,333.9827013015747
1706696148161,518.4993171691895,338.72050166130066
1706696148172,516.7084503173828,338.8293242454529
1706696148183,512.9343605041504,335.1483142375946
1706696148194,511.7507743835449,332.82008171081543
1706696148206,508.2290840148926,336.2924265861511
1706696148217,509.443302154541,339.8333179950714
1706696148228,509.71729278564453,336.99984312057495
1706696148266,508.7316131591797,332.5278925895691
1706696148273,582.8253173828125,309.9989354610443
1706696148283,679.6536636352539,308.30888628959656
1706696148296,695.8343124389648,304.96167182922363
1706696148306,702.4374389648438,309.64422941207886
1706696148317,700.4351425170898,306.07831835746765
1706696148327,702.1922302246094,307.8950107097626
1706696148338,699.985237121582,305.6916296482086
1706696148349,702.9537200927734,312.3586142063141
1706696148360,701.4870452880859,311.75363659858704
1706696148372,702.0112991333008,310.33955454826355
1706696148414,704.4878005981445,314.0108335018158
1706696148415,711.7330551147461,333.5188829898834
1706696148416,714.828987121582,331.34681940078735
1706696148430,720.9968948364258,344.6123170852661
1706696148438,755.1592636108398,387.98776745796204
1706696148448,789.4139099121094,458.4780979156494
1706696148459,883.3455657958984,637.9349613189697
1706696148470,nan,nan
1706696148480,nan,nan
1706696148492,nan,nan
1706696148504,nan,nan
1706696148514,nan,nan
1706696148552,nan,nan
1706696148553,nan,nan
1706696148557,nan,nan
1706696148576,nan,nan
1706696148579,nan,nan
1706696148591,nan,nan
1706696148601,nan,nan
1706696148619,nan,nan
1706696148639,nan,nan
1706696148649,nan,nan
1706696148661,nan,nan
1706696148673,nan,nan
1706696148707,nan,nan
1706696148708,nan,nan
1706696148714,nan,nan
1706696148726,nan,nan
1706696148739,nan,nan
1706696148748,nan,nan
1706696148760,nan,nan
1706696148772,nan,nan
1706696148781,nan,nan
1706696148793,nan,nan
1706696148805,nan,nan
1706696148815,nan,nan
1706696148827,nan,nan
1706696148873,nan,nan
1706696148888,nan,nan
1706696148894,nan,nan
1706696148906,nan,nan
1706696148915,nan,nan
1706696148927,nan,nan
1706696148938,nan,nan
1706696148948,nan,nan
1706696148960,nan,nan
1706696148972,nan,nan
1706696148982,nan,nan
1706696149015,nan,nan
1706696149017,nan,nan
1706696149032,nan,nan
1706696149039,nan,nan
1706696149050,nan,nan
1706696149062,nan,nan
1706696149072,nan,nan
1706696149083,nan,nan
1706696149093,nan,nan
1706696149111,nan,nan
1706696149156,nan,nan
1706696149158,nan,nan
1706696149163,nan,nan
1706696149180,nan,nan
1706696149184,nan,nan
1706696149197,nan,nan
1706696149208,nan,nan
1706696149218,nan,nan
1706696149231,nan,nan
1706696149242,nan,nan
1706696149252,nan,nan
1706696149264,nan,nan
1706696149275,nan,nan
1706696149311,nan,nan
1706696149313,nan,nan
1706696149318,nan,nan
1706696149336,nan,nan
1706696149342,nan,nan
1706696149352,nan,nan
1706696149363,nan,nan
1706696149375,nan,nan
1706696149385,nan,nan
1706696149396,nan,nan
1706696149409,nan,nan
1706696149419,nan,nan
1706696149430,nan,nan
1706696149442,nan,nan
1706696149478,nan,nan
1706696149479,nan,nan
1706696149486,nan,nan
1706696149504,nan,nan
1706696149519,nan,nan
1706696149530,nan,nan
1706696149541,nan,nan
1706696149553,nan,nan
1706696149564,nan,nan
1706696149575,nan,nan
1706696149614,nan,nan
1706696149619,nan,nan
1706696149632,nan,nan
1706696149643,nan,nan
1706696149651,nan,nan
1706696149662,nan,nan
1706696149680,nan,nan
1706696149701,nan,nan
1706696149746,nan,nan
1706696149747,nan,nan
1706696149764,1134.2417526245117,866.2351942062378
1706696149768,1184.0764236450195,884.3335819244385
1706696149780,1199.1178131103516,876.919355392456
1706696149791,1163.6553573608398,888.8912343978882
1706696149802,1160.1447296142578,889.3602561950684
1706696149813,1184.0324783325195,863.7705659866333
1706696149825,1194.8047637939453,837.5379610061646
1706696149836,1207.1974563598633,845.5471658706665
1706696149847,1210.748062133789,852.8389978408813
1706696149858,1215.4333877563477,858.1234216690063
1706696149881,1206.3917541503906,845.2174043655396
1706696149909,1208.3974838256836,844.2573022842407
1706696149910,1198.7009048461914,842.0724821090698
1706696149914,1188.219337463379,837.9926061630249
1706696149937,1187.0090866088867,826.9272708892822
1706696149947,1185.4561614990234,825.0573205947876
1706696149958,1184.9656295776367,825.3924036026001
1706696149969,1180.6628036499023,821.2259244918823
1706696149981,1178.2716751098633,821.8166971206665
1706696149992,1180.0656127929688,819.0807580947876
1706696150003,1180.3115844726562,821.5998029708862
1706696150014,1184.5245742797852,821.30943775177
1706696150024,1179.7676849365234,821.8911981582642
1706696150035,1188.9577865600586,826.2854290008545
1706696150073,1191.9573593139648,815.6752967834473
1706696150074,1191.1002349853516,808.950719833374
1706696150080,1176.5007019042969,819.9909067153931
1706696150091,1051.159439086914,824.0194988250732
1706696150102,945.592041015625,809.3391466140747
1706696150113,758.7369918823242,794.1409349441528
1706696150124,493.11574935913086,808.6718130111694
1706696150135,445.3816604614258,810.0501680374146
1706696150147,438.00390243530273,810.4388952255249
1706696150158,427.6696014404297,803.3694076538086
1706696150169,426.0811996459961,803.5128307342529
1706696150180,426.94311141967773,805.090184211731
1706696150215,428.3962059020996,810.0794363021851
1706696150216,426.00635528564453,811.3437652587891
1706696150232,427.4287796020508,803.0738496780396
1706696150235,426.66263580322266,798.4930658340454
1706696150248,418.3058738708496,795.7630062103271
1706696150258,410.0454902648926,792.2859191894531
1706696150269,404.51595306396484,794.4542598724365
1706696150280,408.9792251586914,796.7485570907593
1706696150291,411.7076301574707,796.4791345596313
1706696150302,423.6849784851074,797.5481986999512
1706696150314,433.4222984313965,806.2275695800781
1706696150350,446.44775390625,816.8568849563599
1706696150351,446.12043380737305,815.1965761184692
1706696150358,445.2759552001953,815.3808546066284
1706696150369,442.7154541015625,818.507194519043
1706696150381,439.71261978149414,818.234338760376
1706696150391,437.70410537719727,819.2239236831665
1706696150401,433.6411666870117,816.9411706924438
1706696150413,428.71618270874023,821.1940813064575
1706696150424,425.31192779541016,816.7095565795898
1706696150435,426.16397857666016,822.2725868225098
1706696150446,435.9550666809082,823.5961389541626
1706696150457,443.0689811706543,824.2348480224609
1706696150477,441.4405632019043,816.3407850265503
1706696150499,438.41936111450195,818.757004737854
1706696150502,437.16325759887695,820.5844688415527
1706696150515,436.55351638793945,819.1490364074707
1706696150524,438.34375381469727,823.753080368042
1706696150535,439.1560745239258,825.8854150772095
1706696150546,525.6694030761719,821.5774440765381
1706696150557,836.355094909668,788.432765007019
1706696150568,994.8913955688477,784.7406721115112
1706696150580,1120.9976196289062,775.2380990982056
1706696150591,1206.8299865722656,784.1766357421875
1706696150631,1209.571533203125,787.8464984893799
1706696150632,1212.6467514038086,791.9240999221802
1706696150635,1209.343605041504,799.2195796966553
1706696150649,1208.0828857421875,801.3972759246826
1706696150657,1206.5944290161133,798.3523893356323
1706696150669,1204.5602416992188,802.6131963729858
1706696150680,1202.8588104248047,805.342698097229
1706696150691,1206.191635131836,807.0157098770142
1706696150702,1210.2600860595703,803.7565898895264
1706696150713,1207.5252151489258,809.1748666763306
1706696150724,1205.027084350586,811.8158340454102
1706696150735,1203.9994049072266,817.6943349838257
1706696150747,1202.1836853027344,810.9289455413818
1706696150765,1201.0153579711914,815.3593111038208
1706696150786,1206.1449432373047,814.1878080368042
1706696150791,1207.7877807617188,814.5669651031494
1706696150805,1204.7475814819336,812.6633262634277
1706696150813,1207.8839492797852,795.2089262008667
1706696150825,1210.4474258422852,802.5011444091797
1706696150835,1215.2490997314453,806.8940877914429
1706696150846,1213.5102462768555,816.3780784606934
1706696150857,1213.060417175293,817.0180320739746
1706696150868,1210.8383178710938,821.8327903747559
1706696150880,1213.4057998657227,823.9025974273682
1706696150891,1208.2915496826172,818.855881690979
1706696150902,1208.8415145874023,812.8997039794922
1706696150934,1212.2703170776367,817.062578201294
1706696150935,1215.5906295776367,824.6509552001953
1706696150954,1214.7983169555664,822.791862487793
1706696150956,1214.2413711547852,821.1220693588257
1706696150969,1213.8518905639648,824.010443687439
1706696150979,1214.5129776000977,824.033317565918
1706696150990,1218.6316299438477,820.3980016708374
1706696151001,1220.9270858764648,824.7473859786987
1706696151012,1216.2187957763672,825.1763248443604
1706696151023,1200.4425811767578,838.8202714920044
1706696151035,1194.1977310180664,836.0141229629517
1706696151046,1199.7124481201172,837.4165105819702
1706696151085,1207.0421600341797,847.2563123703003
1706696151091,1201.199836730957,852.1387481689453
1706696151104,1199.883804321289,852.1953964233398
1706696151113,1205.3154754638672,855.3585147857666
1706696151124,1201.7980194091797,856.0727548599243
1706696151135,1199.4414520263672,861.0842370986938
1706696151146,1194.8513793945312,852.9766702651978
1706696151156,1194.580421447754,853.5182189941406
1706696151168,1194.7185134887695,847.1571779251099
1706696151179,1197.361717224121,843.826904296875
1706696151190,1196.301155090332,843.3814001083374
1706696151202,1190.742073059082,841.208553314209
1706696151233,1189.481201171875,847.4018383026123
1706696151235,1192.1240615844727,846.1030054092407
1706696151250,1194.0176391601562,845.1976633071899
1706696151257,1196.8461227416992,853.0890226364136
1706696151270,1196.7975234985352,861.9594097137451
1706696151280,1199.0565872192383,866.5050458908081
1706696151290,1193.6927032470703,865.4794120788574
1706696151302,1192.892951965332,861.4458417892456
1706696151313,1176.7549133300781,853.1787157058716
1706696151324,1002.3812484741211,847.1162366867065
1706696151335,926.8266677856445,839.6865177154541
1706696151345,709.1913986206055,841.2567472457886
1706696151383,468.9922523498535,857.6800632476807
1706696151384,458.4739303588867,855.6836414337158
1706696151390,463.2203674316406,856.2903356552124
1706696151401,459.3838310241699,854.039511680603
1706696151413,460.0215530395508,849.1214990615845
1706696151423,464.3195343017578,848.7449598312378
1706696151434,467.78568267822266,848.2245683670044
1706696151446,466.9799041748047,854.7600603103638
1706696151457,455.3079414367676,851.682858467102
1706696151468,453.70996475219727,853.7251138687134
1706696151479,454.26334381103516,849.2268133163452
1706696151490,461.32009506225586,851.015567779541
1706696151512,462.6596450805664,853.8808965682983
1706696151533,463.8846015930176,857.4074649810791
1706696151534,460.27151107788086,865.0546360015869
1706696151549,457.6783752441406,864.8330640792847
1706696151557,453.5991096496582,861.0481452941895
1706696151568,449.8605537414551,857.0855569839478
1706696151579,453.4975242614746,862.020092010498
1706696151590,454.63260650634766,862.2553110122681
1706696151601,458.8847351074219,861.7928123474121
1706696151613,454.76627349853516,862.4095916748047
1706696151624,457.4593925476074,857.0504522323608
1706696151634,460.3464698791504,856.9899415969849
1706696151646,550.3042793273926,886.7677402496338
1706696151683,799.7014617919922,1002.658052444458
1706696151684,963.2126235961914,1089.0264701843262
1706696151688,nan,nan
1706696151699,nan,nan
1706696151710,nan,nan
1706696151721,nan,nan
1706696151732,nan,nan
1706696151743,nan,nan
1706696151754,nan,nan
1706696151765,nan,nan
1706696151776,nan,nan
1706696151785,nan,nan
1706696151811,nan,nan
1706696151832,nan,nan
1706696151834,nan,nan
1706696151847,nan,nan
1706696151856,nan,nan
1706696151867,nan,nan
1706696151879,nan,nan
1706696151889,nan,nan
1706696151901,nan,nan
1706696151918,nan,nan
1706696151933,nan,nan
1706696151944,nan,nan
1706696151983,nan,nan
1706696151984,nan,nan
1706696151989,nan,nan
1706696152000,nan,nan
1706696152011,nan,nan
1706696152022,nan,nan
1706696152033,nan,nan
1706696152044,nan,nan
1706696152055,nan,nan
1706696152067,nan,nan
1706696152078,nan,nan
1706696152087,nan,nan
1706696152110,nan,nan
1706696152131,nan,nan
1706696152132,nan,nan
1706696152147,nan,nan
1706696152154,nan,nan
1706696152166,nan,nan
1706696152177,nan,nan
1706696152188,nan,nan
1706696152199,nan,nan
1706696152210,nan,nan
1706696152221,nan,nan
1706696152233,nan,nan
1706696152267,nan,nan
1706696152284,nan,nan
1706696152288,nan,nan
1706696152299,nan,nan
1706696152311,nan,nan
1706696152322,nan,nan
1706696152333,nan,nan
1706696152344,nan,nan
1706696152355,nan,nan
1706696152367,nan,nan
1706696152378,2019.462890625,1222.9181385040283
1706696152418,2019.462890625,1222.9181385040283
1706696152420,2019.462890625,1222.9181385040283
1706696152422,nan,nan
1706696152437,nan,nan
1706696152444,nan,nan
1706696152456,nan,nan
1706696152468,nan,nan
1706696152479,406.79765701293945,813.7850904464722
1706696152489,406.79765701293945,813.7850904464722
1706696152501,406.79765701293945,813.7850904464722
1706696152512,369.6031951904297,788.7621402740479
1706696152523,369.6031951904297,788.7621402740479
1706696152534,369.6031951904297,788.7621402740479
1706696152567,360.6494903564453,750.3575849533081
1706696152568,316.03304862976074,740.5275678634644
1706696152586,316.50322914123535,745.7617378234863
1706696152590,306.57581329345703,744.4572830200195
1706696152602,307.78844833374023,745.8029580116272
1706696152614,306.17761611938477,747.7364444732666
1706696152624,314.7554302215576,743.3478355407715
1706696152635,316.0384273529053,738.1789827346802
1706696152646,325.64173698425293,742.2289037704468
1706696152657,485.17812728881836,740.9206938743591
1706696152669,669.6682739257812,751.3865232467651
1706696152680,922.6106643676758,757.2252416610718
1706696152719,1162.2150802612305,767.5753498077393
1706696152724,1212.5233840942383,785.7831287384033
1706696152738,1213.448600769043,788.4271430969238
1706696152746,1214.0271377563477,773.9148044586182
1706696152758,1218.227882385254,779.7132682800293
1706696152769,1218.8631439208984,775.1345014572144
1706696152780,1214.6567153930664,787.2000217437744
1706696152791,1215.761604309082,785.8371162414551
1706696152802,1221.763038635254,788.4875249862671
1706696152813,1215.661964416504,788.5384225845337
1706696152824,1216.4886093139648,791.1030864715576
1706696152835,1219.6016311645508,792.1483755111694
1706696152868,1226.4375686645508,788.8635921478271
1706696152869,1225.9876251220703,790.2800130844116
1706696152886,1212.5135040283203,805.0507020950317
1706696152890,1207.9709243774414,815.9210300445557
1706696152901,1207.1964263916016,806.2751197814941
1706696152912,1250.0727844238281,827.5210905075073
1706696152923,1495.4363250732422,885.3755235671997
1706696152935,1653.3132934570312,942.5029277801514
1706696152945,1816.2836456298828,961.0289239883423
1706696152955,2139.208984375,1229.613275527954
1706696152967,nan,nan
1706696152978,nan,nan
1706696153019,nan,nan
1706696153022,nan,nan
1706696153037,nan,nan
1706696153043,nan,nan
1706696153053,nan,nan
1706696153072,nan,nan
1706696153090,nan,nan
1706696153101,nan,nan
1706696153113,nan,nan
1706696153122,nan,nan
1706696153135,nan,nan
1706696153169,nan,nan
1706696153170,nan,nan
1706696153186,nan,nan
1706696153189,nan,nan
1706696153203,nan,nan
1706696153212,nan,nan
1706696153222,nan,nan
1706696153234,nan,nan
1706696153245,nan,nan
1706696153255,nan,nan
1706696153268,nan,nan
1706696153302,nan,nan
1706696153303,nan,nan
1706696153318,nan,nan
1706696153323,nan,nan
1706696153335,nan,nan
1706696153346,nan,nan
1706696153356,nan,nan
1706696153368,nan,nan
1706696153379,nan,nan
1706696153389,nan,nan
1706696153401,nan,nan
1706696153412,nan,nan
1706696153451,nan,nan
1706696153452,nan,nan
1706696153456,nan,nan
1706696153468,nan,nan
1706696153479,nan,nan
1706696153489,nan,nan
1706696153502,nan,nan
1706696153513,nan,nan
1706696153522,nan,nan
1706696153535,nan,nan
1706696153546,nan,nan
1706696153556,nan,nan
1706696153569,nan,nan
1706696153600,nan,nan
1706696153601,nan,nan
1706696153616,nan,nan
1706696153623,nan,nan
1706696153635,nan,nan
1706696153654,nan,nan
1706696153669,nan,nan
1706696153679,nan,nan
1706696153692,nan,nan
1706696153704,nan,nan
1706696153737,nan,nan
1706696153738,nan,nan
1706696153756,nan,nan
1706696153759,nan,nan
1706696153771,nan,nan
1706696153782,1309.6981048583984,930.2040338516235
1706696153793,1302.9601669311523,915.4880619049072
1706696153806,1300.4104614257812,923.5782051086426
1706696153816,1294.6067428588867,926.7112827301025
1706696153826,1291.749038696289,931.0895490646362
1706696153838,1288.0460739135742,920.6284618377686
1706696153849,1257.9670715332031,890.215859413147
1706696153888,1206.9122314453125,860.066499710083
1706696153894,1195.0380325317383,854.0711402893066
1706696153907,1191.1731719970703,855.6796073913574
1706696153916,1190.8441162109375,853.6498832702637
1706696153927,1185.3816604614258,846.9728565216064
1706696153938,1186.4922714233398,845.7735443115234
1706696153949,1188.1021118164062,849.649486541748
1706696153960,1188.2986450195312,854.605221748352
1706696153972,1191.9033432006836,856.0624122619629
1706696153983,1189.285888671875,855.6596517562866
1706696153994,1186.4381408691406,856.6627979278564
1706696154037,1179.9267959594727,854.496431350708
1706696154038,1184.5088958740234,854.2918968200684
1706696154054,1186.023063659668,858.3313894271851
1706696154061,1296.087760925293,883.9718055725098
1706696154071,1330.1387023925781,890.719256401062
1706696154081,1408.2630920410156,888.3279275894165
1706696154092,nan,nan
1706696154103,nan,nan
1706696154114,nan,nan
1706696154125,nan,nan
1706696154136,nan,nan
1706696154147,nan,nan
1706696154188,nan,nan
1706696154189,nan,nan
1706696154190,nan,nan
1706696154205,nan,nan
1706696154220,nan,nan
1706696154239,nan,nan
1706696154250,nan,nan
1706696154261,nan,nan
1706696154272,nan,nan
1706696154283,nan,nan
1706696154293,nan,nan
1706696154314,nan,nan
1706696154339,nan,nan
1706696154340,nan,nan
1706696154356,nan,nan
1706696154360,nan,nan
1706696154373,nan,nan
1706696154383,nan,nan
1706696154392,nan,nan
1706696154405,nan,nan
1706696154416,nan,nan
1706696154426,nan,nan
1706696154438,nan,nan
1706696154450,nan,nan
1706696154485,nan,nan
1706696154492,nan,nan
1706696154505,nan,nan
1706696154517,nan,nan
1706696154526,nan,nan
1706696154539,nan,nan
1706696154550,nan,nan
1706696154560,nan,nan
1706696154572,nan,nan
1706696154583,nan,nan
1706696154593,nan,nan
1706696154635,nan,nan
1706696154636,nan,nan
1706696154638,nan,nan
1706696154650,nan,nan
1706696154660,nan,nan
1706696154672,nan,nan
1706696154683,nan,nan
1706696154694,nan,nan
1706696154706,nan,nan
1706696154717,nan,nan
1706696154727,nan,nan
1706696154739,nan,nan
1706696154750,nan,nan
1706696154786,nan,nan
1706696154787,nan,nan
1706696154793,nan,nan
1706696154805,nan,nan
1706696154816,nan,nan
1706696154827,nan,nan
1706696154839,nan,nan
1706696154849,nan,nan
1706696154860,nan,nan
1706696154872,nan,nan
1706696154883,nan,nan
1706696154920,nan,nan
1706696154922,nan,nan
1706696154926,nan,nan
1706696154939,nan,nan
1706696154951,nan,nan
1706696154959,nan,nan
1706696154972,nan,nan
1706696154983,nan,nan
1706696154992,nan,nan
1706696155005,nan,nan
1706696155017,nan,nan
1706696155026,nan,nan
1706696155039,nan,nan
1706696155071,nan,nan
1706696155072,nan,nan
1706696155088,nan,nan
1706696155093,nan,nan
1706696155106,nan,nan
1706696155117,nan,nan
1706696155125,nan,nan
1706696155138,nan,nan
1706696155149,nan,nan
1706696155159,nan,nan
1706696155200,nan,nan
1706696155201,nan,nan
1706696155204,nan,nan
1706696155217,nan,nan
1706696155226,nan,nan
1706696155238,nan,nan
1706696155249,nan,nan
1706696155260,nan,nan
1706696155271,nan,nan
1706696155283,nan,nan
1706696155293,nan,nan
1706696155305,nan,nan
1706696155316,nan,nan
1706696155352,nan,nan
1706696155353,nan,nan
1706696155368,nan,nan
1706696155371,nan,nan
1706696155384,nan,nan
1706696155393,nan,nan
1706696155405,nan,nan
1706696155416,nan,nan
1706696155426,nan,nan
1706696155439,nan,nan
1706696155449,nan,nan
1706696155488,nan,nan
1706696155489,nan,nan
1706696155494,nan,nan
1706696155504,nan,nan
1706696155515,nan,nan
1706696155526,nan,nan
1706696155538,nan,nan
1706696155549,nan,nan
1706696155558,nan,nan
1706696155571,nan,nan
1706696155583,nan,nan
1706696155592,nan,nan
1706696155604,nan,nan
1706696155637,nan,nan
1706696155638,nan,nan
1706696155654,nan,nan
1706696155658,nan,nan
1706696155672,nan,nan
1706696155682,nan,nan
1706696155692,nan,nan
1706696155704,nan,nan
1706696155716,nan,nan
1706696155725,nan,nan
1706696155738,nan,nan
1706696155774,nan,nan
1706696155775,nan,nan
1706696155783,nan,nan
1706696155792,nan,nan
1706696155806,nan,nan
1706696155816,nan,nan
1706696155826,nan,nan
1706696155837,nan,nan
1706696155849,nan,nan
1706696155859,nan,nan
1706696155871,nan,nan
1706696155882,nan,nan
1706696155900,nan,nan
1706696155921,nan,nan
1706696155925,nan,nan
1706696155940,nan,nan
1706696155948,nan,nan
1706696155959,nan,nan
1706696155971,nan,nan
1706696155982,nan,nan
1706696155992,nan,nan
1706696156005,nan,nan
1706696156053,nan,nan
1706696156054,nan,nan
1706696156059,nan,nan
1706696156070,nan,nan
1706696156082,nan,nan
1706696156092,nan,nan
1706696156104,nan,nan
1706696156114,nan,nan
1706696156131,nan,nan
1706696156152,nan,nan
1706696156186,nan,nan
1706696156187,nan,nan
1706696156203,nan,nan
1706696156207,nan,nan
1706696156219,1208.455581665039,900.5790138244629
1706696156230,1242.4720001220703,896.6856050491333
1706696156242,1256.0420608520508,902.9775953292847
1706696156252,1302.1766662597656,946.0412979125977
1706696156263,1304.2741394042969,941.4196586608887
1706696156274,1300.4646301269531,935.6042861938477
1706696156285,1306.6081237792969,937.1402263641357
1706696156296,1291.8118286132812,920.1593971252441
1706696156339,1269.568099975586,887.3161125183105
1706696156341,1207.3077392578125,897.4589824676514
1706696156357,1211.0595321655273,886.7314767837524
1706696156365,1209.2139053344727,879.7367906570435
1706696156375,1198.0320358276367,872.7701711654663
1706696156385,1198.8866424560547,871.9228935241699
1706696156397,1197.8650283813477,851.3557147979736
1706696156408,1200.9943771362305,849.5523691177368
1706696156419,1198.1151962280273,849.5381212234497
1706696156430,1201.0618209838867,841.4315843582153
1706696156441,1194.615821838379,841.1942625045776
1706696156453,1196.7073059082031,841.6241455078125
1706696156490,1191.1932373046875,837.9299068450928
1706696156491,1192.4059295654297,839.6020603179932
1706696156497,1191.7985534667969,833.6115503311157
1706696156508,1191.264305114746,830.4546546936035
1706696156521,1190.4401016235352,829.0588760375977
1706696156530,1193.557243347168,829.208779335022
1706696156542,1186.724510192871,826.0484075546265
1706696156553,1194.0663146972656,819.5023155212402
1706696156564,1191.6777801513672,814.1220617294312
1706696156575,1196.6608810424805,814.304838180542
1706696156586,1189.1970443725586,816.8058586120605
1706696156597,1190.9365844726562,820.5515098571777
1706696156637,1189.511489868164,821.4785242080688
1706696156638,1192.1689224243164,821.1328840255737
1706696156641,1186.2618255615234,817.602367401123
1706696156653,1188.1335830688477,817.6021957397461
1706696156663,1189.3797302246094,817.3194265365601
1706696156674,1186.5380859375,811.1139106750488
1706696156685,1180.0532531738281,810.5745077133179
1706696156696,1179.8782348632812,810.9684705734253
1706696156708,1181.9327926635742,815.4783153533936
1706696156719,1187.4020767211914,807.8228616714478
1706696156730,1188.6447143554688,807.208399772644
1706696156741,1190.4327774047852,805.6374406814575
1706696156752,1193.0735397338867,805.8247232437134
1706696156788,1192.5035858154297,803.7332439422607
1706696156789,1187.3291015625,802.2061443328857
1706696156804,1182.6915740966797,807.3037576675415
1706696156808,1188.6222839355469,806.4357948303223
1706696156820,1198.181495666504,802.0597171783447
1706696156830,1196.2272262573242,807.3760271072388
1706696156841,1191.4942169189453,795.6021165847778
1706696156852,1185.4397583007812,800.4496622085571
1706696156864,1190.0603485107422,798.1096601486206
1706696156875,1190.9845352172852,805.5121278762817
1706696156886,1181.2002182006836,805.5561590194702
1706696156897,1029.673843383789,810.9594583511353
1706696156936,985.5227279663086,808.5533666610718
1706696156937,713.4100723266602,813.8480472564697
1706696156941,394.8236083984375,837.9326105117798
1706696156952,384.6284294128418,836.50803565979
1706696156965,386.534481048584,839.6417140960693
1706696156975,380.80631256103516,840.4491662979126
1706696156986,378.53199005126953,842.515754699707
1706696156996,375.69435119628906,837.6425457000732
1706696157007,370.6136894226074,835.7522106170654
1706696157018,364.5208930969238,832.4905586242676
1706696157029,358.85047912597656,832.9231023788452
1706696157041,360.48051834106445,829.7334623336792
1706696157052,363.6647605895996,828.8166618347168
1706696157087,362.6872444152832,832.3525428771973
1706696157088,363.59790802001953,837.0553350448608
1706696157103,350.9940528869629,825.1825046539307
1706696157107,342.79041290283203,823.8907098770142
1706696157120,339.9292278289795,829.5224475860596
1706696157130,343.95276069641113,833.2099485397339
1706696157141,344.9193286895752,829.5634746551514
1706696157153,337.31868743896484,825.1675271987915
1706696157163,332.6050281524658,821.8709421157837
1706696157175,332.6124668121338,822.6771068572998
1706696157186,334.6651363372803,825.6296396255493
1706696157221,364.5284652709961,831.4486169815063
1706696157229,1356.3078308105469,1290.211672782898
1706696157239,1588.4123229980469,1422.2578525543213
1706696157251,1588.4123229980469,1422.2578525543213
1706696157261,nan,nan
1706696157273,nan,nan
1706696157283,nan,nan
1706696157294,nan,nan
1706696157306,nan,nan
1706696157317,nan,nan
1706696157328,nan,nan
1706696157338,nan,nan
1706696157374,nan,nan
1706696157382,nan,nan
1706696157393,nan,nan
1706696157405,nan,nan
1706696157415,nan,nan
1706696157427,nan,nan
1706696157438,nan,nan
1706696157449,nan,nan
1706696157460,nan,nan
1706696157471,nan,nan
1706696157482,nan,nan
1706696157522,nan,nan
1706696157527,nan,nan
1706696157540,nan,nan
1706696157549,nan,nan
1706696157560,nan,nan
1706696157571,nan,nan
1706696157582,nan,nan
1706696157593,nan,nan
1706696157605,nan,nan
1706696157615,nan,nan
1706696157627,nan,nan
1706696157638,nan,nan
1706696157674,nan,nan
1706696157682,nan,nan
1706696157694,nan,nan
1706696157707,nan,nan
1706696157716,nan,nan
1706696157727,nan,nan
1706696157738,nan,nan
1706696157750,1787.8410339355469,806.6877937316895
1706696157759,1787.8410339355469,806.6877937316895
1706696157771,1787.8410339355469,806.6877937316895
1706696157782,nan,nan
1706696157822,nan,nan
1706696157823,nan,nan
1706696157827,1407.0722961425781,652.3054647445679
1706696157841,1407.0722961425781,652.3054647445679
1706696157850,1429.3147277832031,686.0429334640503
1706696157862,1434.200439453125,686.6711711883545
1706696157873,1411.889419555664,724.9913549423218
1706696157884,1472.2583770751953,704.8828554153442
1706696157896,1470.2379608154297,702.8511571884155
1706696157907,1451.3259887695312,705.3399682044983
1706696157918,1447.6679992675781,710.9906530380249
1706696157929,1445.7400512695312,715.3784680366516
1706696157940,1433.89892578125,709.9061179161072
1706696157975,1359.1960906982422,685.0828528404236
1706696157993,1210.0050354003906,679.0488481521606
1706696157996,1201.6292190551758,685.0498938560486
1706696158008,1200.6038284301758,687.4760055541992
1706696158018,1191.52099609375,692.0620465278625
1706696158029,1194.286880493164,696.2209725379944
1706696158041,1197.1783828735352,699.2610740661621
1706696158051,1187.875099182129,701.8889951705933
1706696158062,1184.1995239257812,709.1017127037048
1706696158074,1181.6780853271484,714.0484356880188
1706696158085,1184.9222946166992,714.3770384788513
1706696158121,1184.7725677490234,720.7956290245056
1706696158122,1188.0089569091797,723.0851411819458
1706696158134,1189.2442321777344,728.3558964729309
1706696158140,1189.1905975341797,728.2948708534241
1706696158152,1184.875373840332,731.8472957611084
1706696158162,1182.58056640625,739.5474243164062
1706696158173,1184.1141510009766,748.0918908119202
1706696158185,1184.7439193725586,749.9911952018738
1706696158195,1184.9211883544922,746.215009689331
1706696158206,1185.3965759277344,745.449743270874
1706696158217,1188.2447052001953,745.1434135437012
1706696158228,1190.1031494140625,746.6314387321472
1706696158272,1194.9970245361328,747.1968269348145
1706696158273,1189.8625946044922,745.0074362754822
1706696158289,1191.4755249023438,753.0783534049988
1706696158296,1191.8550491333008,749.8856449127197
1706696158307,1194.1104125976562,758.182168006897
1706696158318,1252.4955749511719,831.940598487854
1706696158327,1307.114143371582,914.0062808990479
1706696158338,1457.8065872192383,1041.5125751495361
1706696158349,nan,nan
1706696158360,nan,nan
1706696158372,nan,nan
1706696158383,nan,nan
1706696158422,nan,nan
1706696158423,nan,nan
1706696158426,nan,nan
1706696158438,nan,nan
1706696158448,nan,nan
1706696158459,nan,nan
1706696158471,nan,nan
1706696158482,nan,nan
1706696158493,nan,nan
1706696158504,nan,nan
1706696158515,nan,nan
1706696158524,nan,nan
1706696158571,nan,nan
1706696158574,nan,nan
1706696158587,nan,nan
1706696158595,nan,nan
1706696158609,nan,nan
1706696158618,nan,nan
1706696158628,nan,nan
1706696158641,nan,nan
1706696158652,nan,nan
1706696158662,nan,nan
1706696158674,nan,nan
1706696158685,nan,nan
1706696158721,nan,nan
1706696158722,nan,nan
1706696158737,nan,nan
1706696158741,nan,nan
1706696158752,nan,nan
1706696158762,nan,nan
1706696158774,nan,nan
1706696158785,nan,nan
1706696158796,nan,nan
1706696158807,nan,nan
1706696158819,nan,nan
1706696158862,nan,nan
1706696158863,nan,nan
1706696158879,nan,nan
1706696158886,nan,nan
1706696158895,nan,nan
1706696158907,nan,nan
1706696158918,nan,nan
1706696158928,nan,nan
1706696158940,nan,nan
1706696158951,nan,nan
1706696158962,nan,nan
1706696158974,nan,nan
1706696159008,nan,nan
1706696159024,nan,nan
1706696159028,nan,nan
1706696159040,nan,nan
1706696159051,nan,nan
1706696159062,nan,nan
1706696159074,nan,nan
1706696159084,nan,nan
1706696159095,nan,nan
1706696159107,nan,nan
1706696159118,nan,nan
1706696159154,nan,nan
1706696159155,nan,nan
1706696159161,nan,nan
1706696159174,nan,nan
1706696159186,nan,nan
1706696159195,nan,nan
1706696159207,nan,nan
1706696159219,nan,nan
1706696159228,nan,nan
1706696159240,nan,nan
1706696159252,nan,nan
1706696159260,nan,nan
1706696159274,nan,nan
1706696159304,nan,nan
1706696159305,nan,nan
1706696159306,nan,nan
1706696159321,nan,nan
1706696159327,nan,nan
1706696159339,nan,nan
1706696159352,nan,nan
1706696159361,nan,nan
1706696159373,nan,nan
1706696159385,nan,nan
1706696159395,nan,nan
1706696159439,nan,nan
1706696159440,nan,nan
1706696159454,nan,nan
1706696159461,nan,nan
1706696159474,nan,nan
1706696159485,nan,nan
1706696159495,nan,nan
1706696159506,nan,nan
1706696159518,nan,nan
1706696159528,nan,nan
1706696159540,nan,nan
1706696159551,nan,nan
1706696159588,nan,nan
1706696159595,nan,nan
1706696159607,nan,nan
1706696159619,nan,nan
1706696159628,nan,nan
1706696159640,nan,nan
1706696159651,nan,nan
1706696159661,nan,nan
1706696159674,nan,nan
1706696159720,nan,nan
1706696159729,nan,nan
1706696159741,nan,nan
1706696159752,nan,nan
1706696159763,nan,nan
1706696159774,nan,nan
1706696159784,nan,nan
1706696159801,nan,nan
1706696159822,nan,nan
1706696159838,nan,nan
1706696159874,nan,nan
1706696159877,nan,nan
1706696159892,1163.7698364257812,920.4517364501953
1706696159899,1178.1623077392578,911.1606073379517
1706696159911,1216.3379669189453,912.8607845306396
1706696159922,1210.2080154418945,905.5897665023804
1706696159933,1207.5690078735352,896.3206100463867
1706696159945,1198.844108581543,884.8874473571777
1706696159956,1209.2273712158203,882.4914836883545
1706696159967,1208.9943313598633,882.8774213790894
1706696159978,1210.6477737426758,889.4541549682617
1706696159989,1204.384422302246,881.7585325241089
1706696160030,1203.883934020996,865.0959634780884
1706696160031,1201.6693878173828,864.1931533813477
1706696160033,1199.4055557250977,864.6925592422485
1706696160047,1190.9671783447266,856.2756156921387
1706696160055,1185.876121520996,865.0482845306396
1706696160067,1174.9748611450195,866.0040092468262
1706696160077,1185.6974029541016,867.4767351150513
1706696160089,1189.7796630859375,859.0409517288208
1706696160100,1189.5985412597656,851.4819288253784
1706696160111,1190.9172058105469,854.8107004165649
1706696160122,1187.2388076782227,853.1291484832764
1706696160133,1188.868751525879,857.670750617981
1706696160174,1188.1817626953125,857.4499940872192
1706696160175,1191.0629272460938,852.8723001480103
1706696160178,1190.5762481689453,850.6115198135376
1706696160189,1190.3922653198242,851.2411737442017
1706696160202,1187.6139450073242,850.2194452285767
1706696160211,1186.3977813720703,849.8010206222534
1706696160222,1193.037223815918,850.4388284683228
1706696160233,1270.5682373046875,851.3448572158813
1706696160245,1305.687255859375,851.6821718215942
1706696160256,1347.7977752685547,841.4075088500977
1706696160267,1359.051513671875,842.4980306625366
1706696160278,1363.0459594726562,845.3196716308594
1706696160289,1357.824478149414,849.0574264526367
1706696160325,1362.5761413574219,849.8628187179565
1706696160334,1359.8391723632812,843.5588121414185
1706696160345,1355.0244140625,843.4541416168213
1706696160356,1361.6294860839844,842.0109844207764
1706696160367,1359.1989135742188,844.2112112045288
1706696160378,1360.2477264404297,847.4272441864014
1706696160389,1363.4308624267578,841.9537782669067
1706696160400,1366.4256286621094,846.3234186172485
1706696160411,1366.5357971191406,842.9154253005981
1706696160422,1369.7885131835938,843.9249229431152
1706696160456,1371.2921905517578,835.2812147140503
1706696160457,1372.995376586914,836.7894315719604
1706696160473,1368.0067443847656,844.2302227020264
1706696160477,1391.6153717041016,843.6581611633301
1706696160489,1512.7709197998047,839.7495174407959
1706696160500,1713.1389617919922,845.2154731750488
1706696160511,1838.1329345703125,844.1943883895874
1706696160522,1896.2858581542969,854.1403198242188
1706696160533,1905.1668548583984,857.9886674880981
1706696160544,1910.3314971923828,863.6696290969849
1706696160555,1906.5396118164062,861.6983985900879
1706696160566,1905.6449890136719,858.0382776260376
1706696160605,1898.0231475830078,856.2866878509521
1706696160606,1901.5987396240234,857.965579032898
1706696160611,1907.1072387695312,857.319746017456
1706696160622,1902.7922058105469,852.5754976272583
1706696160638,1902.1029663085938,856.242356300354
1706696160644,1902.6319122314453,859.4414806365967
1706696160656,1905.8529663085938,862.272047996521
1706696160667,1902.8800201416016,859.3354797363281
1706696160678,1900.6956481933594,862.6072597503662
1706696160689,1902.618637084961,861.9105291366577
1706696160700,1901.8365478515625,859.8364305496216
1706696160711,1905.6937408447266,851.8937873840332
1706696160723,1906.6000366210938,850.5172348022461
1706696160759,1909.0463256835938,851.8997955322266
1706696160766,1906.7044830322266,853.590145111084
1706696160777,1902.0960998535156,857.2037887573242
1706696160789,1894.2056274414062,847.4826049804688
1706696160799,1880.910873413086,845.5527877807617
1706696160810,1874.3480682373047,847.0578718185425
1706696160821,1879.150161743164,858.0771160125732
1706696160833,1877.038345336914,852.4368810653687
1706696160844,1878.7115478515625,848.383526802063
1706696160855,1874.0563201904297,845.8694171905518
1706696160866,1876.7693328857422,847.5304126739502
1706696160906,1878.7968444824219,852.1128702163696
1706696160907,1876.7904663085938,854.9606466293335
1706696160910,1876.0796356201172,863.2941627502441
1706696160923,1908.5105895996094,865.6054973602295
1706696160932,1942.9732513427734,934.3425750732422
1706696160942,2082.4490356445312,907.8768539428711
1706696160953,nan,nan
1706696160964,nan,nan
1706696160975,nan,nan
1706696160987,nan,nan
1706696160997,nan,nan
1706696161009,nan,nan
1706696161042,nan,nan
1706696161059,nan,nan
1706696161062,nan,nan
1706696161081,nan,nan
1706696161101,nan,nan
1706696161112,nan,nan
1706696161123,nan,nan
1706696161134,nan,nan
1706696161144,nan,nan
1706696161156,nan,nan
1706696161191,nan,nan
1706696161199,nan,nan
1706696161211,nan,nan
1706696161223,nan,nan
1706696161232,nan,nan
1706696161244,nan,nan
1706696161255,nan,nan
1706696161266,nan,nan
1706696161277,nan,nan
1706696161289,nan,nan
1706696161299,nan,nan
1706696161341,nan,nan
1706696161342,nan,nan
1706696161344,nan,nan
1706696161358,nan,nan
1706696161366,nan,nan
1706696161378,nan,nan
1706696161389,nan,nan
1706696161400,nan,nan
1706696161411,nan,nan
1706696161423,nan,nan
1706696161432,nan,nan
1706696161444,nan,nan
1706696161456,nan,nan
1706696161491,nan,nan
1706696161492,nan,nan
1706696161499,nan,nan
1706696161512,nan,nan
1706696161522,nan,nan
1706696161532,nan,nan
1706696161544,nan,nan
1706696161555,nan,nan
1706696161565,nan,nan
1706696161577,nan,nan
1706696161589,nan,nan
1706696161599,nan,nan
1706696161621,nan,nan
1706696161641,nan,nan
1706696161644,nan,nan
1706696161658,nan,nan
1706696161667,nan,nan
1706696161678,nan,nan
1706696161690,nan,nan
1706696161700,nan,nan
1706696161712,nan,nan
1706696161730,nan,nan
1706696161745,nan,nan
1706696161756,nan,nan
1706696161791,nan,nan
1706696161808,nan,nan
1706696161812,nan,nan
1706696161824,nan,nan
1706696161833,nan,nan
1706696161852,nan,nan
1706696161871,nan,nan
1706696161889,nan,nan
1706696161905,nan,nan
1706696161943,nan,nan
1706696161944,1326.8943786621094,860.5422592163086
1706696161950,1352.8510284423828,834.0576982498169
1706696161961,1350.7695007324219,827.2279357910156
1706696161972,1346.7571258544922,846.0114240646362
1706696161983,1345.7865905761719,842.9548645019531
1706696161994,1357.5745391845703,831.2036991119385
1706696162005,1357.4577331542969,843.4845685958862
1706696162017,1357.3443603515625,841.7235803604126
1706696162028,1345.6454467773438,837.0487260818481
1706696162039,1349.4960021972656,820.4349946975708
1706696162050,1349.4756317138672,818.6492443084717
1706696162093,1348.8787078857422,818.3318424224854
1706696162094,1353.9556884765625,810.6380224227905
1706696162111,1353.8367462158203,804.8018789291382
1706696162117,1349.6421813964844,805.2390146255493
1706696162129,1343.5172271728516,809.3386745452881
1706696162139,1346.4771270751953,818.9881038665771
1706696162150,1344.6089172363281,812.8092384338379
1706696162161,1343.5354614257812,807.5395774841309
1706696162172,1342.1158599853516,797.1069860458374
1706696162183,1342.913589477539,799.4800758361816
1706696162195,1344.1059112548828,800.7781362533569
1706696162206,1338.8501739501953,799.5446634292603
1706696162243,1338.6892700195312,793.0347919464111
1706696162244,1340.836410522461,800.98473072052
1706696162250,1340.8747863769531,802.2814607620239
1706696162261,1343.728256225586,800.9091567993164
1706696162272,1339.1842651367188,793.9897871017456
1706696162284,1344.4612121582031,803.2098484039307
1706696162295,1350.8826446533203,810.801272392273
1706696162306,1359.8534393310547,819.8577833175659
1706696162317,1356.4310455322266,819.6269416809082
1706696162328,1348.440933227539,829.6703767776489
1706696162339,1345.3838348388672,835.2435779571533
1706696162350,1344.6984100341797,836.5949821472168
1706696162392,1344.5974731445312,833.0137395858765
1706696162395,1336.2084197998047,837.1312093734741
1706696162408,1342.4839782714844,836.9180059432983
1706696162417,1345.4779052734375,836.9533681869507
1706696162428,1344.4944763183594,840.0828838348389
1706696162439,1341.6424560546875,843.7268686294556
1706696162451,1343.117446899414,841.3215494155884
1706696162460,1333.8892364501953,836.6744184494019
1706696162472,1307.100601196289,837.2724866867065
1706696162483,1295.684471130371,840.4059934616089
1706696162523,1293.2976150512695,838.27232837677
1706696162524,1288.9495849609375,836.1111545562744
1706696162527,1285.0219345092773,843.4668016433716
1706696162539,1286.2696075439453,842.3409175872803
1706696162552,1283.644142150879,843.2129144668579
1706696162561,1284.8379135131836,836.122612953186
1706696162572,1283.4978866577148,836.1356163024902
1706696162583,1283.5829162597656,834.29274559021
1706696162594,1287.2293853759766,832.9334878921509
1706696162605,1288.398666381836,843.9139795303345
1706696162617,1304.2620849609375,858.6747121810913
1706696162628,1284.4778060913086,856.9483995437622
1706696162657,1286.8215560913086,849.505934715271
1706696162660,1352.1601867675781,912.1345710754395
1706696162674,1419.4198989868164,997.8245401382446
1706696162681,nan,nan
1706696162692,nan,nan
1706696162703,nan,nan
1706696162714,nan,nan
1706696162725,nan,nan
1706696162737,nan,nan
1706696162747,nan,nan
1706696162758,nan,nan
1706696162768,nan,nan
1706696162812,nan,nan
1706696162813,nan,nan
1706696162816,nan,nan
1706696162831,nan,nan
1706696162837,nan,nan
1706696162850,nan,nan
1706696162860,nan,nan
1706696162871,nan,nan
1706696162882,nan,nan
1706696162893,nan,nan
1706696162904,nan,nan
1706696162916,nan,nan
1706696162927,nan,nan
1706696162960,nan,nan
1706696162961,nan,nan
1706696162971,nan,nan
1706696162982,nan,nan
1706696162995,nan,nan
1706696163004,nan,nan
1706696163016,nan,nan
1706696163027,nan,nan
1706696163037,nan,nan
1706696163048,nan,nan
1706696163059,nan,nan
1706696163070,nan,nan
1706696163082,nan,nan
1706696163124,nan,nan
1706696163125,nan,nan
1706696163126,nan,nan
1706696163141,nan,nan
1706696163148,nan,nan
1706696163160,nan,nan
1706696163170,nan,nan
1706696163182,nan,nan
1706696163193,nan,nan
1706696163203,nan,nan
1706696163215,nan,nan
1706696163227,nan,nan
1706696163262,nan,nan
1706696163263,nan,nan
1706696163270,nan,nan
1706696163282,nan,nan
1706696163293,nan,nan
1706696163303,nan,nan
1706696163315,nan,nan
1706696163327,nan,nan
1706696163337,nan,nan
1706696163348,nan,nan
1706696163360,nan,nan
1706696163383,nan,nan
1706696163420,nan,nan
1706696163421,nan,nan
1706696163426,nan,nan
1706696163438,nan,nan
1706696163450,nan,nan
1706696163459,nan,nan
1706696163469,nan,nan
1706696163481,nan,nan
1706696163492,nan,nan
1706696163503,nan,nan
1706696163514,nan,nan
1706696163526,nan,nan
1706696163537,nan,nan
1706696163581,nan,nan
1706696163596,nan,nan
1706696163603,nan,nan
1706696163615,nan,nan
1706696163626,nan,nan
1706696163636,nan,nan
1706696163648,nan,nan
1706696163659,nan,nan
1706696163670,nan,nan
1706696163682,nan,nan
1706696163693,nan,nan
1706696163734,nan,nan
1706696163735,nan,nan
1706696163737,nan,nan
1706696163750,nan,nan
1706696163760,nan,nan
1706696163770,nan,nan
1706696163781,nan,nan
1706696163792,nan,nan
1706696163802,nan,nan
1706696163814,nan,nan
1706696163825,nan,nan
1706696163836,nan,nan
1706696163881,nan,nan
1706696163882,nan,nan
1706696163900,nan,nan
1706696163902,nan,nan
1706696163916,nan,nan
1706696163925,nan,nan
1706696163936,nan,nan
1706696163948,nan,nan
1706696163959,nan,nan
1706696163969,nan,nan
1706696163981,nan,nan
1706696163993,nan,nan
1706696164025,nan,nan
1706696164026,nan,nan
1706696164041,nan,nan
1706696164048,nan,nan
1706696164059,nan,nan
1706696164070,nan,nan
1706696164081,nan,nan
1706696164093,nan,nan
1706696164103,nan,nan
1706696164116,nan,nan
1706696164136,nan,nan
1706696164158,nan,nan
1706696164159,nan,nan
1706696164175,nan,nan
1706696164181,nan,nan
1706696164194,nan,nan
1706696164203,nan,nan
1706696164215,nan,nan
1706696164226,nan,nan
1706696164236,nan,nan
1706696164249,nan,nan
1706696164259,nan,nan
1706696164270,nan,nan
1706696164307,nan,nan
1706696164308,nan,nan
1706696164321,nan,nan
1706696164336,nan,nan
1706696164349,nan,nan
1706696164360,nan,nan
1706696164371,nan,nan
1706696164383,nan,nan
1706696164394,nan,nan
1706696164405,nan,nan
1706696164440,nan,nan
1706696164445,nan,nan
1706696164464,nan,nan
1706696164480,nan,nan
1706696164497,nan,nan
1706696164509,nan,nan
1706696164519,nan,nan
1706696164530,1144.9005126953125,942.9333257675171
1706696164541,1166.263656616211,943.2076835632324
1706696164574,1189.1102981567383,932.8670167922974
1706696164575,1198.1371307373047,928.3480310440063
1706696164589,1183.112449645996,906.8211793899536
1706696164597,1183.993034362793,907.3507976531982
1706696164609,1187.3471069335938,903.5279417037964
1706696164620,1183.669548034668,901.4087820053101
1706696164631,1192.1778869628906,889.1778230667114
1706696164642,1251.0805130004883,844.8035717010498
1706696164653,1277.8553771972656,834.625039100647
1706696164664,1296.494026184082,829.5201730728149
1706696164675,1305.4214477539062,828.2480335235596
1706696164707,1308.5017395019531,830.4269313812256
1706696164708,1302.5431442260742,831.2494039535522
1706696164709,1300.7151412963867,832.9181241989136
1706696164722,1297.7216720581055,830.8643674850464
1706696164731,1304.1645050048828,825.3381156921387
1706696164742,1304.5924377441406,839.0527439117432
1706696164753,1306.211166381836,839.5916748046875
1706696164764,1304.7593688964844,838.2949876785278
1706696164776,1306.684341430664,829.634199142456
1706696164787,1306.0099029541016,833.7853574752808
1706696164798,1310.4525756835938,830.9050512313843
1706696164809,1302.7701568603516,829.2731094360352
1706696164846,1298.3757019042969,823.6584520339966
1706696164847,1298.9494323730469,822.2793245315552
1706696164853,1307.6388549804688,831.795973777771
1706696164865,1302.1580505371094,843.8234281539917
1706696164877,1301.1321258544922,842.4948978424072
1706696164887,1302.5252532958984,840.7966947555542
1706696164897,1308.3750915527344,832.8515625
1706696164908,1308.6380004882812,833.8925170898438
1706696164919,1307.9204559326172,835.6935453414917
1706696164931,1302.5661849975586,835.6092166900635
1706696164942,1305.2997589111328,841.4626550674438
1706696164953,1303.526954650879,837.7011680603027
1706696164992,1306.086311340332,839.856333732605
1706696164993,1302.5496673583984,832.3050355911255
1706696164998,1296.582908630371,835.1949119567871
1706696165011,1295.862159729004,833.2541084289551
1706696165020,1295.93017578125,837.3936796188354
1706696165031,1297.532844543457,836.8937587738037
1706696165042,1293.304672241211,839.2951726913452
1706696165053,1290.865135192871,841.4530849456787
1706696165064,1290.8915328979492,844.5852613449097
1706696165075,1290.8486938476562,851.9886302947998
1706696165086,1296.2331771850586,851.762638092041
1706696165125,1295.5806350708008,863.9688777923584
1706696165126,1319.640121459961,869.1040849685669
1706696165130,1405.8868408203125,887.4914216995239
1706696165141,2032.5865173339844,1345.5479621887207
1706696165152,nan,nan
1706696165162,nan,nan
1706696165173,nan,nan
1706696165185,nan,nan
1706696165196,nan,nan
1706696165207,nan,nan
1706696165216,nan,nan
1706696165257,nan,nan
1706696165275,nan,nan
1706696165287,nan,nan
1706696165296,nan,nan
1706696165307,nan,nan
1706696165319,nan,nan
1706696165330,nan,nan
1706696165340,nan,nan
1706696165352,nan,nan
1706696165391,nan,nan
1706696165396,nan,nan
1706696165407,nan,nan
1706696165420,nan,nan
1706696165430,nan,nan
1706696165440,nan,nan
1706696165452,nan,nan
1706696165463,nan,nan
1706696165473,nan,nan
1706696165485,nan,nan
1706696165497,nan,nan
1706696165507,nan,nan
1706696165542,nan,nan
1706696165543,nan,nan
1706696165556,nan,nan
1706696165564,nan,nan
1706696165574,nan,nan
1706696165585,nan,nan
1706696165596,nan,nan
1706696165606,nan,nan
1706696165618,nan,nan
1706696165630,nan,nan
1706696165640,nan,nan
1706696165676,nan,nan
1706696165677,nan,nan
1706696165690,nan,nan
1706696165696,nan,nan
1706696165708,nan,nan
1706696165718,nan,nan
1706696165729,nan,nan
1706696165740,nan,nan
1706696165751,nan,nan
1706696165763,nan,nan
1706696165773,nan,nan
1706696165785,nan,nan
1706696165806,nan,nan
1706696165829,nan,nan
1706696165830,nan,nan
1706696165845,nan,nan
1706696165852,nan,nan
1706696165863,nan,nan
1706696165873,nan,nan
1706696165885,nan,nan
1706696165896,nan,nan
1706696165907,nan,nan
1706696165919,nan,nan
1706696165930,nan,nan
1706696165960,nan,nan
1706696165962,nan,nan
1706696165978,nan,nan
1706696165985,nan,nan
1706696165996,nan,nan
1706696166007,nan,nan
1706696166018,nan,nan
1706696166029,nan,nan
1706696166040,nan,nan
1706696166051,nan,nan
1706696166063,nan,nan
1706696166073,nan,nan
1706696166110,nan,nan
1706696166111,nan,nan
1706696166126,nan,nan
1706696166130,nan,nan
1706696166141,nan,nan
1706696166153,nan,nan
1706696166172,nan,nan
1706696166185,nan,nan
1706696166196,nan,nan
1706696166207,nan,nan
1706696166245,nan,nan
1706696166246,nan,nan
1706696166252,nan,nan
1706696166263,nan,nan
1706696166274,nan,nan
1706696166291,nan,nan
1706696166311,nan,nan
1706696166329,nan,nan
1706696166344,nan,nan
1706696166355,nan,nan
1706696166394,1843.8418579101562,959.418740272522
1706696166401,1868.3277130126953,948.7244939804077
1706696166412,1847.146224975586,949.1699981689453
1706696166424,1842.4515533447266,931.9678115844727
1706696166434,1678.5897827148438,921.081132888794
1706696166445,1351.683349609375,843.4063339233398
1706696166456,1359.6513366699219,867.8876495361328
1706696166467,1332.6486206054688,868.7756538391113
1706696166479,1314.7958374023438,801.9960737228394
1706696166490,1316.978530883789,806.0314035415649
1706696166527,1318.1549835205078,807.9587316513062
1706696166528,1319.4581604003906,805.1704788208008
1706696166534,1315.9535217285156,799.4069910049438
1706696166546,1317.2174072265625,798.2750558853149
1706696166557,1320.9610748291016,797.9176568984985
1706696166568,1323.3844757080078,800.056471824646
1706696166579,1324.5082092285156,798.9722585678101
1706696166590,1321.8448638916016,798.9344501495361
1706696166601,1339.2036437988281,805.5919075012207
1706696166613,1368.9985656738281,817.0724058151245
1706696166624,1383.8031005859375,820.5153751373291
1706696166635,1375.3943634033203,828.5043668746948
1706696166646,1380.8808898925781,832.0587015151978
1706696166679,1377.020492553711,835.0502014160156
1706696166680,1380.4373931884766,829.2813920974731
1706696166697,1383.9459228515625,824.105715751648
1706696166702,1387.5438690185547,819.8720741271973
1706696166713,1384.404067993164,815.8489322662354
1706696166723,1386.2472534179688,819.9615097045898
1706696166734,1388.6112213134766,819.9874305725098
1706696166745,1387.8799438476562,818.8087177276611
1706696166756,1383.261489868164,819.4795274734497
1706696166767,1376.7259979248047,825.7293319702148
1706696166779,1425.2630615234375,831.0747814178467
1706696166790,1531.8924713134766,837.0212173461914
1706696166828,1722.5016021728516,842.8571462631226
1706696166829,1973.2332611083984,865.3669309616089
1706696166834,2029.2975616455078,871.7855215072632
1706696166846,2033.4534454345703,870.1776123046875
1706696166859,2026.4224243164062,875.0021982192993
1706696166868,2024.7833251953125,873.4613656997681
1706696166879,2024.792709350586,872.0406103134155
1706696166890,2029.8342895507812,868.5138273239136
1706696166901,2033.5601043701172,866.5702772140503
1706696166912,2026.3124084472656,865.0161838531494
1706696166923,2024.6699523925781,867.8186416625977
1706696166960,2016.4900970458984,868.9330244064331
1706696166961,2002.4629211425781,908.4006786346436
1706696166966,1997.5994873046875,908.2015514373779
1706696166977,nan,nan
1706696166990,nan,nan
1706696166999,nan,nan
1706696167010,nan,nan
1706696167022,nan,nan
1706696167032,nan,nan
1706696167043,nan,nan
1706696167054,nan,nan
1706696167065,nan,nan
1706696167076,nan,nan
1706696167111,nan,nan
1706696167127,nan,nan
1706696167133,nan,nan
1706696167143,nan,nan
1706696167156,nan,nan
1706696167167,nan,nan
1706696167177,nan,nan
1706696167188,nan,nan
1706696167200,nan,nan
1706696167210,nan,nan
1706696167245,nan,nan
1706696167246,nan,nan
1706696167261,nan,nan
1706696167268,nan,nan
1706696167277,nan,nan
1706696167289,nan,nan
1706696167300,nan,nan
1706696167310,nan,nan
1706696167322,nan,nan
1706696167334,nan,nan
1706696167343,nan,nan
1706696167356,nan,nan
1706696167373,nan,nan
1706696167397,nan,nan
1706696167398,nan,nan
1706696167400,nan,nan
1706696167415,nan,nan
1706696167422,nan,nan
1706696167434,nan,nan
1706696167444,nan,nan
1706696167455,nan,nan
1706696167466,nan,nan
1706696167476,nan,nan
1706696167488,nan,nan
1706696167527,nan,nan
1706696167528,nan,nan
1706696167533,nan,nan
1706696167544,nan,nan
1706696167557,nan,nan
1706696167567,nan,nan
1706696167577,nan,nan
1706696167589,nan,nan
1706696167600,nan,nan
1706696167610,nan,nan
1706696167622,nan,nan
1706696167634,nan,nan
1706696167644,nan,nan
1706696167678,nan,nan
1706696167679,nan,nan
1706696167694,nan,nan
1706696167700,nan,nan
1706696167711,nan,nan
1706696167722,nan,nan
1706696167733,nan,nan
1706696167743,nan,nan
1706696167755,nan,nan
1706696167766,nan,nan
1706696167776,nan,nan
1706696167813,nan,nan
1706696167814,nan,nan
1706696167822,nan,nan
1706696167833,nan,nan
1706696167844,nan,nan
1706696167855,nan,nan
1706696167867,nan,nan
1706696167876,nan,nan
1706696167889,nan,nan
1706696167900,nan,nan
1706696167910,nan,nan
1706696167922,nan,nan
1706696167943,nan,nan
1706696167962,nan,nan
1706696167963,nan,nan
1706696167967,nan,nan
1706696167980,nan,nan
1706696167988,nan,nan
1706696168000,nan,nan
1706696168010,nan,nan
1706696168021,nan,nan
1706696168033,nan,nan
1706696168043,nan,nan
1706696168055,nan,nan
1706696168096,nan,nan
1706696168099,nan,nan
1706696168112,nan,nan
1706696168121,nan,nan
1706696168133,nan,nan
1706696168143,nan,nan
1706696168155,nan,nan
1706696168167,nan,nan
1706696168176,nan,nan
1706696168188,nan,nan
1706696168199,nan,nan
1706696168210,nan,nan
1706696168246,nan,nan
1706696168261,nan,nan
1706696168266,nan,nan
1706696168278,nan,nan
1706696168288,nan,nan
1706696168299,nan,nan
1706696168310,nan,nan
1706696168321,nan,nan
1706696168333,nan,nan
1706696168343,nan,nan
1706696168379,nan,nan
1706696168380,nan,nan
1706696168395,nan,nan
1706696168400,nan,nan
1706696168409,nan,nan
1706696168422,nan,nan
1706696168433,nan,nan
1706696168443,nan,nan
1706696168455,nan,nan
1706696168466,nan,nan
1706696168476,nan,nan
1706696168488,nan,nan
1706696168509,nan,nan
1706696168530,nan,nan
1706696168532,nan,nan
1706696168545,nan,nan
1706696168554,nan,nan
1706696168566,nan,nan
1706696168576,nan,nan
1706696168587,nan,nan
1706696168599,nan,nan
1706696168609,nan,nan
1706696168621,nan,nan
1706696168664,nan,nan
1706696168666,nan,nan
1706696168679,nan,nan
1706696168688,nan,nan
1706696168700,nan,nan
1706696168710,nan,nan
1706696168721,nan,nan
1706696168733,nan,nan
1706696168743,nan,nan
1706696168754,nan,nan
1706696168766,nan,nan
1706696168777,nan,nan
1706696168812,nan,nan
1706696168813,nan,nan
1706696168827,nan,nan
1706696168834,nan,nan
1706696168844,nan,nan
1706696168855,nan,nan
1706696168866,nan,nan
1706696168876,nan,nan
1706696168888,nan,nan
1706696168899,nan,nan
1706696168909,nan,nan
1706696168950,nan,nan
1706696168951,nan,nan
1706696168955,nan,nan
1706696168965,nan,nan
1706696168976,nan,nan
1706696168988,nan,nan
1706696168999,nan,nan
1706696169009,nan,nan
1706696169022,nan,nan
1706696169033,nan,nan
1706696169042,nan,nan
1706696169055,nan,nan
1706696169095,nan,nan
1706696169096,nan,nan
1706696169100,nan,nan
1706696169111,nan,nan
1706696169123,nan,nan
1706696169133,nan,nan
1706696169142,nan,nan
1706696169155,nan,nan
1706696169167,nan,nan
1706696169176,nan,nan
1706696169189,nan,nan
1706696169200,nan,nan
1706696169210,nan,nan
1706696169246,nan,nan
1706696169247,nan,nan
1706696169261,nan,nan
1706696169266,nan,nan
1706696169278,nan,nan
1706696169288,nan,nan
1706696169299,nan,nan
1706696169311,nan,nan
1706696169321,nan,nan
1706696169332,nan,nan
1706696169379,nan,nan
1706696169386,nan,nan
1706696169404,nan,nan
1706696169414,1912.0790100097656,918.50998878479
1706696169425,1912.0790100097656,918.50998878479
1706696169437,1902.401123046875,921.2154579162598
1706696169447,1879.4889831542969,927.6208305358887
1706696169459,1850.4511260986328,905.4111099243164
1706696169471,1849.4303131103516,889.9495697021484
1706696169482,1872.0452117919922,882.3045873641968
1706696169493,1873.8286590576172,876.9353199005127
1706696169504,1859.5624542236328,878.8910579681396
1706696169538,1745.0909423828125,850.705418586731
1706696169554,1421.4990234375,783.2331848144531
1706696169561,1395.9526824951172,776.4348363876343
1706696169572,1392.4699401855469,775.875928401947
1706696169582,1380.6465148925781,770.9122967720032
1706696169593,1380.3630828857422,766.8675899505615
1706696169604,1381.4232635498047,769.8649477958679
1706696169614,1377.1295166015625,780.5277585983276
1706696169625,1377.9576110839844,784.8664140701294
1706696169637,1376.9091033935547,787.3407411575317
1706696169648,1383.1352233886719,783.0104112625122
1706696169679,1381.4604949951172,783.3231353759766
1706696169681,1372.0011138916016,791.46409034729
1706696169695,1375.3365325927734,795.883297920227
1706696169703,1377.4346923828125,786.2836933135986
1706696169715,1376.7294311523438,785.1477241516113
1706696169726,1372.1234130859375,780.0295114517212
1706696169737,1377.5318908691406,783.1046533584595
1706696169748,1376.4348602294922,789.8148536682129
1706696169759,1375.5297088623047,791.886248588562
1706696169770,1402.083740234375,790.7844400405884
1706696169788,1626.2088012695312,810.2852153778076
1706696169813,1804.3655395507812,824.7350263595581
1706696169815,2193.8599395751953,889.7456359863281
1706696169828,2217.642593383789,898.5370588302612
1706696169837,2214.4161224365234,902.8992319107056
1706696169848,2217.62451171875,903.1365966796875
1706696169859,2221.0347747802734,897.5459289550781
1706696169870,2224.6927642822266,892.9969453811646
1706696169881,2225.1449584960938,891.7337322235107
1706696169893,2223.3676147460938,896.8218183517456
1706696169904,2223.1580352783203,894.8707580566406
1706696169916,2224.9158477783203,891.8263864517212
1706696169948,2227.229995727539,887.3384284973145
1706696169949,2228.3472442626953,892.210865020752
1706696169965,2235.069808959961,934.8027563095093
1706696169970,2213.1175994873047,946.1567401885986
1706696169982,2395.96435546875,1173.0769443511963
1706696169990,nan,nan
1706696170001,nan,nan
1706696170012,nan,nan
1706696170023,nan,nan
1706696170034,nan,nan
1706696170044,nan,nan
1706696170056,nan,nan
1706696170067,nan,nan
1706696170097,nan,nan
1706696170114,nan,nan
1706696170127,nan,nan
1706696170137,nan,nan
1706696170146,nan,nan
1706696170159,nan,nan
1706696170170,nan,nan
1706696170180,nan,nan
1706696170192,nan,nan
1706696170230,nan,nan
1706696170231,nan,nan
1706696170237,nan,nan
1706696170247,nan,nan
1706696170259,nan,nan
1706696170270,nan,nan
1706696170280,nan,nan
1706696170292,nan,nan
1706696170304,nan,nan
1706696170313,nan,nan
1706696170325,nan,nan
1706696170337,nan,nan
1706696170347,nan,nan
1706696170380,nan,nan
1706696170381,nan,nan
1706696170395,nan,nan
1706696170403,nan,nan
1706696170413,nan,nan
1706696170425,nan,nan
1706696170437,nan,nan
1706696170446,nan,nan
1706696170458,nan,nan
1706696170470,nan,nan
1706696170480,nan,nan
1706696170514,nan,nan
1706696170515,nan,nan
1706696170530,nan,nan
1706696170537,nan,nan
1706696170548,nan,nan
1706696170558,nan,nan
1706696170570,nan,nan
1706696170580,nan,nan
1706696170592,nan,nan
1706696170603,nan,nan
1706696170614,nan,nan
1706696170648,nan,nan
1706696170649,nan,nan
1706696170664,nan,nan
1706696170671,nan,nan
1706696170680,nan,nan
1706696170692,nan,nan
1706696170703,nan,nan
1706696170713,nan,nan
1706696170725,nan,nan
1706696170737,nan,nan
1706696170746,nan,nan
1706696170758,nan,nan
1706696170779,nan,nan
1706696170800,nan,nan
1706696170803,nan,nan
1706696170815,nan,nan
1706696170825,nan,nan
1706696170836,nan,nan
1706696170846,nan,nan
1706696170858,nan,nan
1706696170870,nan,nan
1706696170879,nan,nan
1706696170891,nan,nan
1706696170932,nan,nan
1706696170936,nan,nan
1706696170947,nan,nan
1706696170959,nan,nan
1706696170970,nan,nan
1706696170980,nan,nan
1706696170991,nan,nan
1706696171003,nan,nan
1706696171013,nan,nan
1706696171025,nan,nan
1706696171037,nan,nan
1706696171047,nan,nan
1706696171083,nan,nan
1706696171099,nan,nan
1706696171103,nan,nan
1706696171113,nan,nan
1706696171125,nan,nan
1706696171136,nan,nan
1706696171146,nan,nan
1706696171158,nan,nan
1706696171169,nan,nan
1706696171180,nan,nan
1706696171215,nan,nan
1706696171232,nan,nan
1706696171236,nan,nan
1706696171247,nan,nan
1706696171258,nan,nan
1706696171270,nan,nan
1706696171280,nan,nan
1706696171292,nan,nan
1706696171303,nan,nan
1706696171312,nan,nan
1706696171324,nan,nan
1706696171345,nan,nan
1706696171365,nan,nan
1706696171366,nan,nan
1706696171370,nan,nan
1706696171381,nan,nan
1706696171392,nan,nan
1706696171403,nan,nan
1706696171412,nan,nan
1706696171426,nan,nan
1706696171437,nan,nan
1706696171446,nan,nan
1706696171459,nan,nan
1706696171497,nan,nan
1706696171503,nan,nan
1706696171512,nan,nan
1706696171525,nan,nan
1706696171536,nan,nan
1706696171546,nan,nan
1706696171557,nan,nan
1706696171570,nan,nan
1706696171579,nan,nan
1706696171591,nan,nan
1706696171631,nan,nan
1706696171632,nan,nan
1706696171636,nan,nan
1706696171648,nan,nan
1706696171657,nan,nan
1706696171670,nan,nan
1706696171680,nan,nan
1706696171691,nan,nan
1706696171703,nan,nan
1706696171714,nan,nan
1706696171725,nan,nan
1706696171766,nan,nan
1706696171767,nan,nan
1706696171770,nan,nan
1706696171781,nan,nan
1706696171793,nan,nan
1706696171803,nan,nan
1706696171814,nan,nan
1706696171826,nan,nan
1706696171837,nan,nan
1706696171848,nan,nan
1706696171859,nan,nan
1706696171896,nan,nan
1706696171897,nan,nan
1706696171911,nan,nan
1706696171926,nan,nan
1706696171936,nan,nan
1706696171947,nan,nan
1706696171958,nan,nan
1706696171969,nan,nan
1706696171981,nan,nan
1706696171992,nan,nan
1706696172002,nan,nan
1706696172051,nan,nan
1706696172056,nan,nan
1706696172073,nan,nan
1706696172083,nan,nan
1706696172094,nan,nan
1706696172105,1854.4403076171875,941.7545700073242
1706696172117,1854.4403076171875,941.7545700073242
1706696172129,2008.93798828125,949.8794746398926
1706696172141,2130.328903198242,921.2133979797363
1706696172152,2164.364776611328,908.4676694869995
1706696172162,2187.0240020751953,900.3395891189575
1706696172204,2198.722152709961,896.9428396224976
1706696172208,2187.8931427001953,904.4261169433594
1706696172221,2186.2393188476562,912.7196359634399
1706696172230,2188.7783813476562,909.4587564468384
1706696172240,2197.678756713867,902.6151323318481
1706696172252,2203.992691040039,894.0650653839111
1706696172262,2198.5589599609375,905.8854103088379
1706696172274,2200.4569244384766,904.3268537521362
1706696172285,2203.7649536132812,902.418622970581
1706696172296,2212.561264038086,887.2287797927856
1706696172333,2216.090087890625,885.4695081710815
1706696172334,2187.7449798583984,877.3303985595703
1706696172340,1911.2721252441406,853.0493259429932
1706696172351,1492.5041961669922,791.4572668075562
1706696172364,1391.571273803711,772.0954084396362
1706696172374,1329.9609375,777.7673578262329
1706696172385,1320.5135345458984,777.1545696258545
1706696172396,1321.3465118408203,785.9123039245605
1706696172407,1322.3528289794922,787.4629211425781
1706696172418,1325.4740142822266,795.0711679458618
1706696172429,1320.0567626953125,792.1639966964722
1706696172440,1318.0229949951172,787.0529079437256
1706696172481,1314.4149017333984,780.5888271331787
1706696172482,1316.3257598876953,780.7041835784912
1706696172485,1309.3048095703125,779.728889465332
1706696172497,1311.6568756103516,782.7143812179565
1706696172508,1315.162582397461,778.7540245056152
1706696172518,1317.5312042236328,785.7745456695557
1706696172529,1313.7630462646484,784.6844530105591
1706696172540,1313.2981872558594,785.3491687774658
1706696172551,1315.5957794189453,780.387167930603
1706696172563,1317.8059387207031,780.2144765853882
1706696172574,1314.2961883544922,780.5656957626343
1706696172585,1312.1429443359375,785.499758720398
1706696172596,1310.3135299682617,782.7474689483643
1706696172631,1303.2871627807617,793.5359144210815
1706696172645,1313.5083770751953,780.7317352294922
1706696172651,1314.0825653076172,778.68248462677
1706696172663,1303.7422943115234,775.3156471252441
1706696172673,1236.977767944336,757.2238039970398
1706696172684,1033.3828353881836,714.5750069618225
1706696172695,913.59375,683.3496737480164
1706696172707,801.3438034057617,674.5440673828125
1706696172718,706.2483596801758,674.0273451805115
1706696172729,682.3871231079102,670.4397082328796
1706696172767,682.1388244628906,663.7731742858887
1706696172773,672.1918487548828,665.9917044639587
1706696172785,676.1436080932617,668.6650085449219
1706696172796,679.5771789550781,673.8289475440979
1706696172807,679.6026992797852,665.4955816268921
1706696172818,678.4951019287109,663.544864654541
1706696172829,676.6872406005859,659.6219301223755
1706696172840,674.5319747924805,669.615261554718
1706696172851,673.0159759521484,672.9061603546143
1706696172862,671.5302848815918,672.2026491165161
1706696172903,675.452995300293,668.2934260368347
1706696172908,666.1371803283691,661.3237810134888
1706696172921,666.0929489135742,657.3014760017395
1706696172929,660.3753662109375,657.5572943687439
1706696172941,661.3821983337402,661.1615180969238
1706696172952,660.2214431762695,664.8768281936646
1706696172963,663.3464050292969,664.7019696235657
1706696172974,665.8831024169922,660.782618522644
1706696172985,662.4001121520996,654.1218137741089
1706696172996,666.9570159912109,655.9672379493713
1706696173007,667.7164268493652,657.042224407196
1706696173018,664.5309829711914,659.7476506233215
1706696173051,664.0318870544434,663.0334639549255
1706696173052,670.3197288513184,664.3117833137512
1706696173068,666.7270851135254,661.1420559883118
1706696173074,665.794734954834,665.3054666519165
1706696173086,659.4734954833984,654.6990895271301
1706696173096,658.4732437133789,655.5977153778076
1706696173107,655.6884002685547,646.889591217041
1706696173118,659.163818359375,650.8635950088501
1706696173129,693.2551193237305,661.2727975845337
1706696173140,833.3552169799805,696.0764336585999
1706696173151,1293.0389404296875,825.5722188949585
1706696173161,1446.694564819336,865.6500434875488
1706696173172,1600.8477020263672,919.678144454956
1706696173204,nan,nan
1706696173205,nan,nan
1706696173223,nan,nan
1706696173227,nan,nan
1706696173239,nan,nan
1706696173249,nan,nan
1706696173258,nan,nan
1706696173276,nan,nan
1706696173295,nan,nan
1706696173307,nan,nan
1706696173351,nan,nan
1706696173368,nan,nan
1706696173372,nan,nan
1706696173383,nan,nan
1706696173394,nan,nan
1706696173406,nan,nan
1706696173417,nan,nan
1706696173428,nan,nan
1706696173439,nan,nan
1706696173450,nan,nan
1706696173461,nan,nan
1706696173501,nan,nan
1706696173502,nan,nan
1706696173506,nan,nan
1706696173518,nan,nan
1706696173528,nan,nan
1706696173539,nan,nan
1706696173550,nan,nan
1706696173562,nan,nan
1706696173573,nan,nan
1706696173584,nan,nan
1706696173594,nan,nan
1706696173605,nan,nan
1706696173616,nan,nan
1706696173650,nan,nan
1706696173651,nan,nan
1706696173665,nan,nan
1706696173674,nan,nan
1706696173685,nan,nan
1706696173696,nan,nan
1706696173708,507.4723434448242,604.5677876472473
1706696173719,507.4723434448242,604.5677876472473
1706696173730,507.4723434448242,604.5677876472473
1706696173741,503.7929916381836,596.4461445808411
1706696173751,503.7929916381836,596.4461445808411
1706696173764,486.3460350036621,586.5239453315735
1706696173799,488.40967178344727,586.5087103843689
1706696173800,486.59704208374023,583.8600397109985
1706696173814,460.22945404052734,579.8107409477234
1706696173820,462.093563079834,576.4138412475586
1706696173831,459.3860054016113,571.8636775016785
1706696173842,456.68405532836914,568.469181060791
1706696173853,446.86500549316406,564.2225790023804
1706696173864,448.05870056152344,564.8311829566956
1706696173876,447.53368377685547,564.2422556877136
1706696173886,445.31763076782227,566.2549638748169
1706696173898,469.4838523864746,562.0134043693542
1706696173936,521.3891410827637,558.2681393623352
1706696173937,574.8358345031738,544.4081568717957
1706696173942,589.7162055969238,546.7961597442627
1706696173953,598.1267547607422,547.5774550437927
1706696173965,596.1628532409668,545.7973480224609
1706696173975,593.4586334228516,544.6078419685364
1706696173986,601.7315483093262,557.4400448799133
1706696173997,609.4084167480469,559.017698764801
1706696174008,609.7211456298828,565.8852052688599
1706696174019,605.8924674987793,565.7207536697388
1706696174030,649.8512649536133,571.8897914886475
1706696174041,820.2941513061523,592.2307205200195
1706696174052,1147.0000457763672,629.1487312316895
1706696174086,1268.0448150634766,645.2599453926086
1706696174087,1331.6564178466797,645.6341242790222
1706696174102,1342.4041748046875,662.8969717025757
1706696174108,1336.7290496826172,670.1823878288269
1706696174120,1337.1856689453125,670.7029938697815
1706696174131,1341.937484741211,671.8604421615601
1706696174142,1345.3221893310547,675.9558320045471
1706696174153,1345.0635528564453,682.5876688957214
1706696174164,1344.8689270019531,681.8286681175232
1706696174175,1343.6084747314453,684.2364549636841
1706696174186,1344.605484008789,687.7703189849854
1706696174197,1345.388412475586,691.9807863235474
1706696174237,1346.3009643554688,690.3094482421875
1706696174238,1342.0865631103516,683.1063652038574
1706696174242,1318.2955932617188,690.2641296386719
1706696174253,1286.6029357910156,696.5910315513611
1706696174266,1276.3804626464844,701.4180636405945
1706696174275,1269.7728729248047,704.3640518188477
1706696174286,1273.2321166992188,709.4113254547119
1706696174297,1270.253028869629,705.9913802146912
1706696174309,1274.6271514892578,701.8629884719849
1706696174319,1269.228172302246,703.8961243629456
1706696174331,1273.095474243164,708.4006690979004
1706696174342,1269.845314025879,709.664933681488
1706696174352,1271.4794921875,711.4286470413208
1706696174384,1271.6650390625,713.5988116264343
1706696174385,1277.9032135009766,718.1275177001953
1706696174400,1278.6219024658203,722.7151894569397
1706696174408,1275.0323867797852,723.2400012016296
1706696174419,1276.0112762451172,723.364155292511
1706696174430,1279.7777938842773,718.1754326820374
1706696174441,1279.1298294067383,716.3762497901917
1706696174452,1279.3564987182617,717.6499342918396
1706696174464,1275.1412963867188,719.5785284042358
1706696174475,1274.4219207763672,726.5306210517883
1706696174486,1277.985954284668,731.2509226799011
1706696174519,1272.5944137573242,736.6640281677246
1706696174533,1229.030532836914,759.6954488754272
1706696174541,1226.9483184814453,764.9446821212769
1706696174552,1221.5827178955078,766.5557241439819
1706696174564,1220.1052474975586,759.939079284668
1706696174575,1219.5497131347656,762.2146654129028
1706696174586,1221.5500259399414,766.1529636383057
1706696174597,1224.4042587280273,766.3662528991699
1706696174608,1230.1289367675781,766.4341878890991
1706696174619,1232.0426559448242,763.5219526290894
1706696174630,1234.3281555175781,765.1404619216919
1706696174668,1231.4778137207031,759.7694778442383
1706696174675,1228.7550735473633,773.8260555267334
1706696174686,1227.3244094848633,769.8290920257568
1706696174698,1228.1341171264648,766.8278074264526
1706696174708,1225.4601669311523,770.9777212142944
1706696174719,1227.4126815795898,774.7364616394043
1706696174730,1228.7475967407227,775.509238243103
1706696174741,1232.9000091552734,768.727068901062
1706696174752,1229.1450500488281,767.449221611023
1706696174763,1228.7850952148438,771.4679861068726
1706696174774,1222.611312866211,780.3366565704346
1706696174785,1224.3111038208008,783.0841398239136
1706696174819,1223.3925247192383,779.060869216919
1706696174834,1224.9285125732422,791.1953544616699
1706696174841,1201.3346481323242,786.586332321167
1706696174852,1163.183479309082,788.5772180557251
1706696174864,1150.9841537475586,780.4392671585083
1706696174874,1149.7632217407227,784.4945526123047
1706696174885,1154.3013763427734,784.3794107437134
1706696174897,1155.7426834106445,784.8400640487671
1706696174908,1152.795639038086,786.3524007797241
1706696174919,1152.1793365478516,787.9251623153687
1706696174952,1148.2236862182617,794.0909814834595
1706696174953,1146.4743041992188,795.9992980957031
1706696174967,1145.2162170410156,789.950122833252
1706696174974,1143.2537841796875,787.0368146896362
1706696174987,1141.9477462768555,786.2079048156738
1706696174997,1143.5480880737305,788.1299114227295
1706696175008,1142.8441619873047,789.9448013305664
1706696175019,1140.2167129516602,791.7394781112671
1706696175030,1143.7506103515625,795.2380228042603
1706696175041,1144.0850830078125,804.2288303375244
1706696175052,1146.8042373657227,813.9198017120361
1706696175063,1182.1521759033203,816.0610198974609
1706696175083,1333.5168838500977,891.4683866500854
1706696175104,1573.4163665771484,1034.4424438476562
1706696175105,nan,nan
1706696175121,nan,nan
1706696175127,nan,nan
1706696175139,nan,nan
1706696175149,nan,nan
1706696175161,nan,nan
1706696175171,nan,nan
1706696175181,nan,nan
1706696175199,nan,nan
1706696175237,nan,nan
1706696175241,nan,nan
1706696175254,nan,nan
1706696175264,nan,nan
1706696175274,nan,nan
1706696175286,nan,nan
1706696175297,nan,nan
1706696175308,nan,nan
1706696175319,nan,nan
1706696175330,nan,nan
1706696175341,nan,nan
1706696175353,nan,nan
1706696175385,nan,nan
1706696175386,nan,nan
1706696175401,nan,nan
1706696175408,nan,nan
1706696175420,nan,nan
1706696175431,nan,nan
1706696175442,nan,nan
1706696175451,nan,nan
1706696175464,nan,nan
1706696175474,nan,nan
1706696175484,nan,nan
1706696175521,nan,nan
1706696175522,nan,nan
1706696175537,nan,nan
1706696175541,nan,nan
1706696175551,nan,nan
1706696175563,nan,nan
1706696175574,nan,nan
1706696175584,nan,nan
1706696175596,nan,nan
1706696175608,nan,nan
1706696175617,nan,nan
1706696175629,nan,nan
1706696175670,nan,nan
1706696175675,nan,nan
1706696175685,nan,nan
1706696175698,nan,nan
1706696175708,nan,nan
1706696175718,nan,nan
1706696175729,nan,nan
1706696175741,nan,nan
1706696175752,nan,nan
1706696175763,nan,nan
1706696175775,nan,nan
1706696175785,nan,nan
1706696175822,nan,nan
1706696175823,nan,nan
1706696175830,nan,nan
1706696175841,nan,nan
1706696175851,nan,nan
1706696175863,nan,nan
1706696175874,nan,nan
1706696175884,nan,nan
1706696175896,nan,nan
1706696175907,nan,nan
1706696175918,nan,nan
1706696175930,nan,nan
1706696175969,nan,nan
1706696175970,nan,nan
1706696175974,nan,nan
1706696175986,nan,nan
1706696175999,nan,nan
1706696176008,nan,nan
1706696176017,nan,nan
1706696176030,nan,nan
1706696176041,nan,nan
1706696176051,nan,nan
1706696176063,nan,nan
1706696176074,nan,nan
1706696176084,nan,nan
1706696176120,nan,nan
1706696176121,nan,nan
1706696176136,nan,nan
1706696176141,nan,nan
1706696176151,nan,nan
1706696176163,nan,nan
1706696176175,nan,nan
1706696176184,nan,nan
1706696176197,nan,nan
1706696176208,nan,nan
1706696176218,nan,nan
1706696176229,nan,nan
1706696176252,nan,nan
1706696176274,nan,nan
1706696176275,nan,nan
1706696176290,nan,nan
1706696176297,nan,nan
1706696176307,nan,nan
1706696176317,nan,nan
1706696176329,nan,nan
1706696176340,nan,nan
1706696176351,nan,nan
1706696176362,nan,nan
1706696176403,nan,nan
1706696176407,nan,nan
1706696176418,nan,nan
1706696176429,nan,nan
1706696176440,nan,nan
1706696176451,nan,nan
1706696176462,nan,nan
1706696176473,nan,nan
1706696176484,nan,nan
1706696176496,nan,nan
1706696176507,nan,nan
1706696176518,nan,nan
1706696176552,nan,nan
1706696176553,nan,nan
1706696176568,nan,nan
1706696176574,nan,nan
1706696176584,nan,nan
1706696176596,nan,nan
1706696176607,nan,nan
1706696176618,nan,nan
1706696176629,nan,nan
1706696176640,nan,nan
1706696176651,nan,nan
1706696176685,nan,nan
1706696176686,nan,nan
1706696176701,nan,nan
1706696176707,nan,nan
1706696176717,nan,nan
1706696176729,nan,nan
1706696176748,nan,nan
1706696176763,nan,nan
1706696176774,nan,nan
1706696176785,nan,nan
1706696176823,nan,nan
1706696176824,nan,nan
1706696176830,nan,nan
1706696176841,nan,nan
1706696176852,nan,nan
1706696176862,nan,nan
1706696176879,nan,nan
1706696176900,nan,nan
1706696176917,nan,nan
1706696176933,nan,nan
1706696176974,1535.3910827636719,976.2673473358154
1706696176975,1535.3910827636719,976.2673473358154
1706696176978,1536.7942810058594,967.543215751648
1706696176993,1582.8165435791016,962.177038192749
1706696177001,1587.7618408203125,968.0839490890503
1706696177012,1586.681137084961,968.8053131103516
1706696177023,1584.7307586669922,962.871880531311
1706696177035,1587.3030090332031,959.512939453125
1706696177045,1586.6004180908203,956.8783235549927
1706696177055,1570.4444122314453,969.6884679794312
1706696177067,1537.7021026611328,972.8489255905151
1706696177078,1518.5700225830078,977.7249240875244
1706696177089,1570.4469299316406,949.1379833221436
1706696177120,1581.2948608398438,949.6343851089478
1706696177121,1573.52783203125,939.7829103469849
1706696177123,1473.1111145019531,867.2386407852173
1706696177137,1427.8844451904297,845.8501052856445
1706696177145,1385.1736450195312,817.2708034515381
1706696177156,1351.0659790039062,807.2034215927124
1706696177168,1349.433364868164,801.8462991714478
1706696177178,1350.7926177978516,798.8711500167847
1706696177189,1349.6759033203125,799.9920988082886
1706696177200,1346.9518280029297,799.3060541152954
1706696177211,1350.8055877685547,798.7120199203491
1706696177222,1359.4306182861328,798.7133073806763
1706696177234,1364.887924194336,802.577919960022
1706696177271,1364.11376953125,801.9496822357178
1706696177278,1355.9864807128906,780.9106063842773
1706696177289,1351.9959259033203,780.9865236282349
1706696177303,1351.972885131836,785.4379606246948
1706696177311,1356.94580078125,784.3475246429443
1706696177322,1358.8835144042969,783.2203960418701
1706696177334,1358.4153747558594,782.1409893035889
1706696177345,1338.3553314208984,777.2067975997925
1706696177355,1240.849723815918,757.6373147964478
1706696177367,1036.4625930786133,703.535270690918
1706696177378,778.7041473388672,642.4982571601868
1706696177421,651.4484024047852,639.4216346740723
1706696177422,567.0621681213379,619.9899315834045
1706696177436,564.0078735351562,620.0666213035583
1706696177445,566.6935157775879,612.7035284042358
1706696177456,579.7476387023926,623.9097762107849
1706696177467,577.9042053222656,622.4785709381104
1706696177478,579.3518447875977,623.5404896736145
1706696177489,577.9112243652344,617.9937887191772
1706696177500,573.481330871582,613.5664486885071
1706696177511,568.4915351867676,608.5025882720947
1706696177522,563.0699157714844,603.520073890686
1706696177534,562.5876426696777,600.4913878440857
1706696177571,583.2659149169922,584.5010447502136
1706696177572,627.5550079345703,548.0831480026245
1706696177578,657.885799407959,526.9126009941101
1706696177589,653.3022689819336,519.361560344696
1706696177600,655.1689910888672,520.4341435432434
1706696177612,657.1734619140625,516.1403560638428
1706696177622,650.7733535766602,511.56405687332153
1706696177634,646.2546539306641,505.3780245780945
1706696177645,647.0881271362305,507.5328254699707
1706696177656,648.6705589294434,504.8379135131836
1706696177667,650.565185546875,506.1499214172363
1706696177678,651.0186004638672,500.5114674568176
1706696177720,650.3864669799805,501.1739730834961
1706696177723,652.1353912353516,502.7309846878052
1706696177735,647.3909950256348,496.70429706573486
1706696177744,655.2392768859863,499.8008966445923
1706696177755,829.1652679443359,511.92999601364136
1706696177766,1030.1394653320312,586.3328003883362
1706696177777,1187.1968841552734,619.8948097229004
1706696177787,1577.0323944091797,853.3107233047485
1706696177798,nan,nan
1706696177809,nan,nan
1706696177820,nan,nan
1706696177831,nan,nan
1706696177870,nan,nan
1706696177871,nan,nan
1706696177875,nan,nan
1706696177886,nan,nan
1706696177898,nan,nan
1706696177908,nan,nan
1706696177919,nan,nan
1706696177930,nan,nan
1706696177941,nan,nan
1706696177952,nan,nan
1706696177964,nan,nan
1706696177975,nan,nan
1706696177986,nan,nan
1706696178022,nan,nan
1706696178037,nan,nan
1706696178048,nan,nan
1706696178067,nan,nan
1706696178085,nan,nan
1706696178099,nan,nan
1706696178110,nan,nan
1706696178121,nan,nan
1706696178153,nan,nan
1706696178154,nan,nan
1706696178171,nan,nan
1706696178177,nan,nan
1706696178189,nan,nan
1706696178199,nan,nan
1706696178210,nan,nan
1706696178221,nan,nan
1706696178232,nan,nan
1706696178243,nan,nan
1706696178254,nan,nan
1706696178266,nan,nan
1706696178286,nan,nan
1706696178306,nan,nan
1706696178310,nan,nan
1706696178326,nan,nan
1706696178333,nan,nan
1706696178344,nan,nan
1706696178354,nan,nan
1706696178366,nan,nan
1706696178377,nan,nan
1706696178388,nan,nan
1706696178399,nan,nan
1706696178439,nan,nan
1706696178444,nan,nan
1706696178455,nan,nan
1706696178468,nan,nan
1706696178477,nan,nan
1706696178487,nan,nan
1706696178500,nan,nan
1706696178510,nan,nan
1706696178521,nan,nan
1706696178533,nan,nan
1706696178543,nan,nan
1706696178554,nan,nan
1706696178588,nan,nan
1706696178589,nan,nan
1706696178604,nan,nan
1706696178610,nan,nan
1706696178622,879.3063354492188,215.05303859710693
1706696178632,879.3063354492188,215.05303859710693
1706696178644,973.0133056640625,243.34708213806152
1706696178655,975.8930206298828,262.55053997039795
1706696178666,975.8930206298828,262.55053997039795
1706696178677,884.6181488037109,250.47401189804077
1706696178688,nan,nan
1706696178699,nan,nan
1706696178738,nan,nan
1706696178739,892.5466918945312,278.4174585342407
1706696178744,928.0940246582031,296.27655029296875
1706696178755,928.6369323730469,302.92184114456177
1706696178767,877.1651458740234,292.16206312179565
1706696178778,775.2449035644531,279.8750352859497
1706696178789,662.9322814941406,266.41356468200684
1706696178799,678.2762908935547,263.1592297554016
1706696178811,681.3871002197266,288.88545513153076
1706696178822,691.5044403076172,305.2908754348755
1706696178833,691.5044403076172,305.2908754348755
1706696178873,693.121337890625,315.3897786140442
1706696178874,699.0349578857422,326.86896800994873
1706696178880,744.554328918457,385.65256118774414
1706696178892,730.9772872924805,387.8189814090729
1706696178902,728.6705780029297,399.0194571018219
1706696178913,729.5110702514648,405.29064416885376
1706696178923,736.1120986938477,417.3472595214844
1706696178935,740.6019592285156,422.95329093933105
1706696178946,740.4441452026367,438.714337348938
1706696178957,751.1516952514648,448.892183303833
1706696178968,816.344108581543,476.37744426727295
1706696178979,993.1935882568359,543.9213252067566
1706696178990,1263.6946868896484,652.3240685462952
1706696179023,1376.5150451660156,690.8844923973083
1706696179024,1450.792007446289,721.3391518592834
1706696179041,1463.9990234375,755.0490474700928
1706696179046,1456.2796020507812,762.6558351516724
1706696179056,1466.2567138671875,757.7636575698853
1706696179068,1472.4466705322266,756.311616897583
1706696179079,1468.0790710449219,766.3000988960266
1706696179090,1462.8326416015625,777.0840382575989
1706696179101,1462.6407623291016,780.891444683075
1706696179112,1459.6659851074219,780.5385947227478
1706696179123,1459.246597290039,783.9676809310913
1706696179135,1462.793960571289,785.6191921234131
1706696179175,1458.5963439941406,790.3103113174438
1706696179179,1451.612777709961,786.9546747207642
1706696179192,1456.6695404052734,791.3869285583496
1706696179201,1453.2701873779297,796.1092901229858
1706696179211,1458.5310363769531,794.9160289764404
1706696179222,1636.5794372558594,866.3983154296875
1706696179234,1969.051513671875,885.8965587615967
1706696179244,1969.051513671875,885.8965587615967
1706696179255,nan,nan
1706696179266,nan,nan
1706696179277,nan,nan
1706696179288,nan,nan
1706696179323,nan,nan
1706696179339,nan,nan
1706696179342,nan,nan
1706696179358,nan,nan
1706696179379,nan,nan
1706696179389,nan,nan
1706696179401,nan,nan
1706696179412,nan,nan
1706696179422,nan,nan
1706696179435,nan,nan
1706696179455,nan,nan
1706696179476,nan,nan
1706696179479,nan,nan
1706696179495,nan,nan
1706696179501,nan,nan
1706696179512,nan,nan
1706696179522,nan,nan
1706696179535,nan,nan
1706696179546,nan,nan
1706696179556,nan,nan
1706696179568,nan,nan
1706696179579,nan,nan
1706696179589,nan,nan
1706696179622,nan,nan
1706696179636,nan,nan
1706696179645,nan,nan
1706696179655,nan,nan
1706696179667,nan,nan
1706696179678,nan,nan
1706696179688,nan,nan
1706696179701,nan,nan
1706696179712,nan,nan
1706696179722,nan,nan
1706696179733,nan,nan
1706696179773,nan,nan
1706696179774,nan,nan
1706696179779,nan,nan
1706696179789,nan,nan
1706696179800,nan,nan
1706696179812,nan,nan
1706696179822,nan,nan
1706696179833,nan,nan
1706696179845,nan,nan
1706696179855,nan,nan
1706696179867,nan,nan
1706696179879,nan,nan
1706696179889,nan,nan
1706696179923,nan,nan
1706696179924,nan,nan
1706696179939,nan,nan
1706696179945,nan,nan
1706696179957,nan,nan
1706696179967,nan,nan
1706696179978,nan,nan
1706696179989,nan,nan
1706696180000,nan,nan
1706696180011,nan,nan
1706696180022,nan,nan
1706696180056,nan,nan
1706696180072,nan,nan
1706696180079,nan,nan
1706696180088,nan,nan
1706696180100,nan,nan
1706696180111,nan,nan
1706696180121,nan,nan
1706696180133,nan,nan
1706696180145,nan,nan
1706696180155,nan,nan
1706696180167,nan,nan
1706696180207,nan,nan
1706696180208,nan,nan
1706696180212,nan,nan
1706696180223,nan,nan
1706696180235,nan,nan
1706696180245,nan,nan
1706696180255,nan,nan
1706696180267,nan,nan
1706696180278,nan,nan
1706696180288,nan,nan
1706696180300,nan,nan
1706696180312,nan,nan
1706696180322,nan,nan
1706696180357,nan,nan
1706696180358,nan,nan
1706696180373,nan,nan
1706696180378,nan,nan
1706696180387,nan,nan
1706696180400,nan,nan
1706696180411,nan,nan
1706696180421,nan,nan
1706696180433,nan,nan
1706696180445,nan,nan
1706696180455,nan,nan
1706696180492,nan,nan
1706696180500,nan,nan
1706696180512,nan,nan
1706696180523,nan,nan
1706696180533,nan,nan
1706696180545,nan,nan
1706696180555,nan,nan
1706696180568,nan,nan
1706696180579,nan,nan
1706696180588,nan,nan
1706696180601,nan,nan
1706696180640,nan,nan
1706696180644,nan,nan
1706696180657,nan,nan
1706696180667,nan,nan
1706696180678,nan,nan
1706696180689,nan,nan
1706696180700,nan,nan
1706696180710,nan,nan
1706696180727,nan,nan
1706696180774,nan,nan
1706696180775,nan,nan
1706696180780,nan,nan
1706696180791,nan,nan
1706696180804,nan,nan
1706696180815,1537.9535675048828,912.1585607528687
1706696180825,1537.9535675048828,912.1585607528687
1706696180836,1537.9535675048828,912.1585607528687
1706696180848,1537.6359558105469,920.4789018630981
1706696180858,1537.6359558105469,920.4789018630981
1706696180870,1537.6359558105469,920.4789018630981
1706696180881,nan,nan
