timestamp,x,y
1706696145429,0.17363756895065308,0.12239319831132889
1706696145441,0.17593451589345932,0.12722498923540115
1706696145460,0.17310947179794312,0.12225892767310143
1706696145488,0.17441341280937195,0.12234469130635262
1706696145490,0.17265461385250092,0.12094900012016296
1706696145496,0.17602451890707016,0.12790101394057274
1706696145512,0.17656517028808594,0.12707780674099922
1706696145518,0.1743612438440323,0.1254337653517723
1706696145530,0.17492558062076569,0.12343095242977142
1706696145541,0.17424199730157852,0.12048197165131569
1706696145552,0.1741870939731598,0.11767375469207764
1706696145563,0.19299352914094925,0.11295077577233315
1706696145574,0.22728417068719864,0.10705612599849701
1706696145585,0.2905004620552063,0.10001979768276215
1706696145596,0.30196312069892883,0.10023664683103561
1706696145608,0.30750925838947296,0.09893953800201416
1706696145653,0.3101234436035156,0.10198463127017021
1706696145654,0.30984513461589813,0.10129411891102791
1706696145668,0.3143779933452606,0.09905949607491493
1706696145676,0.3135540932416916,0.09661343321204185
1706696145686,0.31213292479515076,0.10034620761871338
1706696145697,0.31036627292633057,0.10463526099920273
1706696145707,0.3104739487171173,0.10899563506245613
1706696145718,0.3115711361169815,0.11072186008095741
1706696145729,0.3137150704860687,0.1111537553369999
1706696145740,0.3148413747549057,0.10786283388733864
1706696145751,0.31559886038303375,0.11029749736189842
1706696145792,0.31335142254829407,0.10652687028050423
1706696145793,0.31444597244262695,0.10386030748486519
1706696145796,0.3350275903940201,0.10064734518527985
1706696145809,0.3913052827119827,0.09471119940280914
1706696145819,0.503709152340889,0.08138560876250267
1706696145829,0.5468226969242096,0.08112578466534615
1706696145840,0.5685882270336151,0.08128931373357773
1706696145851,0.5746031105518341,0.08633525297045708
1706696145862,0.575610488653183,0.08298175409436226
1706696145874,0.5744560956954956,0.08476118743419647
1706696145884,0.5733839869499207,0.08337810263037682
1706696145896,0.5735689103603363,0.08796780928969383
1706696145907,0.5744518041610718,0.09015170857310295
1706696145944,0.5743771195411682,0.09196962043642998
1706696145945,0.5738976299762726,0.09463483840227127
1706696145952,0.5729482769966125,0.10109750926494598
1706696145963,0.5717851519584656,0.09806593507528305
1706696145973,0.570624440908432,0.09815599024295807
1706696145984,0.5709870457649231,0.09100078791379929
1706696145996,0.5725273191928864,0.09237628802657127
1706696146007,0.57014000415802,0.09150446206331253
1706696146018,0.5555630326271057,0.08781035989522934
1706696146029,0.5477377474308014,0.08676037564873695
1706696146040,0.5414898097515106,0.08715483173727989
1706696146060,0.5427356660366058,0.09467946365475655
1706696146083,0.5423653721809387,0.09421268850564957
1706696146084,0.5429035127162933,0.09557456150650978
1706696146100,0.5434081256389618,0.09908372536301613
1706696146109,0.5404316782951355,0.10223577544093132
1706696146119,0.5388115644454956,0.10264354199171066
1706696146129,0.5399817526340485,0.09996097907423973
1706696146140,0.5421645045280457,0.09838538616895676
1706696146151,0.5417385399341583,0.09532525762915611
1706696146162,0.5405682325363159,0.09668197482824326
1706696146174,0.5400359630584717,0.09530122578144073
1706696146185,0.5408812165260315,0.09828406944870949
1706696146205,0.5444098114967346,0.0977383591234684
1706696146228,0.5650049448013306,0.10260013490915298
1706696146229,0.594495952129364,0.11052127927541733
1706696146247,0.6121975481510162,0.12205976992845535
1706696146251,0.6124891042709351,0.1149754449725151
1706696146262,0.6119401752948761,0.11432192102074623
1706696146274,0.610796183347702,0.11004738509654999
1706696146285,0.6120421290397644,0.1140235960483551
1706696146296,0.61358642578125,0.1156955435872078
1706696146307,0.6128634810447693,0.11567743122577667
1706696146318,0.6134561598300934,0.11681089550256729
1706696146330,0.6112427711486816,0.11325540393590927
1706696146341,0.6128172874450684,0.11435617133975029
1706696146377,0.611301451921463,0.12023851275444031
1706696146384,0.5813556015491486,0.14173293858766556
1706696146395,0.5610610544681549,0.16765914857387543
1706696146407,0.538223922252655,0.1916840523481369
1706696146418,0.5306020975112915,0.20057078450918198
1706696146429,0.5308306217193604,0.1972961574792862
1706696146440,0.5309343338012695,0.19809641689062119
1706696146451,0.5303660035133362,0.19530779868364334
1706696146462,0.5300690531730652,0.19503282755613327
1706696146474,0.5307958126068115,0.20165228098630905
1706696146485,0.5330022275447845,0.2057572454214096
1706696146496,0.5318014025688171,0.20275191217660904
1706696146545,0.5315296351909637,0.19734058529138565
1706696146546,0.529880702495575,0.19746488332748413
1706696146551,0.5327752530574799,0.20181309431791306
1706696146571,0.5331129133701324,0.19500648230314255
1706696146573,0.5343568027019501,0.19765469431877136
1706696146585,0.5322417616844177,0.19682539254426956
1706696146595,0.5333230793476105,0.19621369987726212
1706696146607,0.5280962288379669,0.19195520877838135
1706696146618,0.4787577688694,0.1942160651087761
1706696146628,0.45707009732723236,0.19505628943443298
1706696146640,0.39070551097393036,0.19510278850793839
1706696146651,0.3174261450767517,0.19892100244760513
1706696146662,0.3092435449361801,0.19605743885040283
1706696146701,0.3004743605852127,0.19511887431144714
1706696146707,0.3047502189874649,0.19528037309646606
1706696146720,0.302156463265419,0.19642364233732224
1706696146729,0.3005654662847519,0.19736932218074799
1706696146741,0.30138838291168213,0.193287692964077
1706696146750,0.2983601689338684,0.1884593665599823
1706696146761,0.29744952917099,0.18558833748102188
1706696146774,0.2940303832292557,0.18496090173721313
1706696146783,0.2923503518104553,0.17949985712766647
1706696146795,0.2685663402080536,0.1816980540752411
1706696146806,0.18948675692081451,0.20254360139369965
1706696146817,0.1736028641462326,0.2008671537041664
1706696146828,0.17065032571554184,0.20017993450164795
1706696146871,0.17115947604179382,0.20410992950201035
1706696146872,0.1708548218011856,0.20721615850925446
1706696146873,0.1701257973909378,0.20725494623184204
1706696146894,0.16937097162008286,0.20529136061668396
1706696146895,0.1697014644742012,0.2021551877260208
1706696146909,0.17057257890701294,0.20491642504930496
1706696146917,0.17103543132543564,0.20440201461315155
1706696146928,0.16745517402887344,0.20371469110250473
1706696146940,0.17030736804008484,0.20111170411109924
1706696146951,0.2302955612540245,0.2504044249653816
1706696146962,0.28634312748908997,0.30628372728824615
1706696146973,0.3860378861427307,0.4079394191503525
1706696146984,0.5039815902709961,0.5328657031059265
1706696146995,0.5280972123146057,0.5697820782661438
1706696147042,0.5381514430046082,0.5806315243244171
1706696147043,0.5379086434841156,0.5816888213157654
1706696147058,0.5358982086181641,0.5934027135372162
1706696147062,0.5385308265686035,0.5985587239265442
1706696147074,0.5414248108863831,0.5984605848789215
1706696147085,0.5402227640151978,0.5972528457641602
1706696147095,0.5388529300689697,0.5945397615432739
1706696147107,0.538251131772995,0.5887778103351593
1706696147117,0.5398158133029938,0.592099666595459
1706696147129,0.5395301580429077,0.5937521159648895
1706696147140,0.5393518805503845,0.6016541719436646
1706696147151,0.5379989147186279,0.6026541590690613
1706696147186,0.5379275977611542,0.6015837490558624
1706696147201,0.5360615253448486,0.6003932058811188
1706696147207,0.5288850665092468,0.59141805768013
1706696147217,0.5230799913406372,0.5662996470928192
1706696147228,0.519959568977356,0.5568150877952576
1706696147239,0.5186372697353363,0.5587323009967804
1706696147250,0.5175434052944183,0.554481565952301
1706696147261,0.5179004073143005,0.5583783090114594
1706696147272,0.5203706324100494,0.5494477450847626
1706696147284,0.5205435454845428,0.5560319721698761
1706696147295,0.5213479697704315,0.5585918128490448
1706696147330,0.5216572880744934,0.5586311519145966
1706696147331,0.5204768776893616,0.5531742870807648
1706696147339,0.5171531140804291,0.5520501434803009
1706696147350,0.5186346769332886,0.5583796501159668
1706696147362,0.5195448994636536,0.5574970543384552
1706696147373,0.5210807621479034,0.5612568557262421
1706696147383,0.5190597027540207,0.555050790309906
1706696147395,0.5203178822994232,0.5561243891716003
1706696147406,0.5209281742572784,0.5472412109375
1706696147417,0.5224693119525909,0.5516539514064789
1706696147428,0.5187938809394836,0.551923394203186
1706696147440,0.5163885354995728,0.5613788068294525
1706696147480,0.5163715481758118,0.5575385689735413
1706696147481,0.5190359950065613,0.5611995458602905
1706696147484,0.5187599658966064,0.5564016997814178
1706696147498,0.5171476006507874,0.5502790212631226
1706696147507,0.5169910341501236,0.5602054595947266
1706696147517,0.5183423906564713,0.5610269010066986
1706696147528,0.5183142274618149,0.5616454482078552
1706696147540,0.5208218097686768,0.5559394657611847
1706696147551,0.5213598310947418,0.5569472014904022
1706696147562,0.5232823193073273,0.557692140340805
1706696147573,0.5248280763626099,0.5569765567779541
1706696147583,0.5239875614643097,0.553106039762497
1706696147594,0.5215023756027222,0.5503747165203094
1706696147605,0.5208492875099182,0.5509359836578369
1706696147617,0.5199732482433319,0.5583716928958893
1706696147653,0.5200639963150024,0.5739492774009705
1706696147654,0.5193773955106735,0.5916049480438232
1706696147667,0.5175773203372955,0.6163994073867798
1706696147672,0.5157505422830582,0.6166410446166992
1706696147683,0.5152198970317841,0.6196655333042145
1706696147694,0.5153448283672333,0.6196856200695038
1706696147706,0.5139747560024261,0.6247146725654602
1706696147717,0.5139616131782532,0.6214300394058228
1706696147728,0.5139896422624588,0.6193617582321167
1706696147739,0.5187954604625702,0.6057546734809875
1706696147750,0.5264296233654022,0.5242796838283539
1706696147761,0.5290434658527374,0.4568445235490799
1706696147799,0.5265635251998901,0.34533628821372986
1706696147806,0.5144947171211243,0.23044727742671967
1706696147817,0.5116412937641144,0.22175399959087372
1706696147828,0.5112082362174988,0.2213818058371544
1706696147840,0.5117928385734558,0.22150607407093048
1706696147850,0.5148713290691376,0.229161836206913
1706696147861,0.5143446028232574,0.22794339060783386
1706696147873,0.5133117437362671,0.22705921530723572
1706696147884,0.5119339972734451,0.22408173978328705
1706696147895,0.5113650858402252,0.22250185906887054
1706696147906,0.5106404572725296,0.21952176839113235
1706696147945,0.5119766891002655,0.22136519104242325
1706696147946,0.513589009642601,0.22372009605169296
1706696147949,0.5053611695766449,0.21557096391916275
1706696147961,0.5035623013973236,0.20997128635644913
1706696147972,0.501260295510292,0.2072947397828102
1706696147983,0.5016409456729889,0.20910970121622086
1706696147994,0.5006031841039658,0.2101932317018509
1706696148005,0.500551700592041,0.20724129676818848
1706696148016,0.5009749531745911,0.20286275446414948
1706696148028,0.501764178276062,0.20277363061904907
1706696148039,0.5022735446691513,0.20318924635648727
1706696148050,0.5005787014961243,0.2050509825348854
1706696148061,0.49975986778736115,0.20486688613891602
1706696148072,0.4768455922603607,0.20388825237751007
1706696148115,0.4009738117456436,0.2052106410264969
1706696148116,0.3431062251329422,0.20408108830451965
1706696148134,0.20042947679758072,0.22483957558870316
1706696148142,0.20081327855587006,0.22802220284938812
1706696148151,0.20071391761302948,0.23193243145942688
1706696148161,0.20253879576921463,0.23522257059812546
1706696148172,0.20183923840522766,0.23529814183712006
1706696148183,0.20036498457193375,0.23274188488721848
1706696148194,0.19990264624357224,0.23112505674362183
1706696148206,0.1985269859433174,0.23353640735149384
1706696148217,0.19900128990411758,0.2359953597187996
1706696148228,0.1991083174943924,0.2340276688337326
1706696148266,0.19872328639030457,0.2309221476316452
1706696148273,0.22766613960266113,0.2152770385146141
1706696148283,0.26548971235752106,0.21410339325666428
1706696148296,0.27181027829647064,0.2117789387702942
1706696148306,0.2743896245956421,0.2150307148694992
1706696148317,0.2736074775457382,0.21255438774824142
1706696148327,0.27429383993148804,0.21381597965955734
1706696148338,0.273431733250618,0.2122858539223671
1706696148349,0.2745912969112396,0.21691570430994034
1706696148360,0.27401837706565857,0.216495580971241
1706696148372,0.2742231637239456,0.21551357954740524
1706696148414,0.2751905471086502,0.2180630788207054
1706696148415,0.2780207246541977,0.23161033540964127
1706696148416,0.279230073094368,0.23010195791721344
1706696148430,0.2816394120454788,0.23931410908699036
1706696148438,0.2949840873479843,0.26943594962358475
1706696148448,0.3083648085594177,0.31838756799697876
1706696148459,0.3450568616390228,0.4430103898048401
1706696148470,nan,nan
1706696148480,nan,nan
1706696148492,nan,nan
1706696148504,nan,nan
1706696148514,nan,nan
1706696148552,nan,nan
1706696148553,nan,nan
1706696148557,nan,nan
1706696148576,nan,nan
1706696148579,nan,nan
1706696148591,nan,nan
1706696148601,nan,nan
1706696148619,nan,nan
1706696148639,nan,nan
1706696148649,nan,nan
1706696148661,nan,nan
1706696148673,nan,nan
1706696148707,nan,nan
1706696148708,nan,nan
1706696148714,nan,nan
1706696148726,nan,nan
1706696148739,nan,nan
1706696148748,nan,nan
1706696148760,nan,nan
1706696148772,nan,nan
1706696148781,nan,nan
1706696148793,nan,nan
1706696148805,nan,nan
1706696148815,nan,nan
1706696148827,nan,nan
1706696148873,nan,nan
1706696148888,nan,nan
1706696148894,nan,nan
1706696148906,nan,nan
1706696148915,nan,nan
1706696148927,nan,nan
1706696148938,nan,nan
1706696148948,nan,nan
1706696148960,nan,nan
1706696148972,nan,nan
1706696148982,nan,nan
1706696149015,nan,nan
1706696149017,nan,nan
1706696149032,nan,nan
1706696149039,nan,nan
1706696149050,nan,nan
1706696149062,nan,nan
1706696149072,nan,nan
1706696149083,nan,nan
1706696149093,nan,nan
1706696149111,nan,nan
1706696149156,nan,nan
1706696149158,nan,nan
1706696149163,nan,nan
1706696149180,nan,nan
1706696149184,nan,nan
1706696149197,nan,nan
1706696149208,nan,nan
1706696149218,nan,nan
1706696149231,nan,nan
1706696149242,nan,nan
1706696149252,nan,nan
1706696149264,nan,nan
1706696149275,nan,nan
1706696149311,nan,nan
1706696149313,nan,nan
1706696149318,nan,nan
1706696149336,nan,nan
1706696149342,nan,nan
1706696149352,nan,nan
1706696149363,nan,nan
1706696149375,nan,nan
1706696149385,nan,nan
1706696149396,nan,nan
1706696149409,nan,nan
1706696149419,nan,nan
1706696149430,nan,nan
1706696149442,nan,nan
1706696149478,nan,nan
1706696149479,nan,nan
1706696149486,nan,nan
1706696149504,nan,nan
1706696149519,nan,nan
1706696149530,nan,nan
1706696149541,nan,nan
1706696149553,nan,nan
1706696149564,nan,nan
1706696149575,nan,nan
1706696149614,nan,nan
1706696149619,nan,nan
1706696149632,nan,nan
1706696149643,nan,nan
1706696149651,nan,nan
1706696149662,nan,nan
1706696149680,nan,nan
1706696149701,nan,nan
1706696149746,nan,nan
1706696149747,nan,nan
1706696149764,0.4430631846189499,0.6015522181987762
1706696149768,0.46252985298633575,0.6141205430030823
1706696149780,0.4684053957462311,0.6089717745780945
1706696149791,0.45455287396907806,0.6172855794429779
1706696149802,0.45318153500556946,0.617611289024353
1706696149813,0.46251268684864044,0.5998406708240509
1706696149825,0.4667206108570099,0.5816235840320587
1706696149836,0.4715615063905716,0.5871855318546295
1706696149847,0.47294846177101135,0.5922493040561676
1706696149858,0.4747786670923233,0.5959190428256989
1706696149881,0.47124677896499634,0.5869565308094025
1706696149909,0.47203026711940765,0.586289793252945
1706696149910,0.4682425409555435,0.5847725570201874
1706696149914,0.4641481786966324,0.581939309835434
1706696149937,0.4636754244565964,0.5742550492286682
1706696149947,0.46306881308555603,0.5729564726352692
1706696149958,0.46287719905376434,0.5731891691684723
1706696149969,0.4611964076757431,0.5702957808971405
1706696149981,0.46026237308979034,0.5707060396671295
1706696149992,0.4609631299972534,0.5688060820102692
1706696150003,0.46105921268463135,0.5705554187297821
1706696150014,0.4627049118280411,0.570353776216507
1706696150024,0.46084675192832947,0.5707577764987946
1706696150035,0.4644366353750229,0.5738093256950378
1706696150073,0.4656083434820175,0.5664411783218384
1706696150074,0.46527352929115295,0.5617713332176208
1706696150080,0.45957058668136597,0.5694381296634674
1706696150091,0.4106091558933258,0.5722357630729675
1706696150102,0.3693718910217285,0.5620410740375519
1706696150113,0.2963816374540329,0.5514867603778839
1706696150124,0.1926233395934105,0.5615776479244232
1706696150135,0.17397721111774445,0.5625348389148712
1706696150147,0.17109527438879013,0.562804788351059
1706696150158,0.16705843806266785,0.5578954219818115
1706696150169,0.16643796861171722,0.5579950213432312
1706696150180,0.16677465289831161,0.5590904057025909
1706696150215,0.16734226793050766,0.5625551640987396
1706696150216,0.1664087325334549,0.5634331703186035
1706696150232,0.1669643670320511,0.5576901733875275
1706696150235,0.16666509211063385,0.5545090734958649
1706696150248,0.16340073198080063,0.5526131987571716
1706696150258,0.16017401963472366,0.5501985549926758
1706696150269,0.15801404416561127,0.5517043471336365
1706696150280,0.15975750982761383,0.553297609090805
1706696150291,0.160823293030262,0.5531105101108551
1706696150302,0.1655019447207451,0.553852915763855
1706696150314,0.16930558532476425,0.559880256652832
1706696150350,0.1743936538696289,0.5672617256641388
1706696150351,0.1742657944560051,0.5661087334156036
1706696150358,0.1739359200000763,0.5662367045879364
1706696150369,0.17293572425842285,0.5684077739715576
1706696150381,0.17176274210214615,0.5682182908058167
1706696150391,0.17097816616296768,0.5689055025577545
1706696150401,0.16939108073711395,0.5673202574253082
1706696150413,0.16746725887060165,0.5702736675739288
1706696150424,0.1661374717950821,0.5671594142913818
1706696150435,0.16647030413150787,0.571022629737854
1706696150446,0.17029494792222977,0.5719417631626129
1706696150457,0.17307382076978683,0.572385311126709
1706696150477,0.17243772000074387,0.5669033229351044
1706696150499,0.17125756293535233,0.5685812532901764
1706696150502,0.1707668974995613,0.5698503255844116
1706696150515,0.17052871733903885,0.568853497505188
1706696150524,0.17122802883386612,0.5720507502555847
1706696150535,0.1715453416109085,0.5735315382480621
1706696150546,0.20533961057662964,0.5705398917198181
1706696150557,0.32670120894908905,0.5475227534770966
1706696150568,0.3886294513940811,0.5449588000774384
1706696150580,0.4378896951675415,0.5383597910404205
1706696150591,0.47141796350479126,0.5445671081542969
1706696150631,0.4724888801574707,0.5471156239509583
1706696150632,0.47369013726711273,0.5499472916126251
1706696150635,0.47239984571933746,0.5550135970115662
1706696150649,0.471907377243042,0.5565258860588074
1706696150657,0.47132594883441925,0.554411381483078
1706696150669,0.4705313444137573,0.5573702752590179
1706696150680,0.46986672282218933,0.5592657625675201
1706696150691,0.4711686074733734,0.5604275763034821
1706696150702,0.47275784611701965,0.5581642985343933
1706696150713,0.47168953716754913,0.5619269907474518
1706696150724,0.47071370482444763,0.5637609958648682
1706696150735,0.4703122675418854,0.5678432881832123
1706696150747,0.4696030020713806,0.563145101070404
1706696150765,0.46914662420749664,0.5662217438220978
1706696150786,0.47115036845207214,0.5654082000255585
1706696150791,0.4717921018600464,0.5656715035438538
1706696150805,0.4706045240163803,0.5643495321273804
1706696150813,0.4718296676874161,0.5522284209728241
1706696150825,0.47283102571964264,0.5572924613952637
1706696150835,0.4747066795825958,0.5603431165218353
1706696150846,0.47402743995189667,0.5669292211532593
1706696150857,0.4738517254590988,0.5673736333847046
1706696150868,0.472983717918396,0.5707172155380249
1706696150880,0.4739866405725479,0.5721545815467834
1706696150891,0.47198888659477234,0.5686499178409576
1706696150902,0.47220371663570404,0.5645136833190918
1706696150934,0.47354309260845184,0.567404568195343
1706696150935,0.47484008967876434,0.5726742744445801
1706696150954,0.4745305925607681,0.5713832378387451
1706696150956,0.47431303560733795,0.5702236592769623
1706696150969,0.47416089475154877,0.5722294747829437
1706696150979,0.47441913187503815,0.5722453594207764
1706696150990,0.4760279804468155,0.5697208344936371
1706696151001,0.4769246429204941,0.5727412402629852
1706696151012,0.47508546710014343,0.5730391144752502
1706696151023,0.468922883272171,0.582514077425003
1706696151035,0.4664834886789322,0.5805653631687164
1706696151046,0.4686376750469208,0.5815392434597015
1706696151085,0.47150084376335144,0.5883724391460419
1706696151091,0.4692186862230301,0.5917630195617676
1706696151104,0.46870461106300354,0.5918023586273193
1706696151113,0.4708263576030731,0.5939989686012268
1706696151124,0.4694523513317108,0.5944949686527252
1706696151135,0.4685318171977997,0.5979751646518707
1706696151146,0.46673882007598877,0.5923449099063873
1706696151156,0.46663297712802887,0.5927209854125977
1706696151168,0.4666869193315506,0.5883035957813263
1706696151179,0.4677194207906723,0.5859909057617188
1706696151190,0.46730513870716095,0.5856815278530121
1706696151202,0.4651336222887039,0.5841726064682007
1706696151233,0.46464109420776367,0.5884734988212585
1706696151235,0.46567346155643463,0.587571531534195
1706696151250,0.46641314029693604,0.5869428217411041
1706696151257,0.46751801669597626,0.5924229323863983
1706696151270,0.4674990326166153,0.598582923412323
1706696151280,0.46838147938251495,0.6017396152019501
1706696151290,0.46628621220588684,0.6010273694992065
1706696151302,0.4659738093614578,0.5982262790203094
1706696151313,0.45966988801956177,0.5924852192401886
1706696151324,0.39155517518520355,0.5882751643657684
1706696151335,0.3620416671037674,0.5831156373023987
1706696151345,0.277027890086174,0.5842060744762421
1706696151383,0.18320009857416153,0.5956111550331116
1706696151384,0.17909137904644012,0.594224750995636
1706696151390,0.18094545602798462,0.5946460664272308
1706696151401,0.17944680899381638,0.593082994222641
1706696151413,0.17969591915607452,0.5896677076816559
1706696151423,0.18137481808662415,0.5894062221050262
1706696151434,0.18272878229618073,0.589044839143753
1706696151446,0.18241402506828308,0.5935833752155304
1706696151457,0.17785466462373734,0.5914464294910431
1706696151468,0.17723045498132706,0.5928646624088287
1706696151479,0.1774466186761856,0.5897408425807953
1706696151490,0.1802031621336937,0.5909830331802368
1706696151512,0.18072642385959625,0.5929728448390961
1706696151533,0.1812049224972725,0.5954218506813049
1706696151534,0.1797935590147972,0.6007323861122131
1706696151549,0.17878061532974243,0.6005785167217255
1706696151557,0.17718715220689774,0.5979501008987427
1706696151568,0.1757267788052559,0.5951983034610748
1706696151579,0.17714747041463852,0.5986250638961792
1706696151590,0.17759086191654205,0.5987884104251862
1706696151601,0.17925184965133667,0.598467230796814
1706696151613,0.1776430755853653,0.5988955497741699
1706696151624,0.17869507521390915,0.5951739251613617
1706696151634,0.17982283979654312,0.595131903886795
1706696151646,0.21496260911226273,0.6158109307289124
1706696151683,0.31238338351249695,0.6962903141975403
1706696151684,0.37625493109226227,0.7562683820724487
1706696151688,nan,nan
1706696151699,nan,nan
1706696151710,nan,nan
1706696151721,nan,nan
1706696151732,nan,nan
1706696151743,nan,nan
1706696151754,nan,nan
1706696151765,nan,nan
1706696151776,nan,nan
1706696151785,nan,nan
1706696151811,nan,nan
1706696151832,nan,nan
1706696151834,nan,nan
1706696151847,nan,nan
1706696151856,nan,nan
1706696151867,nan,nan
1706696151879,nan,nan
1706696151889,nan,nan
1706696151901,nan,nan
1706696151918,nan,nan
1706696151933,nan,nan
1706696151944,nan,nan
1706696151983,nan,nan
1706696151984,nan,nan
1706696151989,nan,nan
1706696152000,nan,nan
1706696152011,nan,nan
1706696152022,nan,nan
1706696152033,nan,nan
1706696152044,nan,nan
1706696152055,nan,nan
1706696152067,nan,nan
1706696152078,nan,nan
1706696152087,nan,nan
1706696152110,nan,nan
1706696152131,nan,nan
1706696152132,nan,nan
1706696152147,nan,nan
1706696152154,nan,nan
1706696152166,nan,nan
1706696152177,nan,nan
1706696152188,nan,nan
1706696152199,nan,nan
1706696152210,nan,nan
1706696152221,nan,nan
1706696152233,nan,nan
1706696152267,nan,nan
1706696152284,nan,nan
1706696152288,nan,nan
1706696152299,nan,nan
1706696152311,nan,nan
1706696152322,nan,nan
1706696152333,nan,nan
1706696152344,nan,nan
1706696152355,nan,nan
1706696152367,nan,nan
1706696152378,0.7888526916503906,0.8492487072944641
1706696152418,0.7888526916503906,0.8492487072944641
1706696152420,0.7888526916503906,0.8492487072944641
1706696152422,nan,nan
1706696152437,nan,nan
1706696152444,nan,nan
1706696152456,nan,nan
1706696152468,nan,nan
1706696152479,0.15890533477067947,0.5651285350322723
1706696152489,0.15890533477067947,0.5651285350322723
1706696152501,0.15890533477067947,0.5651285350322723
1706696152512,0.1443762481212616,0.5477514863014221
1706696152523,0.1443762481212616,0.5477514863014221
1706696152534,0.1443762481212616,0.5477514863014221
1706696152567,0.14087870717048645,0.5210816562175751
1706696152568,0.12345040962100029,0.5142552554607391
1706696152586,0.12363407388329506,0.5178900957107544
1706696152590,0.11975617706775665,0.516984224319458
1706696152602,0.12022986263036728,0.5179187208414078
1706696152614,0.11960063129663467,0.5192614197731018
1706696152624,0.12295133993029594,0.5162137746810913
1706696152635,0.12345251068472862,0.5126242935657501
1706696152646,0.1272038035094738,0.5154367387294769
1706696152657,0.18952270597219467,0.5145282596349716
1706696152669,0.2615891695022583,0.5217961966991425
1706696152680,0.36039479076862335,0.5258508622646332
1706696152719,0.45399026572704315,0.5330384373664856
1706696152724,0.47364194691181183,0.5456827282905579
1706696152738,0.4740033596754074,0.5475188493728638
1706696152746,0.4742293506860733,0.537440836429596
1706696152758,0.4758702665567398,0.541467547416687
1706696152769,0.47611841559410095,0.5382878482341766
1706696152780,0.47447527945041656,0.54666668176651
1706696152791,0.47490687668323517,0.5457202196121216
1706696152802,0.47725118696689606,0.5475607812404633
1706696152813,0.47486795485019684,0.5475961267948151
1706696152824,0.4751908630132675,0.5493771433830261
1706696152835,0.47640688717365265,0.5501030385494232
1706696152868,0.47907717525959015,0.5478219389915466
1706696152869,0.4789014160633087,0.5488055646419525
1706696152886,0.4736380875110626,0.5590629875659943
1706696152890,0.47186364233493805,0.5666118264198303
1706696152901,0.47156110405921936,0.5599132776260376
1706696152912,0.48830968141555786,0.5746674239635468
1706696152923,0.5841548144817352,0.6148441135883331
1706696152935,0.6458255052566528,0.6545159220695496
1706696152945,0.709485799074173,0.6673811972141266
1706696152955,0.8356285095214844,0.8538981080055237
1706696152967,nan,nan
1706696152978,nan,nan
1706696153019,nan,nan
1706696153022,nan,nan
1706696153037,nan,nan
1706696153043,nan,nan
1706696153053,nan,nan
1706696153072,nan,nan
1706696153090,nan,nan
1706696153101,nan,nan
1706696153113,nan,nan
1706696153122,nan,nan
1706696153135,nan,nan
1706696153169,nan,nan
1706696153170,nan,nan
1706696153186,nan,nan
1706696153189,nan,nan
1706696153203,nan,nan
1706696153212,nan,nan
1706696153222,nan,nan
1706696153234,nan,nan
1706696153245,nan,nan
1706696153255,nan,nan
1706696153268,nan,nan
1706696153302,nan,nan
1706696153303,nan,nan
1706696153318,nan,nan
1706696153323,nan,nan
1706696153335,nan,nan
1706696153346,nan,nan
1706696153356,nan,nan
1706696153368,nan,nan
1706696153379,nan,nan
1706696153389,nan,nan
1706696153401,nan,nan
1706696153412,nan,nan
1706696153451,nan,nan
1706696153452,nan,nan
1706696153456,nan,nan
1706696153468,nan,nan
1706696153479,nan,nan
1706696153489,nan,nan
1706696153502,nan,nan
1706696153513,nan,nan
1706696153522,nan,nan
1706696153535,nan,nan
1706696153546,nan,nan
1706696153556,nan,nan
1706696153569,nan,nan
1706696153600,nan,nan
1706696153601,nan,nan
1706696153616,nan,nan
1706696153623,nan,nan
1706696153635,nan,nan
1706696153654,nan,nan
1706696153669,nan,nan
1706696153679,nan,nan
1706696153692,nan,nan
1706696153704,nan,nan
1706696153737,nan,nan
1706696153738,nan,nan
1706696153756,nan,nan
1706696153759,nan,nan
1706696153771,nan,nan
1706696153782,0.5116008222103119,0.6459750235080719
1706696153793,0.5089688152074814,0.6357555985450745
1706696153806,0.5079728364944458,0.6413737535476685
1706696153816,0.5057057589292526,0.6435495018959045
1706696153826,0.5045894682407379,0.6465899646282196
1706696153838,0.5031429976224899,0.6393253207206726
1706696153849,0.49139338731765747,0.6182054579257965
1706696153888,0.4714500904083252,0.5972684025764465
1706696153894,0.46681173145771027,0.5931049585342407
1706696153907,0.4653020203113556,0.5942219495773315
1706696153916,0.46517348289489746,0.5928124189376831
1706696153927,0.46303971111774445,0.5881755948066711
1706696153938,0.4634735435247421,0.5873427391052246
1706696153949,0.4641023874282837,0.5900343656539917
1706696153960,0.4641791582107544,0.5934758484363556
1706696153972,0.46558724343776703,0.5944877862930298
1706696153983,0.46456480026245117,0.5942080914974213
1706696153994,0.46345239877700806,0.5949047207832336
1706696154037,0.460908904671669,0.5934002995491028
1706696154038,0.4626987874507904,0.593258261680603
1706696154054,0.4632902592420578,0.5960634648799896
1706696154061,0.5062842816114426,0.613869309425354
1706696154071,0.5195854306221008,0.6185550391674042
1706696154081,0.5501027703285217,0.616894394159317
1706696154092,nan,nan
1706696154103,nan,nan
1706696154114,nan,nan
1706696154125,nan,nan
1706696154136,nan,nan
1706696154147,nan,nan
1706696154188,nan,nan
1706696154189,nan,nan
1706696154190,nan,nan
1706696154205,nan,nan
1706696154220,nan,nan
1706696154239,nan,nan
1706696154250,nan,nan
1706696154261,nan,nan
1706696154272,nan,nan
1706696154283,nan,nan
1706696154293,nan,nan
1706696154314,nan,nan
1706696154339,nan,nan
1706696154340,nan,nan
1706696154356,nan,nan
1706696154360,nan,nan
1706696154373,nan,nan
1706696154383,nan,nan
1706696154392,nan,nan
1706696154405,nan,nan
1706696154416,nan,nan
1706696154426,nan,nan
1706696154438,nan,nan
1706696154450,nan,nan
1706696154485,nan,nan
1706696154492,nan,nan
1706696154505,nan,nan
1706696154517,nan,nan
1706696154526,nan,nan
1706696154539,nan,nan
1706696154550,nan,nan
1706696154560,nan,nan
1706696154572,nan,nan
1706696154583,nan,nan
1706696154593,nan,nan
1706696154635,nan,nan
1706696154636,nan,nan
1706696154638,nan,nan
1706696154650,nan,nan
1706696154660,nan,nan
1706696154672,nan,nan
1706696154683,nan,nan
1706696154694,nan,nan
1706696154706,nan,nan
1706696154717,nan,nan
1706696154727,nan,nan
1706696154739,nan,nan
1706696154750,nan,nan
1706696154786,nan,nan
1706696154787,nan,nan
1706696154793,nan,nan
1706696154805,nan,nan
1706696154816,nan,nan
1706696154827,nan,nan
1706696154839,nan,nan
1706696154849,nan,nan
1706696154860,nan,nan
1706696154872,nan,nan
1706696154883,nan,nan
1706696154920,nan,nan
1706696154922,nan,nan
1706696154926,nan,nan
1706696154939,nan,nan
1706696154951,nan,nan
1706696154959,nan,nan
1706696154972,nan,nan
1706696154983,nan,nan
1706696154992,nan,nan
1706696155005,nan,nan
1706696155017,nan,nan
1706696155026,nan,nan
1706696155039,nan,nan
1706696155071,nan,nan
1706696155072,nan,nan
1706696155088,nan,nan
1706696155093,nan,nan
1706696155106,nan,nan
1706696155117,nan,nan
1706696155125,nan,nan
1706696155138,nan,nan
1706696155149,nan,nan
1706696155159,nan,nan
1706696155200,nan,nan
1706696155201,nan,nan
1706696155204,nan,nan
1706696155217,nan,nan
1706696155226,nan,nan
1706696155238,nan,nan
1706696155249,nan,nan
1706696155260,nan,nan
1706696155271,nan,nan
1706696155283,nan,nan
1706696155293,nan,nan
1706696155305,nan,nan
1706696155316,nan,nan
1706696155352,nan,nan
1706696155353,nan,nan
1706696155368,nan,nan
1706696155371,nan,nan
1706696155384,nan,nan
1706696155393,nan,nan
1706696155405,nan,nan
1706696155416,nan,nan
1706696155426,nan,nan
1706696155439,nan,nan
1706696155449,nan,nan
1706696155488,nan,nan
1706696155489,nan,nan
1706696155494,nan,nan
1706696155504,nan,nan
1706696155515,nan,nan
1706696155526,nan,nan
1706696155538,nan,nan
1706696155549,nan,nan
1706696155558,nan,nan
1706696155571,nan,nan
1706696155583,nan,nan
1706696155592,nan,nan
1706696155604,nan,nan
1706696155637,nan,nan
1706696155638,nan,nan
1706696155654,nan,nan
1706696155658,nan,nan
1706696155672,nan,nan
1706696155682,nan,nan
1706696155692,nan,nan
1706696155704,nan,nan
1706696155716,nan,nan
1706696155725,nan,nan
1706696155738,nan,nan
1706696155774,nan,nan
1706696155775,nan,nan
1706696155783,nan,nan
1706696155792,nan,nan
1706696155806,nan,nan
1706696155816,nan,nan
1706696155826,nan,nan
1706696155837,nan,nan
1706696155849,nan,nan
1706696155859,nan,nan
1706696155871,nan,nan
1706696155882,nan,nan
1706696155900,nan,nan
1706696155921,nan,nan
1706696155925,nan,nan
1706696155940,nan,nan
1706696155948,nan,nan
1706696155959,nan,nan
1706696155971,nan,nan
1706696155982,nan,nan
1706696155992,nan,nan
1706696156005,nan,nan
1706696156053,nan,nan
1706696156054,nan,nan
1706696156059,nan,nan
1706696156070,nan,nan
1706696156082,nan,nan
1706696156092,nan,nan
1706696156104,nan,nan
1706696156114,nan,nan
1706696156131,nan,nan
1706696156152,nan,nan
1706696156186,nan,nan
1706696156187,nan,nan
1706696156203,nan,nan
1706696156207,nan,nan
1706696156219,0.4720529615879059,0.6254020929336548
1706696156230,0.4853406250476837,0.6226983368396759
1706696156242,0.49064143002033234,0.6270677745342255
1706696156252,0.508662760257721,0.656973123550415
1706696156263,0.5094820857048035,0.6537636518478394
1706696156274,0.5079939961433411,0.6497251987457275
1706696156285,0.5103937983512878,0.6507918238639832
1706696156296,0.504613995552063,0.6389995813369751
1706696156339,0.49592503905296326,0.6161917448043823
1706696156341,0.471604585647583,0.6232354044914246
1706696156357,0.4730701297521591,0.6157857477664948
1706696156365,0.4723491817712784,0.6109283268451691
1706696156375,0.4679812639951706,0.6060903966426849
1706696156385,0.46831509470939636,0.6055020093917847
1706696156397,0.46791602671146393,0.5912192463874817
1706696156408,0.46913842856884,0.5899669229984283
1706696156419,0.4680137485265732,0.5899570286273956
1706696156430,0.46916477382183075,0.5843274891376495
1706696156441,0.46664680540561676,0.5841626822948456
1706696156453,0.46746379137039185,0.5844612121582031
1706696156490,0.46530985832214355,0.5818957686424255
1706696156491,0.46578356623649597,0.5830569863319397
1706696156497,0.46554630994796753,0.5788969099521637
1706696156508,0.4653376191854477,0.5767046213150024
1706696156521,0.4650156646966934,0.575735330581665
1706696156530,0.4662332981824875,0.5758394300937653
1706696156542,0.46356426179409027,0.5736447274684906
1706696156553,0.4664321541786194,0.5690988302230835
1706696156564,0.4654991328716278,0.5653625428676605
1706696156575,0.46744565665721893,0.5654894709587097
1706696156586,0.4645300954580307,0.5672262907028198
1706696156597,0.46520960330963135,0.5698274374008179
1706696156637,0.4646529257297516,0.5704711973667145
1706696156638,0.4656909853219986,0.570231169462204
1706696156641,0.4633835256099701,0.5677794218063354
1706696156653,0.4641146808862686,0.5677793025970459
1706696156663,0.46460145711898804,0.5675829350948334
1706696156674,0.46349143981933594,0.563273549079895
1706696156685,0.4609583020210266,0.5628989636898041
1706696156696,0.46088993549346924,0.5631725490093231
1706696156708,0.4616924971342087,0.5663043856620789
1706696156719,0.4638289362192154,0.5609880983829498
1706696156730,0.464314341545105,0.5605613887310028
1706696156741,0.4650128036737442,0.5594704449176788
1706696156752,0.4660443514585495,0.5596005022525787
1706696156788,0.4658217132091522,0.5581480860710144
1706696156789,0.46380043029785156,0.5570876002311707
1706696156804,0.4619888961315155,0.5606276094913483
1706696156808,0.464305579662323,0.5600248575210571
1706696156820,0.4680396467447281,0.5569859147071838
1706696156830,0.4672762602567673,0.5606777966022491
1706696156841,0.465427428483963,0.5525014698505402
1706696156852,0.4630624055862427,0.5558678209781647
1706696156864,0.46486732363700867,0.5542428195476532
1706696156875,0.465228334069252,0.5593834221363068
1706696156886,0.46140633523464203,0.5594139993190765
1706696156897,0.4022163450717926,0.5631662905216217
1706696156936,0.3849698156118393,0.5614953935146332
1706696156937,0.2786758095026016,0.5651722550392151
1706696156941,0.15422797203063965,0.581897646188736
1706696156952,0.15024548023939133,0.5809083580970764
1706696156965,0.15099003165960312,0.5830845236778259
1706696156975,0.14875246584415436,0.5836452543735504
1706696156986,0.14786405861377716,0.5850803852081299
1706696156996,0.14675560593605042,0.5816962122917175
1706696157007,0.14477097243070602,0.5803834795951843
1706696157018,0.14239097386598587,0.5781184434890747
1706696157029,0.1401759684085846,0.5784188210964203
1706696157041,0.1408127024769783,0.5762037932872772
1706696157052,0.14205654710531235,0.5755671262741089
1706696157087,0.14167470484972,0.5780225992202759
1706696157088,0.14203043282032013,0.5812884271144867
1706696157103,0.13710705190896988,0.5730434060096741
1706696157107,0.13390250504016876,0.5721463263034821
1706696157120,0.13278485462069511,0.5760572552680969
1706696157130,0.1343565471470356,0.5786180198192596
1706696157141,0.1347341127693653,0.5760857462882996
1706696157153,0.13176511228084564,0.5730330049991608
1706696157163,0.12992383912205696,0.5707437098026276
1706696157175,0.12992674484848976,0.5713035464286804
1706696157186,0.1307285688817501,0.5733539164066315
1706696157221,0.14239393174648285,0.5773948729038239
1706696157229,0.5298077464103699,0.8959803283214569
1706696157239,0.6204735636711121,0.9876790642738342
1706696157251,0.6204735636711121,0.9876790642738342
1706696157261,nan,nan
1706696157273,nan,nan
1706696157283,nan,nan
1706696157294,nan,nan
1706696157306,nan,nan
1706696157317,nan,nan
1706696157328,nan,nan
1706696157338,nan,nan
1706696157374,nan,nan
1706696157382,nan,nan
1706696157393,nan,nan
1706696157405,nan,nan
1706696157415,nan,nan
1706696157427,nan,nan
1706696157438,nan,nan
1706696157449,nan,nan
1706696157460,nan,nan
1706696157471,nan,nan
1706696157482,nan,nan
1706696157522,nan,nan
1706696157527,nan,nan
1706696157540,nan,nan
1706696157549,nan,nan
1706696157560,nan,nan
1706696157571,nan,nan
1706696157582,nan,nan
1706696157593,nan,nan
1706696157605,nan,nan
1706696157615,nan,nan
1706696157627,nan,nan
1706696157638,nan,nan
1706696157674,nan,nan
1706696157682,nan,nan
1706696157694,nan,nan
1706696157707,nan,nan
1706696157716,nan,nan
1706696157727,nan,nan
1706696157738,nan,nan
1706696157750,0.698375403881073,0.5601998567581177
1706696157759,0.698375403881073,0.5601998567581177
1706696157771,0.698375403881073,0.5601998567581177
1706696157782,nan,nan
1706696157822,nan,nan
1706696157823,nan,nan
1706696157827,0.5496376156806946,0.4529899060726166
1706696157841,0.5496376156806946,0.4529899060726166
1706696157850,0.5583260655403137,0.47641870379447937
1706696157862,0.560234546661377,0.47685497999191284
1706696157873,0.5515193045139313,0.5034662187099457
1706696157884,0.5751009285449982,0.4895019829273224
1706696157896,0.5743117034435272,0.4880910813808441
1706696157907,0.5669242143630981,0.4898194223642349
1706696157918,0.5654953122138977,0.49374350905418396
1706696157929,0.5647422075271606,0.4967906028032303
1706696157940,0.5601167678833008,0.4929903596639633
1706696157975,0.5309359729290009,0.47575198113918304
1706696157993,0.4726582169532776,0.4715617001056671
1706696157996,0.46938641369342804,0.4757290929555893
1706696158008,0.4689858704805374,0.4774138927459717
1706696158018,0.4654378890991211,0.48059864342212677
1706696158029,0.4665183126926422,0.4834867864847183
1706696158041,0.46764780580997467,0.48559796810150146
1706696158051,0.4640137106180191,0.487422913312912
1706696158062,0.4625779390335083,0.49243174493312836
1706696158074,0.46159300208091736,0.49586696922779083
1706696158085,0.46286027133464813,0.4960951656103134
1706696158121,0.4628017842769623,0.5005525201559067
1706696158122,0.4640659987926483,0.502142459154129
1706696158134,0.4645485281944275,0.5058027058839798
1706696158140,0.46452757716178894,0.5057603269815445
1706696158152,0.4628419429063797,0.5082272887229919
1706696158162,0.4619455337524414,0.5135746002197266
1706696158173,0.46254459023475647,0.5195082575082779
1706696158185,0.4627905935049057,0.5208272188901901
1706696158195,0.4628598392009735,0.5182048678398132
1706696158206,0.46304553747177124,0.5176734328269958
1706696158217,0.4641580879688263,0.5174607038497925
1706696158228,0.46488404273986816,0.5184940546751022
1706696158272,0.4667957127094269,0.5188866853713989
1706696158273,0.46479007601737976,0.5173662751913071
1706696158289,0.465420126914978,0.5229710787534714
1706696158296,0.4655683785676956,0.5207539200782776
1706696158307,0.4664493799209595,0.526515394449234
1706696158318,0.4892560839653015,0.5777365267276764
1706696158327,0.5105914622545242,0.6347265839576721
1706696158338,0.569455698132515,0.7232726216316223
1706696158349,nan,nan
1706696158360,nan,nan
1706696158372,nan,nan
1706696158383,nan,nan
1706696158422,nan,nan
1706696158423,nan,nan
1706696158426,nan,nan
1706696158438,nan,nan
1706696158448,nan,nan
1706696158459,nan,nan
1706696158471,nan,nan
1706696158482,nan,nan
1706696158493,nan,nan
1706696158504,nan,nan
1706696158515,nan,nan
1706696158524,nan,nan
1706696158571,nan,nan
1706696158574,nan,nan
1706696158587,nan,nan
1706696158595,nan,nan
1706696158609,nan,nan
1706696158618,nan,nan
1706696158628,nan,nan
1706696158641,nan,nan
1706696158652,nan,nan
1706696158662,nan,nan
1706696158674,nan,nan
1706696158685,nan,nan
1706696158721,nan,nan
1706696158722,nan,nan
1706696158737,nan,nan
1706696158741,nan,nan
1706696158752,nan,nan
1706696158762,nan,nan
1706696158774,nan,nan
1706696158785,nan,nan
1706696158796,nan,nan
1706696158807,nan,nan
1706696158819,nan,nan
1706696158862,nan,nan
1706696158863,nan,nan
1706696158879,nan,nan
1706696158886,nan,nan
1706696158895,nan,nan
1706696158907,nan,nan
1706696158918,nan,nan
1706696158928,nan,nan
1706696158940,nan,nan
1706696158951,nan,nan
1706696158962,nan,nan
1706696158974,nan,nan
1706696159008,nan,nan
1706696159024,nan,nan
1706696159028,nan,nan
1706696159040,nan,nan
1706696159051,nan,nan
1706696159062,nan,nan
1706696159074,nan,nan
1706696159084,nan,nan
1706696159095,nan,nan
1706696159107,nan,nan
1706696159118,nan,nan
1706696159154,nan,nan
1706696159155,nan,nan
1706696159161,nan,nan
1706696159174,nan,nan
1706696159186,nan,nan
1706696159195,nan,nan
1706696159207,nan,nan
1706696159219,nan,nan
1706696159228,nan,nan
1706696159240,nan,nan
1706696159252,nan,nan
1706696159260,nan,nan
1706696159274,nan,nan
1706696159304,nan,nan
1706696159305,nan,nan
1706696159306,nan,nan
1706696159321,nan,nan
1706696159327,nan,nan
1706696159339,nan,nan
1706696159352,nan,nan
1706696159361,nan,nan
1706696159373,nan,nan
1706696159385,nan,nan
1706696159395,nan,nan
1706696159439,nan,nan
1706696159440,nan,nan
1706696159454,nan,nan
1706696159461,nan,nan
1706696159474,nan,nan
1706696159485,nan,nan
1706696159495,nan,nan
1706696159506,nan,nan
1706696159518,nan,nan
1706696159528,nan,nan
1706696159540,nan,nan
1706696159551,nan,nan
1706696159588,nan,nan
1706696159595,nan,nan
1706696159607,nan,nan
1706696159619,nan,nan
1706696159628,nan,nan
1706696159640,nan,nan
1706696159651,nan,nan
1706696159661,nan,nan
1706696159674,nan,nan
1706696159720,nan,nan
1706696159729,nan,nan
1706696159741,nan,nan
1706696159752,nan,nan
1706696159763,nan,nan
1706696159774,nan,nan
1706696159784,nan,nan
1706696159801,nan,nan
1706696159822,nan,nan
1706696159838,nan,nan
1706696159874,nan,nan
1706696159877,nan,nan
1706696159892,0.4545975923538208,0.6392025947570801
1706696159899,0.4602196514606476,0.6327504217624664
1706696159911,0.475132018327713,0.6339311003684998
1706696159922,0.47273750603199005,0.6288817822933197
1706696159933,0.47170664370059967,0.6224448680877686
1706696159945,0.4682984799146652,0.6145051717758179
1706696159956,0.4723544418811798,0.6128413081169128
1706696159967,0.4722634106874466,0.6131093204021454
1706696159978,0.4729092866182327,0.6176764965057373
1706696159989,0.4704626649618149,0.6123323142528534
1706696160030,0.4702671617269516,0.6007610857486725
1706696160031,0.46940210461616516,0.6001341342926025
1706696160033,0.46851779520511627,0.6004809439182281
1706696160047,0.4652215540409088,0.5946358442306519
1706696160055,0.4632328599691391,0.6007279753684998
1706696160067,0.45897455513477325,0.6013916730880737
1706696160077,0.4631630480289459,0.6024143993854523
1706696160089,0.46475768089294434,0.5965562164783478
1706696160100,0.46468693017959595,0.5913068950176239
1706696160111,0.4652020335197449,0.5936185419559479
1706696160122,0.4637651592493057,0.5924507975578308
1706696160133,0.46440185606479645,0.5956046879291534
1706696160174,0.46413350105285645,0.5954513847827911
1706696160175,0.46525895595550537,0.5922724306583405
1706696160178,0.46506884694099426,0.5907024443149567
1706696160189,0.46499697864055634,0.5911397039890289
1706696160202,0.463911697268486,0.5904301702976227
1706696160211,0.46343663334846497,0.5901395976543427
1706696160222,0.46603016555309296,0.5905825197696686
1706696160233,0.49631571769714355,0.5912117063999176
1706696160245,0.5100340843200684,0.5914459526538849
1706696160256,0.5264835059642792,0.58431077003479
1706696160267,0.5308794975280762,0.5850680768489838
1706696160278,0.5324398279190063,0.5870275497436523
1706696160289,0.5304001867771149,0.589623212814331
1706696160325,0.5322563052177429,0.5901825129985809
1706696160334,0.5311871767044067,0.5858047306537628
1706696160345,0.5293064117431641,0.5857320427894592
1706696160356,0.5318865180015564,0.5847298502922058
1706696160367,0.5309370756149292,0.5862577855587006
1706696160378,0.5313467681407928,0.5884911417961121
1706696160389,0.5325901806354523,0.584690123796463
1706696160400,0.5337600111961365,0.5877245962619781
1706696160411,0.5338030457496643,0.5853579342365265
1706696160422,0.5350736379623413,0.5860589742660522
1706696160456,0.5356610119342804,0.5800563991069794
1706696160457,0.5363263189792633,0.5811037719249725
1706696160473,0.5343776345252991,0.5862709879875183
1706696160477,0.5435997545719147,0.5858737230300903
1706696160489,0.5909261405467987,0.5831593871116638
1706696160500,0.669194906949997,0.586955189704895
1706696160511,0.7180206775665283,0.5862461030483246
1706696160522,0.7407366633415222,0.5931529998779297
1706696160533,0.7442058026790619,0.5958254635334015
1706696160544,0.7462232410907745,0.599770575761795
1706696160555,0.7447420358657837,0.598401665687561
1706696160566,0.7443925738334656,0.5958599150180817
1706696160605,0.7414152920246124,0.5946435332298279
1706696160606,0.7428120076656342,0.5958094298839569
1706696160611,0.7449637651443481,0.5953609347343445
1706696160622,0.7432782053947449,0.5920663177967072
1706696160638,0.7430089712142944,0.5946127474308014
1706696160644,0.7432155907154083,0.5968343615531921
1706696160656,0.7444738149642944,0.5988000333309174
1706696160667,0.7433125078678131,0.5967607498168945
1706696160678,0.742459237575531,0.5990328192710876
1706696160689,0.7432104051113129,0.5985489785671234
1706696160700,0.7429049015045166,0.5971086323261261
1706696160711,0.7444116175174713,0.5915929079055786
1706696160723,0.7447656393051147,0.5906369686126709
1706696160759,0.7457212209701538,0.5915970802307129
1706696160766,0.7448064386844635,0.5927709341049194
1706696160777,0.7430062890052795,0.5952804088592529
1706696160789,0.7399240732192993,0.5885295867919922
1706696160799,0.7347308099269867,0.5871894359588623
1706696160810,0.7321672141551971,0.5882346332073212
1706696160821,0.7340430319309235,0.5958868861198425
1706696160833,0.7332181036472321,0.5919700562953949
1706696160844,0.7338716983795166,0.5891552269458771
1706696160855,0.7320532500743866,0.5874093174934387
1706696160866,0.733113020658493,0.5885627865791321
1706696160906,0.733905017375946,0.5917450487613678
1706696160907,0.7331212759017944,0.5937226712703705
1706696160910,0.7328436076641083,0.5995098352432251
1706696160923,0.7455119490623474,0.6011149287223816
1706696160932,0.7589739263057709,0.6488490104675293
1706696160942,0.813456654548645,0.6304700374603271
1706696160953,nan,nan
1706696160964,nan,nan
1706696160975,nan,nan
1706696160987,nan,nan
1706696160997,nan,nan
1706696161009,nan,nan
1706696161042,nan,nan
1706696161059,nan,nan
1706696161062,nan,nan
1706696161081,nan,nan
1706696161101,nan,nan
1706696161112,nan,nan
1706696161123,nan,nan
1706696161134,nan,nan
1706696161144,nan,nan
1706696161156,nan,nan
1706696161191,nan,nan
1706696161199,nan,nan
1706696161211,nan,nan
1706696161223,nan,nan
1706696161232,nan,nan
1706696161244,nan,nan
1706696161255,nan,nan
1706696161266,nan,nan
1706696161277,nan,nan
1706696161289,nan,nan
1706696161299,nan,nan
1706696161341,nan,nan
1706696161342,nan,nan
1706696161344,nan,nan
1706696161358,nan,nan
1706696161366,nan,nan
1706696161378,nan,nan
1706696161389,nan,nan
1706696161400,nan,nan
1706696161411,nan,nan
1706696161423,nan,nan
1706696161432,nan,nan
1706696161444,nan,nan
1706696161456,nan,nan
1706696161491,nan,nan
1706696161492,nan,nan
1706696161499,nan,nan
1706696161512,nan,nan
1706696161522,nan,nan
1706696161532,nan,nan
1706696161544,nan,nan
1706696161555,nan,nan
1706696161565,nan,nan
1706696161577,nan,nan
1706696161589,nan,nan
1706696161599,nan,nan
1706696161621,nan,nan
1706696161641,nan,nan
1706696161644,nan,nan
1706696161658,nan,nan
1706696161667,nan,nan
1706696161678,nan,nan
1706696161690,nan,nan
1706696161700,nan,nan
1706696161712,nan,nan
1706696161730,nan,nan
1706696161745,nan,nan
1706696161756,nan,nan
1706696161791,nan,nan
1706696161808,nan,nan
1706696161812,nan,nan
1706696161824,nan,nan
1706696161833,nan,nan
1706696161852,nan,nan
1706696161871,nan,nan
1706696161889,nan,nan
1706696161905,nan,nan
1706696161943,nan,nan
1706696161944,0.5183181166648865,0.5975987911224365
1706696161950,0.5284574329853058,0.5792067348957062
1706696161961,0.5276443362236023,0.5744638442993164
1706696161972,0.526077002286911,0.5875079333782196
1706696161983,0.5256978869438171,0.5853853225708008
1706696161994,0.5303025543689728,0.5772247910499573
1706696162005,0.5302569270133972,0.5857531726360321
1706696162017,0.5302126407623291,0.5845302641391754
1706696162028,0.5256427526473999,0.581283837556839
1706696162039,0.5271468758583069,0.5697465240955353
1706696162050,0.5271389186382294,0.5685064196586609
1706696162093,0.526905745267868,0.5682860016822815
1706696162094,0.5288889408111572,0.5629430711269379
1706696162111,0.5288424789905548,0.5588901937007904
1706696162117,0.5272039771080017,0.5591937601566315
1706696162129,0.5248114168643951,0.5620407462120056
1706696162139,0.5259676277637482,0.5687417387962341
1706696162150,0.5252378582954407,0.5644508600234985
1706696162161,0.5248185396194458,0.5607913732528687
1706696162172,0.524264007806778,0.5535465180873871
1706696162183,0.5245756208896637,0.5551944971084595
1706696162195,0.5250413715839386,0.5560959279537201
1706696162206,0.522988349199295,0.555239349603653
1706696162243,0.5229254961013794,0.5507186055183411
1706696162244,0.5237642228603363,0.5562393963336945
1706696162250,0.5237792134284973,0.5571399033069611
1706696162261,0.5248938500881195,0.5561869144439697
1706696162272,0.5231188535690308,0.5513817965984344
1706696162284,0.5251801609992981,0.5577846169471741
1706696162295,0.5276885330677032,0.5630564391613007
1706696162306,0.5311927497386932,0.5693456828594208
1706696162317,0.529855877161026,0.5691853761672974
1706696162328,0.5267347395420074,0.5761599838733673
1706696162339,0.5255405604839325,0.5800302624702454
1706696162350,0.5252728164196014,0.5809687376022339
1706696162392,0.5252333879470825,0.5784817636013031
1706696162395,0.5219564139842987,0.5813411176204681
1706696162408,0.5244078040122986,0.5811930596828461
1706696162417,0.5255773067474365,0.5812176167964935
1706696162428,0.5251931548118591,0.5833908915519714
1706696162439,0.5240790843963623,0.585921436548233
1706696162451,0.5246552526950836,0.5842510759830475
1706696162460,0.5210504829883575,0.5810239017009735
1706696162472,0.5105861723423004,0.5814392268657684
1706696162483,0.5061267465353012,0.5836152732372284
1706696162523,0.5051943808794022,0.582133561372757
1706696162524,0.5034959316253662,0.580632746219635
1706696162527,0.5019616931676865,0.5857408344745636
1706696162539,0.5024490654468536,0.5849589705467224
1706696162552,0.5014234930276871,0.585564523935318
1706696162561,0.5018898099660873,0.5806407034397125
1706696162572,0.5013663619756699,0.580649733543396
1706696162583,0.501399576663971,0.5793699622154236
1706696162594,0.5028239786624908,0.5784260332584381
1706696162605,0.5032807290554047,0.5860513746738434
1706696162617,0.5094773769378662,0.5963018834590912
1706696162628,0.5017491430044174,0.5951030552387238
1706696162657,0.5026646703481674,0.5899346768856049
1706696162660,0.5281875729560852,0.6334267854690552
1706696162674,0.5544608980417252,0.6929337084293365
1706696162681,0.7184390425682068,1.0347660779953003
1706696162692,nan,nan
1706696162703,nan,nan
1706696162714,nan,nan
1706696162725,nan,nan
1706696162737,nan,nan
1706696162747,nan,nan
1706696162758,nan,nan
1706696162768,nan,nan
1706696162812,nan,nan
1706696162813,nan,nan
1706696162816,nan,nan
1706696162831,nan,nan
1706696162837,nan,nan
1706696162850,nan,nan
1706696162860,nan,nan
1706696162871,nan,nan
1706696162882,nan,nan
1706696162893,nan,nan
1706696162904,nan,nan
1706696162916,nan,nan
1706696162927,nan,nan
1706696162960,nan,nan
1706696162961,nan,nan
1706696162971,nan,nan
1706696162982,nan,nan
1706696162995,nan,nan
1706696163004,nan,nan
1706696163016,nan,nan
1706696163027,nan,nan
1706696163037,nan,nan
1706696163048,nan,nan
1706696163059,nan,nan
1706696163070,nan,nan
1706696163082,nan,nan
1706696163124,nan,nan
1706696163125,nan,nan
1706696163126,nan,nan
1706696163141,nan,nan
1706696163148,nan,nan
1706696163160,nan,nan
1706696163170,nan,nan
1706696163182,nan,nan
1706696163193,nan,nan
1706696163203,nan,nan
1706696163215,nan,nan
1706696163227,nan,nan
1706696163262,nan,nan
1706696163263,nan,nan
1706696163270,nan,nan
1706696163282,nan,nan
1706696163293,nan,nan
1706696163303,nan,nan
1706696163315,nan,nan
1706696163327,nan,nan
1706696163337,nan,nan
1706696163348,nan,nan
1706696163360,nan,nan
1706696163383,nan,nan
1706696163420,nan,nan
1706696163421,nan,nan
1706696163426,nan,nan
1706696163438,nan,nan
1706696163450,nan,nan
1706696163459,nan,nan
1706696163469,nan,nan
1706696163481,nan,nan
1706696163492,nan,nan
1706696163503,nan,nan
1706696163514,nan,nan
1706696163526,nan,nan
1706696163537,nan,nan
1706696163581,nan,nan
1706696163596,nan,nan
1706696163603,nan,nan
1706696163615,nan,nan
1706696163626,nan,nan
1706696163636,nan,nan
1706696163648,nan,nan
1706696163659,nan,nan
1706696163670,nan,nan
1706696163682,nan,nan
1706696163693,nan,nan
1706696163734,nan,nan
1706696163735,nan,nan
1706696163737,nan,nan
1706696163750,nan,nan
1706696163760,nan,nan
1706696163770,nan,nan
1706696163781,nan,nan
1706696163792,nan,nan
1706696163802,nan,nan
1706696163814,nan,nan
1706696163825,nan,nan
1706696163836,nan,nan
1706696163881,nan,nan
1706696163882,nan,nan
1706696163900,nan,nan
1706696163902,nan,nan
1706696163916,nan,nan
1706696163925,nan,nan
1706696163936,nan,nan
1706696163948,nan,nan
1706696163959,nan,nan
1706696163969,nan,nan
1706696163981,nan,nan
1706696163993,nan,nan
1706696164025,nan,nan
1706696164026,nan,nan
1706696164041,nan,nan
1706696164048,nan,nan
1706696164059,nan,nan
1706696164070,nan,nan
1706696164081,nan,nan
1706696164093,nan,nan
1706696164103,nan,nan
1706696164116,nan,nan
1706696164136,nan,nan
1706696164158,nan,nan
1706696164159,nan,nan
1706696164175,nan,nan
1706696164181,nan,nan
1706696164194,nan,nan
1706696164203,nan,nan
1706696164215,nan,nan
1706696164226,nan,nan
1706696164236,nan,nan
1706696164249,nan,nan
1706696164259,nan,nan
1706696164270,nan,nan
1706696164307,nan,nan
1706696164308,nan,nan
1706696164321,nan,nan
1706696164336,nan,nan
1706696164349,nan,nan
1706696164360,nan,nan
1706696164371,nan,nan
1706696164383,nan,nan
1706696164394,nan,nan
1706696164405,nan,nan
1706696164440,nan,nan
1706696164445,nan,nan
1706696164464,nan,nan
1706696164480,nan,nan
1706696164497,nan,nan
1706696164509,nan,nan
1706696164519,nan,nan
1706696164530,0.44722676277160645,0.6548148095607758
1706696164541,0.4555717408657074,0.6550053358078003
1706696164574,0.4644962102174759,0.6478243172168732
1706696164575,0.46802231669425964,0.6446861326694489
1706696164589,0.4621533006429672,0.6297369301319122
1706696164597,0.462497279047966,0.6301047205924988
1706696164609,0.46380746364593506,0.6274499595165253
1706696164620,0.4623709172010422,0.6259783208370209
1706696164631,0.46569448709487915,0.6174845993518829
1706696164642,0.48870332539081573,0.5866691470146179
1706696164653,0.4991622567176819,0.5796007215976715
1706696164664,0.506442978978157,0.5760556757450104
1706696164675,0.5099302530288696,0.5751722455024719
1706696164707,0.5111334919929504,0.57668536901474
1706696164708,0.5088059157133102,0.5772565305233002
1706696164709,0.5080918520689011,0.5784153640270233
1706696164722,0.5069225281476974,0.5769891440868378
1706696164731,0.5094392597675323,0.5731514692306519
1706696164742,0.5096064209938049,0.5826755166053772
1706696164753,0.5102387368679047,0.5830497741699219
1706696164764,0.5096716284751892,0.5821492969989777
1706696164776,0.5104235708713531,0.5761348605155945
1706696164787,0.5101601183414459,0.5790176093578339
1706696164798,0.5118955373764038,0.5770173966884613
1706696164809,0.5088945925235748,0.5758841037750244
1706696164846,0.507178008556366,0.5719850361347198
1706696164847,0.5074021220207214,0.5710273087024689
1706696164853,0.5107964277267456,0.5776360929012299
1706696164865,0.5086554884910583,0.5859884917736053
1706696164877,0.508254736661911,0.5850659012794495
1706696164887,0.5087989270687103,0.583886593580246
1706696164897,0.5110840201377869,0.578369140625
1706696164908,0.5111867189407349,0.5790920257568359
1706696164919,0.5109064280986786,0.5803427398204803
1706696164931,0.5088149160146713,0.5802841782569885
1706696164942,0.5098827183246613,0.5843490660190582
1706696164953,0.5091902166604996,0.5817369222640991
1706696164992,0.5101899653673172,0.5832335650920868
1706696164993,0.5088084638118744,0.5779896080493927
1706696164998,0.5064776986837387,0.5799964666366577
1706696165011,0.5061961561441422,0.5786486864089966
1706696165020,0.5062227249145508,0.5815233886241913
1706696165031,0.5068487673997879,0.581176221370697
1706696165042,0.505197137594223,0.5828438699245453
1706696165053,0.5042441934347153,0.5843424201011658
1706696165064,0.5042545050382614,0.5865175426006317
1706696165075,0.5042377710342407,0.5916587710380554
1706696165086,0.5063410848379135,0.5915018320083618
1706696165125,0.5060861855745316,0.5999783873558044
1706696165126,0.5154844224452972,0.6035445034503937
1706696165130,0.5491745471954346,0.6163134872913361
1706696165141,0.7939791083335876,0.9344083070755005
1706696165152,nan,nan
1706696165162,nan,nan
1706696165173,nan,nan
1706696165185,nan,nan
1706696165196,nan,nan
1706696165207,nan,nan
1706696165216,nan,nan
1706696165257,nan,nan
1706696165275,nan,nan
1706696165287,nan,nan
1706696165296,nan,nan
1706696165307,nan,nan
1706696165319,nan,nan
1706696165330,nan,nan
1706696165340,nan,nan
1706696165352,nan,nan
1706696165391,nan,nan
1706696165396,nan,nan
1706696165407,nan,nan
1706696165420,nan,nan
1706696165430,nan,nan
1706696165440,nan,nan
1706696165452,nan,nan
1706696165463,nan,nan
1706696165473,nan,nan
1706696165485,nan,nan
1706696165497,nan,nan
1706696165507,nan,nan
1706696165542,nan,nan
1706696165543,nan,nan
1706696165556,nan,nan
1706696165564,nan,nan
1706696165574,nan,nan
1706696165585,nan,nan
1706696165596,nan,nan
1706696165606,nan,nan
1706696165618,nan,nan
1706696165630,nan,nan
1706696165640,nan,nan
1706696165676,nan,nan
1706696165677,nan,nan
1706696165690,nan,nan
1706696165696,nan,nan
1706696165708,nan,nan
1706696165718,nan,nan
1706696165729,nan,nan
1706696165740,nan,nan
1706696165751,nan,nan
1706696165763,nan,nan
1706696165773,nan,nan
1706696165785,nan,nan
1706696165806,nan,nan
1706696165829,nan,nan
1706696165830,nan,nan
1706696165845,nan,nan
1706696165852,nan,nan
1706696165863,nan,nan
1706696165873,nan,nan
1706696165885,nan,nan
1706696165896,nan,nan
1706696165907,nan,nan
1706696165919,nan,nan
1706696165930,nan,nan
1706696165960,nan,nan
1706696165962,nan,nan
1706696165978,nan,nan
1706696165985,nan,nan
1706696165996,nan,nan
1706696166007,nan,nan
1706696166018,nan,nan
1706696166029,nan,nan
1706696166040,nan,nan
1706696166051,nan,nan
1706696166063,nan,nan
1706696166073,nan,nan
1706696166110,nan,nan
1706696166111,nan,nan
1706696166126,nan,nan
1706696166130,nan,nan
1706696166141,nan,nan
1706696166153,nan,nan
1706696166172,nan,nan
1706696166185,nan,nan
1706696166196,nan,nan
1706696166207,nan,nan
1706696166245,nan,nan
1706696166246,nan,nan
1706696166252,nan,nan
1706696166263,nan,nan
1706696166274,nan,nan
1706696166291,nan,nan
1706696166311,nan,nan
1706696166329,nan,nan
1706696166344,nan,nan
1706696166355,nan,nan
1706696166394,0.7202507257461548,0.6662630140781403
1706696166401,0.7298155128955841,0.6588364541530609
1706696166412,0.7215414941310883,0.6591458320617676
1706696166424,0.7197076380252838,0.6471998691558838
1706696166434,0.6556991338729858,0.639639675617218
1706696166445,0.5280013084411621,0.5856988430023193
1706696166456,0.5311138033866882,0.6026997566223145
1706696166467,0.5205658674240112,0.6033164262771606
1706696166479,0.5135921239852905,0.5569417178630829
1706696166490,0.5144447386264801,0.5597440302371979
1706696166527,0.5149042904376984,0.5610824525356293
1706696166528,0.5154133439064026,0.5591461658477783
1706696166534,0.5140443444252014,0.5551437437534332
1706696166546,0.514538049697876,0.5543576776981354
1706696166557,0.5160004198551178,0.5541094839572906
1706696166568,0.5169470608234406,0.5555947721004486
1706696166579,0.5173860192298889,0.5548418462276459
1706696166590,0.5163456499576569,0.5548155903816223
1706696166601,0.5231264233589172,0.5594388246536255
1706696166613,0.5347650647163391,0.5674113929271698
1706696166624,0.5405480861663818,0.5698023438453674
1706696166635,0.537263423204422,0.5753502547740936
1706696166646,0.5394065976142883,0.5778185427188873
1706696166679,0.5378986299037933,0.5798959732055664
1706696166680,0.5392333567142487,0.5758898556232452
1706696166697,0.5406038761138916,0.5722956359386444
1706696166702,0.5420093238353729,0.5693556070327759
1706696166713,0.5407828390598297,0.566561758518219
1706696166723,0.541502833366394,0.5694177150726318
1706696166734,0.5424262583255768,0.569435715675354
1706696166745,0.5421406030654907,0.5686171650886536
1706696166756,0.5403365194797516,0.5690830051898956
1706696166767,0.5377835929393768,0.5734231472015381
1706696166779,0.5567433834075928,0.5771352648735046
1706696166790,0.5983954966068268,0.5812647342681885
1706696166828,0.6728521883487701,0.585317462682724
1706696166829,0.7707942426204681,0.6009492576122284
1706696166834,0.7926943600177765,0.6054066121578217
1706696166846,0.794317752122879,0.6042900085449219
1706696166859,0.7915712594985962,0.607640415430069
1706696166868,0.790930986404419,0.6065703928470612
1706696166879,0.7909346520900726,0.6055837571620941
1706696166890,0.7929040193557739,0.6031346023082733
1706696166901,0.794359415769577,0.6017849147319794
1706696166912,0.7915282845497131,0.6007056832313538
1706696166923,0.7908867001533508,0.602651834487915
1706696166960,0.7876914441585541,0.6034257113933563
1706696166961,0.7822120785713196,0.6308338046073914
1706696166966,0.7803122997283936,0.6306955218315125
1706696166977,nan,nan
1706696166990,nan,nan
1706696166999,nan,nan
1706696167010,nan,nan
1706696167022,nan,nan
1706696167032,nan,nan
1706696167043,nan,nan
1706696167054,nan,nan
1706696167065,nan,nan
1706696167076,nan,nan
1706696167111,nan,nan
1706696167127,nan,nan
1706696167133,nan,nan
1706696167143,nan,nan
1706696167156,nan,nan
1706696167167,nan,nan
1706696167177,nan,nan
1706696167188,nan,nan
1706696167200,nan,nan
1706696167210,nan,nan
1706696167245,nan,nan
1706696167246,nan,nan
1706696167261,nan,nan
1706696167268,nan,nan
1706696167277,nan,nan
1706696167289,nan,nan
1706696167300,nan,nan
1706696167310,nan,nan
1706696167322,nan,nan
1706696167334,nan,nan
1706696167343,nan,nan
1706696167356,nan,nan
1706696167373,nan,nan
1706696167397,nan,nan
1706696167398,nan,nan
1706696167400,nan,nan
1706696167415,nan,nan
1706696167422,nan,nan
1706696167434,nan,nan
1706696167444,nan,nan
1706696167455,nan,nan
1706696167466,nan,nan
1706696167476,nan,nan
1706696167488,nan,nan
1706696167527,nan,nan
1706696167528,nan,nan
1706696167533,nan,nan
1706696167544,nan,nan
1706696167557,nan,nan
1706696167567,nan,nan
1706696167577,nan,nan
1706696167589,nan,nan
1706696167600,nan,nan
1706696167610,nan,nan
1706696167622,nan,nan
1706696167634,nan,nan
1706696167644,nan,nan
1706696167678,nan,nan
1706696167679,nan,nan
1706696167694,nan,nan
1706696167700,nan,nan
1706696167711,nan,nan
1706696167722,nan,nan
1706696167733,nan,nan
1706696167743,nan,nan
1706696167755,nan,nan
1706696167766,nan,nan
1706696167776,nan,nan
1706696167813,nan,nan
1706696167814,nan,nan
1706696167822,nan,nan
1706696167833,nan,nan
1706696167844,nan,nan
1706696167855,nan,nan
1706696167867,nan,nan
1706696167876,nan,nan
1706696167889,nan,nan
1706696167900,nan,nan
1706696167910,nan,nan
1706696167922,nan,nan
1706696167943,nan,nan
1706696167962,nan,nan
1706696167963,nan,nan
1706696167967,nan,nan
1706696167980,nan,nan
1706696167988,nan,nan
1706696168000,nan,nan
1706696168010,nan,nan
1706696168021,nan,nan
1706696168033,nan,nan
1706696168043,nan,nan
1706696168055,nan,nan
1706696168096,nan,nan
1706696168099,nan,nan
1706696168112,nan,nan
1706696168121,nan,nan
1706696168133,nan,nan
1706696168143,nan,nan
1706696168155,nan,nan
1706696168167,nan,nan
1706696168176,nan,nan
1706696168188,nan,nan
1706696168199,nan,nan
1706696168210,nan,nan
1706696168246,nan,nan
1706696168261,nan,nan
1706696168266,nan,nan
1706696168278,nan,nan
1706696168288,nan,nan
1706696168299,nan,nan
1706696168310,nan,nan
1706696168321,nan,nan
1706696168333,nan,nan
1706696168343,nan,nan
1706696168379,nan,nan
1706696168380,nan,nan
1706696168395,nan,nan
1706696168400,nan,nan
1706696168409,nan,nan
1706696168422,nan,nan
1706696168433,nan,nan
1706696168443,nan,nan
1706696168455,nan,nan
1706696168466,nan,nan
1706696168476,nan,nan
1706696168488,nan,nan
1706696168509,nan,nan
1706696168530,nan,nan
1706696168532,nan,nan
1706696168545,nan,nan
1706696168554,nan,nan
1706696168566,nan,nan
1706696168576,nan,nan
1706696168587,nan,nan
1706696168599,nan,nan
1706696168609,nan,nan
1706696168621,nan,nan
1706696168664,nan,nan
1706696168666,nan,nan
1706696168679,nan,nan
1706696168688,nan,nan
1706696168700,nan,nan
1706696168710,nan,nan
1706696168721,nan,nan
1706696168733,nan,nan
1706696168743,nan,nan
1706696168754,nan,nan
1706696168766,nan,nan
1706696168777,nan,nan
1706696168812,nan,nan
1706696168813,nan,nan
1706696168827,nan,nan
1706696168834,nan,nan
1706696168844,nan,nan
1706696168855,nan,nan
1706696168866,nan,nan
1706696168876,nan,nan
1706696168888,nan,nan
1706696168899,nan,nan
1706696168909,nan,nan
1706696168950,nan,nan
1706696168951,nan,nan
1706696168955,nan,nan
1706696168965,nan,nan
1706696168976,nan,nan
1706696168988,nan,nan
1706696168999,nan,nan
1706696169009,nan,nan
1706696169022,nan,nan
1706696169033,nan,nan
1706696169042,nan,nan
1706696169055,nan,nan
1706696169095,nan,nan
1706696169096,nan,nan
1706696169100,nan,nan
1706696169111,nan,nan
1706696169123,nan,nan
1706696169133,nan,nan
1706696169142,nan,nan
1706696169155,nan,nan
1706696169167,nan,nan
1706696169176,nan,nan
1706696169189,nan,nan
1706696169200,nan,nan
1706696169210,nan,nan
1706696169246,nan,nan
1706696169247,nan,nan
1706696169261,nan,nan
1706696169266,nan,nan
1706696169278,nan,nan
1706696169288,nan,nan
1706696169299,nan,nan
1706696169311,nan,nan
1706696169321,nan,nan
1706696169332,nan,nan
1706696169379,nan,nan
1706696169386,nan,nan
1706696169404,nan,nan
1706696169414,0.7469058632850647,0.6378541588783264
1706696169425,0.7469058632850647,0.6378541588783264
1706696169437,0.7431254386901855,0.6397329568862915
1706696169447,0.7341753840446472,0.6441811323165894
1706696169459,0.7228324711322784,0.6287577152252197
1706696169471,0.7224337160587311,0.6180205345153809
1706696169482,0.731267660856247,0.6127115190029144
1706696169493,0.7319643199443817,0.6089828610420227
1706696169504,0.7263915836811066,0.6103410124778748
1706696169538,0.6816761493682861,0.5907676517963409
1706696169554,0.5552730560302734,0.5439119338989258
1706696169561,0.5452940165996552,0.5391908586025238
1706696169572,0.5439335703849792,0.5388027280569077
1706696169582,0.5393150448799133,0.5353557616472244
1706696169593,0.539204329252243,0.5325469374656677
1706696169604,0.5396184623241425,0.5346284359693527
1706696169614,0.5379412174224854,0.5420331656932831
1706696169625,0.5382646918296814,0.5450461208820343
1706696169637,0.5378551185131073,0.5467644035816193
1706696169648,0.5402871966362,0.5437572300434113
1706696169679,0.5396330058574677,0.5439743995666504
1706696169681,0.5359379351139069,0.5496278405189514
1706696169695,0.5372408330440521,0.5526967346668243
1706696169703,0.5380604267120361,0.5460303425788879
1706696169715,0.5377849340438843,0.5452414751052856
1706696169726,0.5359857082366943,0.5416871607303619
1706696169737,0.5380983948707581,0.5438226759433746
1706696169748,0.5376698672771454,0.5484825372695923
1706696169759,0.5373162925243378,0.5499210059642792
1706696169770,0.5476889610290527,0.5491558611392975
1706696169788,0.6352378129959106,0.5626980662345886
1706696169813,0.7048302888870239,0.5727326571941376
1706696169815,0.8569765388965607,0.6178789138793945
1706696169828,0.8662666380405426,0.6239840686321259
1706696169837,0.865006297826767,0.6270133554935455
1706696169848,0.8662595748901367,0.6271781921386719
1706696169859,0.8675917088985443,0.623295783996582
1706696169870,0.8690206110477448,0.6201367676258087
1706696169881,0.8691972494125366,0.6192595362663269
1706696169893,0.8685029745101929,0.6227929294109344
1706696169904,0.8684211075305939,0.6214380264282227
1706696169916,0.8691077530384064,0.6193238794803619
1706696169948,0.87001171708107,0.6162072420120239
1706696169949,0.8704481422901154,0.6195908784866333
1706696169965,0.8730741441249847,0.6491685807704926
1706696169970,0.8644990622997284,0.6570532917976379
1706696169982,0.9359235763549805,0.814636766910553
1706696169990,nan,nan
1706696170001,nan,nan
1706696170012,nan,nan
1706696170023,nan,nan
1706696170034,nan,nan
1706696170044,nan,nan
1706696170056,nan,nan
1706696170067,nan,nan
1706696170097,nan,nan
1706696170114,nan,nan
1706696170127,nan,nan
1706696170137,nan,nan
1706696170146,nan,nan
1706696170159,nan,nan
1706696170170,nan,nan
1706696170180,nan,nan
1706696170192,nan,nan
1706696170230,nan,nan
1706696170231,nan,nan
1706696170237,nan,nan
1706696170247,nan,nan
1706696170259,nan,nan
1706696170270,nan,nan
1706696170280,nan,nan
1706696170292,nan,nan
1706696170304,nan,nan
1706696170313,nan,nan
1706696170325,nan,nan
1706696170337,nan,nan
1706696170347,nan,nan
1706696170380,nan,nan
1706696170381,nan,nan
1706696170395,nan,nan
1706696170403,nan,nan
1706696170413,nan,nan
1706696170425,nan,nan
1706696170437,nan,nan
1706696170446,nan,nan
1706696170458,nan,nan
1706696170470,nan,nan
1706696170480,nan,nan
1706696170514,nan,nan
1706696170515,nan,nan
1706696170530,nan,nan
1706696170537,nan,nan
1706696170548,nan,nan
1706696170558,nan,nan
1706696170570,nan,nan
1706696170580,nan,nan
1706696170592,nan,nan
1706696170603,nan,nan
1706696170614,nan,nan
1706696170648,nan,nan
1706696170649,nan,nan
1706696170664,nan,nan
1706696170671,nan,nan
1706696170680,nan,nan
1706696170692,nan,nan
1706696170703,nan,nan
1706696170713,nan,nan
1706696170725,nan,nan
1706696170737,nan,nan
1706696170746,nan,nan
1706696170758,nan,nan
1706696170779,nan,nan
1706696170800,nan,nan
1706696170803,nan,nan
1706696170815,nan,nan
1706696170825,nan,nan
1706696170836,nan,nan
1706696170846,nan,nan
1706696170858,nan,nan
1706696170870,nan,nan
1706696170879,nan,nan
1706696170891,nan,nan
1706696170932,nan,nan
1706696170936,nan,nan
1706696170947,nan,nan
1706696170959,nan,nan
1706696170970,nan,nan
1706696170980,nan,nan
1706696170991,nan,nan
1706696171003,nan,nan
1706696171013,nan,nan
1706696171025,nan,nan
1706696171037,nan,nan
1706696171047,nan,nan
1706696171083,nan,nan
1706696171099,nan,nan
1706696171103,nan,nan
1706696171113,nan,nan
1706696171125,nan,nan
1706696171136,nan,nan
1706696171146,nan,nan
1706696171158,nan,nan
1706696171169,nan,nan
1706696171180,nan,nan
1706696171215,nan,nan
1706696171232,nan,nan
1706696171236,nan,nan
1706696171247,nan,nan
1706696171258,nan,nan
1706696171270,nan,nan
1706696171280,nan,nan
1706696171292,nan,nan
1706696171303,nan,nan
1706696171312,nan,nan
1706696171324,nan,nan
1706696171345,nan,nan
1706696171365,nan,nan
1706696171366,nan,nan
1706696171370,nan,nan
1706696171381,nan,nan
1706696171392,nan,nan
1706696171403,nan,nan
1706696171412,nan,nan
1706696171426,nan,nan
1706696171437,nan,nan
1706696171446,nan,nan
1706696171459,nan,nan
1706696171497,nan,nan
1706696171503,nan,nan
1706696171512,nan,nan
1706696171525,nan,nan
1706696171536,nan,nan
1706696171546,nan,nan
1706696171557,nan,nan
1706696171570,nan,nan
1706696171579,nan,nan
1706696171591,nan,nan
1706696171631,nan,nan
1706696171632,nan,nan
1706696171636,nan,nan
1706696171648,nan,nan
1706696171657,nan,nan
1706696171670,nan,nan
1706696171680,nan,nan
1706696171691,nan,nan
1706696171703,nan,nan
1706696171714,nan,nan
1706696171725,nan,nan
1706696171766,nan,nan
1706696171767,nan,nan
1706696171770,nan,nan
1706696171781,nan,nan
1706696171793,nan,nan
1706696171803,nan,nan
1706696171814,nan,nan
1706696171826,nan,nan
1706696171837,nan,nan
1706696171848,nan,nan
1706696171859,nan,nan
1706696171896,nan,nan
1706696171897,nan,nan
1706696171911,nan,nan
1706696171926,nan,nan
1706696171936,nan,nan
1706696171947,nan,nan
1706696171958,nan,nan
1706696171969,nan,nan
1706696171981,nan,nan
1706696171992,nan,nan
1706696172002,nan,nan
1706696172051,nan,nan
1706696172056,nan,nan
1706696172073,nan,nan
1706696172083,nan,nan
1706696172094,nan,nan
1706696172105,0.7243907451629639,0.6539962291717529
1706696172117,0.7243907451629639,0.6539962291717529
1706696172129,0.7847414016723633,0.659638524055481
1706696172141,0.8321597278118134,0.6397315263748169
1706696172152,0.8454549908638,0.6308803260326385
1706696172162,0.8543062508106232,0.6252358257770538
1706696172204,0.8588758409023285,0.6228769719600677
1706696172208,0.8546457588672638,0.6280736923217773
1706696172221,0.8539997339248657,0.6338330805301666
1706696172230,0.8549915552139282,0.63156858086586
1706696172240,0.8584682643413544,0.626816064119339
1706696172252,0.8609346449375153,0.6208785176277161
1706696172262,0.8588120937347412,0.6290870904922485
1706696172274,0.8595534861087799,0.6280047595500946
1706696172285,0.860845685005188,0.6266795992851257
1706696172296,0.8642817437648773,0.6161310970783234
1706696172333,0.8656601905822754,0.6149093806743622
1706696172334,0.8545878827571869,0.6092572212219238
1706696172340,0.7465906739234924,0.5923953652381897
1706696172351,0.5830094516277313,0.5496231019496918
1706696172364,0.5435825288295746,0.5361773669719696
1706696172374,0.5195159912109375,0.5401162207126617
1706696172385,0.5158255994319916,0.5396906733512878
1706696172396,0.5161509811878204,0.5457724332809448
1706696172407,0.5165440738201141,0.546849250793457
1706696172418,0.5177632868289948,0.5521327555179596
1706696172429,0.5156471729278564,0.5501138865947723
1706696172440,0.5148527324199677,0.546564519405365
1706696172481,0.5134433209896088,0.5420755743980408
1706696172482,0.514189749956131,0.5421556830406189
1706696172485,0.5114471912384033,0.5414783954620361
1706696172497,0.5123659670352936,0.5435516536235809
1706696172508,0.5137353837490082,0.5408014059066772
1706696172518,0.5146606266498566,0.5456767678260803
1706696172529,0.5131886899471283,0.5449197590351105
1706696172540,0.5130071043968201,0.5453813672065735
1706696172551,0.5139046013355255,0.541935533285141
1706696172563,0.5147679448127747,0.5418156087398529
1706696172574,0.5133969485759735,0.5420595109462738
1706696172585,0.5125558376312256,0.5454859435558319
1706696172596,0.5118412226438522,0.5435746312141418
1706696172631,0.509096547961235,0.5510666072368622
1706696172645,0.5130892097949982,0.5421748161315918
1706696172651,0.513313502073288,0.540751725435257
1706696172663,0.5092743337154388,0.5384136438369751
1706696172673,0.4831944406032562,0.5258498638868332
1706696172684,0.4036651700735092,0.49623264372348785
1706696172695,0.35687255859375,0.4745483845472336
1706696172707,0.31302492320537567,0.4684333801269531
1706696172718,0.27587826550006866,0.4680745452642441
1706696172729,0.2665574699640274,0.4655831307172775
1706696172767,0.26646047830581665,0.46095359325408936
1706696172773,0.2625749409198761,0.46249423921108246
1706696172785,0.26411859691143036,0.46435070037841797
1706696172796,0.2654598355293274,0.46793676912784576
1706696172807,0.2654698044061661,0.4621497094631195
1706696172818,0.2650371491909027,0.4607950448989868
1706696172829,0.2643309533596039,0.4580707848072052
1706696172840,0.2634890526533127,0.4650105983018875
1706696172851,0.262896865606308,0.46729594469070435
1706696172862,0.2623165175318718,0.46680739521980286
1706696172903,0.26384882628917694,0.4640926569700241
1706696172908,0.2602098360657692,0.45925262570381165
1706696172921,0.26019255816936493,0.4564593583345413
1706696172929,0.25795912742614746,0.4566370099782944
1706696172941,0.2583524212241173,0.45913994312286377
1706696172952,0.2578990012407303,0.4617200195789337
1706696172963,0.2591196894645691,0.46159859001636505
1706696172974,0.2601105868816376,0.4588768184185028
1706696172985,0.2587500438094139,0.4542512595653534
1706696172996,0.2605300843715668,0.4555328041315079
1706696173007,0.2608267292380333,0.45627932250499725
1706696173018,0.25958241522312164,0.45815809071063995
1706696173051,0.25938745588064194,0.46043990552425385
1706696173052,0.26184364408254623,0.4613276273012161
1706696173068,0.26044026762247086,0.45912642776966095
1706696173074,0.260076068341732,0.462017685174942
1706696173086,0.2576068341732025,0.4546521455049515
1706696173096,0.25721611082553864,0.4552761912345886
1706696173107,0.2561282813549042,0.4492288827896118
1706696173118,0.25748586654663086,0.4519886076450348
1706696173129,0.2708027809858322,0.45921722054481506
1706696173140,0.32552938163280487,0.48338641226291656
1706696173151,0.5050933361053467,0.5733140408992767
1706696173161,0.5651150643825531,0.60114586353302
1706696173172,0.6253311336040497,0.6386653780937195
1706696173204,nan,nan
1706696173205,nan,nan
1706696173223,nan,nan
1706696173227,nan,nan
1706696173239,nan,nan
1706696173249,nan,nan
1706696173258,nan,nan
1706696173276,nan,nan
1706696173295,nan,nan
1706696173307,nan,nan
1706696173351,nan,nan
1706696173368,nan,nan
1706696173372,nan,nan
1706696173383,nan,nan
1706696173394,nan,nan
1706696173406,nan,nan
1706696173417,nan,nan
1706696173428,nan,nan
1706696173439,nan,nan
1706696173450,nan,nan
1706696173461,nan,nan
1706696173501,nan,nan
1706696173502,nan,nan
1706696173506,nan,nan
1706696173518,nan,nan
1706696173528,nan,nan
1706696173539,nan,nan
1706696173550,nan,nan
1706696173562,nan,nan
1706696173573,nan,nan
1706696173584,nan,nan
1706696173594,nan,nan
1706696173605,nan,nan
1706696173616,nan,nan
1706696173650,nan,nan
1706696173651,nan,nan
1706696173665,nan,nan
1706696173674,nan,nan
1706696173685,nan,nan
1706696173696,nan,nan
1706696173708,0.19823138415813446,0.4198387414216995
1706696173719,0.19823138415813446,0.4198387414216995
1706696173730,0.19823138415813446,0.4198387414216995
1706696173741,0.19679413735866547,0.41419871151447296
1706696173751,0.19679413735866547,0.41419871151447296
1706696173764,0.1899789199233055,0.40730829536914825
1706696173799,0.1907850280404091,0.4072977155447006
1706696173800,0.19007696956396103,0.40545836091041565
1706696173814,0.179777130484581,0.40264634788036346
1706696173820,0.18050529807806015,0.400287389755249
1706696173831,0.17944765836000443,0.39712755382061005
1706696173842,0.1783922091126442,0.3947702646255493
1706696173853,0.1745566427707672,0.3918212354183197
1706696173864,0.1750229299068451,0.3922438770532608
1706696173876,0.17481784522533417,0.39183489978313446
1706696173886,0.17395219951868057,0.3932326138019562
1706696173898,0.18339212983846664,0.3902870863676071
1706696173936,0.20366763323545456,0.38768620789051056
1706696173937,0.22454524785280228,0.3780612200498581
1706696173942,0.23035789281129837,0.3797195553779602
1706696173953,0.23364326357841492,0.3802621215581894
1706696173965,0.23287611454725266,0.379025936126709
1706696173975,0.2318197786808014,0.37819989025592804
1706696173986,0.23505138605833054,0.3871111422777176
1706696173997,0.2380501627922058,0.38820673525333405
1706696174008,0.23817232251167297,0.3929758369922638
1706696174019,0.23667674511671066,0.39286163449287415
1706696174030,0.2538481503725052,0.39714568853378296
1706696174041,0.32042740285396576,0.411271333694458
1706696174052,0.44804689288139343,0.4369088411331177
1706696174086,0.49533000588417053,0.44809718430042267
1706696174087,0.5201782882213593,0.448357030749321
1706696174102,0.524376630783081,0.4603451192378998
1706696174108,0.5221597850322723,0.4654044359922409
1706696174120,0.5223381519317627,0.46576596796512604
1706696174131,0.5241943299770355,0.4665697515010834
1706696174142,0.5255164802074432,0.46941377222537994
1706696174153,0.525415450334549,0.47401921451091766
1706696174164,0.5253394246101379,0.4734921306371689
1706696174175,0.5248470604419708,0.4751642048358917
1706696174186,0.5252365171909332,0.4776182770729065
1706696174197,0.5255423486232758,0.48054221272468567
1706696174237,0.525898814201355,0.4793815612792969
1706696174238,0.5242525637149811,0.47437942028045654
1706696174242,0.5149592161178589,0.47935009002685547
1706696174253,0.5025792717933655,0.4837437719106674
1706696174266,0.49858611822128296,0.4870958775281906
1706696174275,0.49600502848625183,0.48914170265197754
1706696174286,0.4973562955856323,0.4926467537879944
1706696174297,0.4961925894021988,0.49027179181575775
1706696174309,0.49790123105049133,0.48740485310554504
1706696174319,0.4957922548055649,0.4888167530298233
1706696174331,0.49730291962623596,0.49194490909576416
1706696174342,0.49603332579135895,0.49282287061214447
1706696174352,0.4966716766357422,0.4940476715564728
1706696174384,0.49674415588378906,0.49555473029613495
1706696174385,0.49918094277381897,0.4986996650695801
1706696174400,0.49946168065071106,0.5018855482339859
1706696174408,0.4980595260858536,0.502250000834465
1706696174419,0.4984419047832489,0.5023362189531326
1706696174430,0.49991320073604584,0.49873293936252594
1706696174441,0.49966008961200714,0.4974835067987442
1706696174452,0.499748632311821,0.4983680099248886
1706696174464,0.498102068901062,0.49970731139183044
1706696174475,0.49782106280326843,0.5045351535081863
1706696174486,0.4992132633924484,0.5078131407499313
1706696174519,0.4971071928739548,0.5115722417831421
1706696174533,0.48009005188941956,0.5275662839412689
1706696174541,0.4792766869068146,0.5312115848064423
1706696174552,0.47718074917793274,0.5323303639888763
1706696174564,0.4766036123037338,0.5277354717254639
1706696174575,0.4763866066932678,0.5293157398700714
1706696174586,0.4771679788827896,0.5320506691932678
1706696174597,0.4782829135656357,0.5321987867355347
1706696174608,0.4805191159248352,0.5322459638118744
1706696174619,0.48126666247844696,0.5302235782146454
1706696174630,0.48215943574905396,0.5313475430011749
1706696174668,0.48104602098464966,0.5276176929473877
1706696174675,0.4799824506044388,0.5373792052268982
1706696174686,0.4794235974550247,0.5346035361289978
1706696174698,0.47973988950252533,0.5325193107128143
1706696174708,0.4786953777074814,0.5354011952877045
1706696174719,0.4794580787420273,0.5380114316940308
1706696174730,0.4799795299768448,0.538548082113266
1706696174741,0.4816015660762787,0.5338382422924042
1706696174752,0.4801347851753235,0.5329508483409882
1706696174763,0.47999417781829834,0.5357416570186615
1706696174774,0.47758254408836365,0.5419004559516907
1706696174785,0.4782465249300003,0.5438084304332733
1706696174819,0.47788770496845245,0.5410144925117493
1706696174834,0.47848770022392273,0.5494412183761597
1706696174841,0.46927134692668915,0.546240508556366
1706696174852,0.45436854660511017,0.5476230680942535
1706696174864,0.4496031850576401,0.5419717133045197
1706696174874,0.4491262584924698,0.5447878837585449
1706696174885,0.4508989751338959,0.5447079241275787
1706696174897,0.451461985707283,0.5450278222560883
1706696174908,0.4503107964992523,0.5460780560970306
1706696174919,0.4500700533390045,0.5471702516078949
1706696174952,0.4485248774290085,0.5514520704746246
1706696174953,0.4478415250778198,0.5527772903442383
1706696174967,0.44735008478164673,0.5485764741897583
1706696174974,0.44658350944519043,0.5465533435344696
1706696174987,0.44607333838939667,0.5459777116775513
1706696174997,0.44669847190380096,0.5473124384880066
1706696175008,0.4464235007762909,0.5485727787017822
1706696175019,0.44539715349674225,0.5498190820217133
1706696175030,0.4467775821685791,0.552248626947403
1706696175041,0.44690823554992676,0.5584922432899475
1706696175052,0.4479704052209854,0.5652220845222473
1706696175063,0.4617781937122345,0.566709041595459
1706696175083,0.5209050327539444,0.6190752685070038
1706696175104,0.6146157681941986,0.7183628082275391
1706696175105,0.7726269960403442,1.0957976579666138
1706696175121,nan,nan
1706696175127,nan,nan
1706696175139,nan,nan
1706696175149,nan,nan
1706696175161,nan,nan
1706696175171,nan,nan
1706696175181,nan,nan
1706696175199,nan,nan
1706696175237,nan,nan
1706696175241,nan,nan
1706696175254,nan,nan
1706696175264,nan,nan
1706696175274,nan,nan
1706696175286,nan,nan
1706696175297,nan,nan
1706696175308,nan,nan
1706696175319,nan,nan
1706696175330,nan,nan
1706696175341,nan,nan
1706696175353,nan,nan
1706696175385,nan,nan
1706696175386,nan,nan
1706696175401,nan,nan
1706696175408,nan,nan
1706696175420,nan,nan
1706696175431,nan,nan
1706696175442,nan,nan
1706696175451,nan,nan
1706696175464,nan,nan
1706696175474,nan,nan
1706696175484,nan,nan
1706696175521,nan,nan
1706696175522,nan,nan
1706696175537,nan,nan
1706696175541,nan,nan
1706696175551,nan,nan
1706696175563,nan,nan
1706696175574,nan,nan
1706696175584,nan,nan
1706696175596,nan,nan
1706696175608,nan,nan
1706696175617,nan,nan
1706696175629,nan,nan
1706696175670,nan,nan
1706696175675,nan,nan
1706696175685,nan,nan
1706696175698,nan,nan
1706696175708,nan,nan
1706696175718,nan,nan
1706696175729,nan,nan
1706696175741,nan,nan
1706696175752,nan,nan
1706696175763,nan,nan
1706696175775,nan,nan
1706696175785,nan,nan
1706696175822,nan,nan
1706696175823,nan,nan
1706696175830,nan,nan
1706696175841,nan,nan
1706696175851,nan,nan
1706696175863,nan,nan
1706696175874,nan,nan
1706696175884,nan,nan
1706696175896,nan,nan
1706696175907,nan,nan
1706696175918,nan,nan
1706696175930,nan,nan
1706696175969,nan,nan
1706696175970,nan,nan
1706696175974,nan,nan
1706696175986,nan,nan
1706696175999,nan,nan
1706696176008,nan,nan
1706696176017,nan,nan
1706696176030,nan,nan
1706696176041,nan,nan
1706696176051,nan,nan
1706696176063,nan,nan
1706696176074,nan,nan
1706696176084,nan,nan
1706696176120,nan,nan
1706696176121,nan,nan
1706696176136,nan,nan
1706696176141,nan,nan
1706696176151,nan,nan
1706696176163,nan,nan
1706696176175,nan,nan
1706696176184,nan,nan
1706696176197,nan,nan
1706696176208,nan,nan
1706696176218,nan,nan
1706696176229,nan,nan
1706696176252,nan,nan
1706696176274,nan,nan
1706696176275,nan,nan
1706696176290,nan,nan
1706696176297,nan,nan
1706696176307,nan,nan
1706696176317,nan,nan
1706696176329,nan,nan
1706696176340,nan,nan
1706696176351,nan,nan
1706696176362,nan,nan
1706696176403,nan,nan
1706696176407,nan,nan
1706696176418,nan,nan
1706696176429,nan,nan
1706696176440,nan,nan
1706696176451,nan,nan
1706696176462,nan,nan
1706696176473,nan,nan
1706696176484,nan,nan
1706696176496,nan,nan
1706696176507,nan,nan
1706696176518,nan,nan
1706696176552,nan,nan
1706696176553,nan,nan
1706696176568,nan,nan
1706696176574,nan,nan
1706696176584,nan,nan
1706696176596,nan,nan
1706696176607,nan,nan
1706696176618,nan,nan
1706696176629,nan,nan
1706696176640,nan,nan
1706696176651,nan,nan
1706696176685,nan,nan
1706696176686,nan,nan
1706696176701,nan,nan
1706696176707,nan,nan
1706696176717,nan,nan
1706696176729,nan,nan
1706696176748,nan,nan
1706696176763,nan,nan
1706696176774,nan,nan
1706696176785,nan,nan
1706696176823,nan,nan
1706696176824,nan,nan
1706696176830,nan,nan
1706696176841,nan,nan
1706696176852,nan,nan
1706696176862,nan,nan
1706696176879,nan,nan
1706696176900,nan,nan
1706696176917,nan,nan
1706696176933,nan,nan
1706696176974,0.5997621417045593,0.6779634356498718
1706696176975,0.5997621417045593,0.6779634356498718
1706696176978,0.6003102660179138,0.6719050109386444
1706696176993,0.6182877123355865,0.6681784987449646
1706696177001,0.6202194690704346,0.6722805202007294
1706696177012,0.6197973191738129,0.6727814674377441
1706696177023,0.6190354526042938,0.6686610281467438
1706696177035,0.620040237903595,0.6663284301757812
1706696177045,0.6197657883167267,0.6644988358020782
1706696177055,0.6134548485279083,0.6733947694301605
1706696177067,0.600664883852005,0.67558953166008
1706696177078,0.5931914150714874,0.6789756417274475
1706696177089,0.6134558320045471,0.6591235995292664
1706696177120,0.617693305015564,0.6594683229923248
1706696177121,0.614659309387207,0.652627021074295
1706696177123,0.5754340291023254,0.6022490561008453
1706696177137,0.5577673614025116,0.5873959064483643
1706696177145,0.5410834550857544,0.5675491690635681
1706696177156,0.5277601480484009,0.5605579316616058
1706696177168,0.5271224081516266,0.5568377077579498
1706696177178,0.5276533663272858,0.5547716319561005
1706696177189,0.5272171497344971,0.5555500686168671
1706696177200,0.5261530578136444,0.5550736486911774
1706696177211,0.5276584327220917,0.5546611249446869
1706696177222,0.5310275852680206,0.5546620190143585
1706696177234,0.5331593453884125,0.5573457777500153
1706696177271,0.5328569412231445,0.5569095015525818
1706696177278,0.5296822190284729,0.5422990322113037
1706696177289,0.5281234085559845,0.5423517525196075
1706696177303,0.5281144082546234,0.5454430282115936
1706696177311,0.5300569534301758,0.5446857810020447
1706696177322,0.5308138728141785,0.5439030528068542
1706696177334,0.5306310057640076,0.5431534647941589
1706696177345,0.5227950513362885,0.5397269427776337
1706696177355,0.48470692336559296,0.5261370241641998
1706696177367,0.4048682004213333,0.48856616020202637
1706696177378,0.304181307554245,0.4461793452501297
1706696177421,0.2544720321893692,0.44404280185699463
1706696177422,0.2215086594223976,0.4305485635995865
1706696177436,0.2203155755996704,0.4306018203496933
1706696177445,0.22136465460062027,0.42548856139183044
1706696177456,0.2264639213681221,0.4332706779241562
1706696177467,0.22574383020401,0.43227678537368774
1706696177478,0.22630931437015533,0.43301422894001007
1706696177489,0.22574657201766968,0.4291623532772064
1706696177500,0.22401614487171173,0.42608781158924103
1706696177511,0.22206700593233109,0.42257124185562134
1706696177522,0.21994918584823608,0.4191111624240875
1706696177534,0.21976079791784286,0.4170079082250595
1706696177571,0.22783824801445007,0.40590350329875946
1706696177572,0.24513867497444153,0.3806132972240448
1706696177578,0.256986640393734,0.365911528468132
1706696177589,0.2551961988210678,0.36066775023937225
1706696177600,0.25592538714408875,0.3614125996828079
1706696177612,0.25670838356018066,0.35843080282211304
1706696177622,0.2542083412408829,0.35525281727313995
1706696177634,0.25244322419166565,0.3509569615125656
1706696177645,0.25276879966259,0.352453351020813
1706696177656,0.2533869370818138,0.3505818843841553
1706696177667,0.25412702560424805,0.3514930009841919
1706696177678,0.2543041408061981,0.34757740795612335
1706696177720,0.25405721366405487,0.3480374813079834
1706696177723,0.2547403872013092,0.34911873936653137
1706696177735,0.2528871074318886,0.34493353962898254
1706696177744,0.2559528425335884,0.3470839560031891
1706696177755,0.3238926827907562,0.35550694167613983
1706696177766,0.4023982286453247,0.40717555582523346
1706696177777,0.4637487828731537,0.43048250675201416
1706696177787,0.6160282790660858,0.5925768911838531
1706696177798,nan,nan
1706696177809,nan,nan
1706696177820,nan,nan
1706696177831,nan,nan
1706696177870,nan,nan
1706696177871,nan,nan
1706696177875,nan,nan
1706696177886,nan,nan
1706696177898,nan,nan
1706696177908,nan,nan
1706696177919,nan,nan
1706696177930,nan,nan
1706696177941,nan,nan
1706696177952,nan,nan
1706696177964,nan,nan
1706696177975,nan,nan
1706696177986,nan,nan
1706696178022,nan,nan
1706696178037,nan,nan
1706696178048,nan,nan
1706696178067,nan,nan
1706696178085,nan,nan
1706696178099,nan,nan
1706696178110,nan,nan
1706696178121,nan,nan
1706696178153,nan,nan
1706696178154,nan,nan
1706696178171,nan,nan
1706696178177,nan,nan
1706696178189,nan,nan
1706696178199,nan,nan
1706696178210,nan,nan
1706696178221,nan,nan
1706696178232,nan,nan
1706696178243,nan,nan
1706696178254,nan,nan
1706696178266,nan,nan
1706696178286,nan,nan
1706696178306,nan,nan
1706696178310,nan,nan
1706696178326,nan,nan
1706696178333,nan,nan
1706696178344,nan,nan
1706696178354,nan,nan
1706696178366,nan,nan
1706696178377,nan,nan
1706696178388,nan,nan
1706696178399,nan,nan
1706696178439,nan,nan
1706696178444,nan,nan
1706696178455,nan,nan
1706696178468,nan,nan
1706696178477,nan,nan
1706696178487,nan,nan
1706696178500,nan,nan
1706696178510,nan,nan
1706696178521,nan,nan
1706696178533,nan,nan
1706696178543,nan,nan
1706696178554,nan,nan
1706696178588,nan,nan
1706696178589,nan,nan
1706696178604,nan,nan
1706696178610,nan,nan
1706696178622,0.3434790372848511,0.1493423879146576
1706696178632,0.3434790372848511,0.1493423879146576
1706696178644,0.3800833225250244,0.16899102926254272
1706696178655,0.381208211183548,0.1823267638683319
1706696178666,0.381208211183548,0.1823267638683319
1706696178677,0.3455539643764496,0.1739402860403061
1706696178688,nan,nan
1706696178699,nan,nan
1706696178738,nan,nan
1706696178739,0.34865105152130127,0.19334545731544495
1706696178744,0.3625367283821106,0.2057476043701172
1706696178755,0.36274880170822144,0.21036238968372345
1706696178767,0.3426426351070404,0.2028903216123581
1706696178778,0.3028300404548645,0.19435766339302063
1706696178789,0.2589579224586487,0.1850094199180603
1706696178799,0.2649516761302948,0.18274946510791779
1706696178811,0.2661668360233307,0.20061489939689636
1706696178822,0.27011892199516296,0.2120075523853302
1706696178833,0.27011892199516296,0.2120075523853302
1706696178873,0.2707505226135254,0.21902067959308624
1706696178874,0.27306053042411804,0.22699233889579773
1706696178880,0.2908415347337723,0.2678142786026001
1706696178892,0.2855380028486252,0.26931873708963394
1706696178902,0.2846369445323944,0.27709684520959854
1706696178913,0.28496526181697845,0.28145183622837067
1706696178923,0.28754378855228424,0.2898244857788086
1706696178935,0.2892976403236389,0.29371756315231323
1706696178946,0.28923599421977997,0.3046627342700958
1706696178957,0.29341863095760345,0.31173068284988403
1706696178968,0.3188844174146652,0.33081766963005066
1706696178979,0.38796624541282654,0.3777231425046921
1706696178990,0.4936307370662689,0.45300282537937164
1706696179023,0.5377011895179749,0.4797808974981308
1706696179024,0.5667156279087067,0.5009299665689468
1706696179041,0.5718746185302734,0.5243396162986755
1706696179046,0.5688592195510864,0.5296221077442169
1706696179056,0.5727565288543701,0.5262247622013092
1706696179068,0.575174480676651,0.5252164006233215
1706696179079,0.5734683871269226,0.532152846455574
1706696179090,0.5714190006256104,0.5396416932344437
1706696179101,0.5713440477848053,0.5422857254743576
1706696179112,0.5701820254325867,0.542040690779686
1706696179123,0.5700182020664215,0.5444220006465912
1706696179135,0.5714038908481598,0.5455688834190369
1706696179175,0.5697641968727112,0.5488266050815582
1706696179179,0.5670362412929535,0.5464963018894196
1706696179192,0.5690115392208099,0.5495742559432983
1706696179201,0.5676836669445038,0.5528536736965179
1706696179211,0.5697386860847473,0.5520250201225281
1706696179222,0.6392888426780701,0.6016654968261719
1706696179234,0.7691607475280762,0.6152059435844421
1706696179244,0.7691607475280762,0.6152059435844421
1706696179255,nan,nan
1706696179266,nan,nan
1706696179277,nan,nan
1706696179288,nan,nan
1706696179323,nan,nan
1706696179339,nan,nan
1706696179342,nan,nan
1706696179358,nan,nan
1706696179379,nan,nan
1706696179389,nan,nan
1706696179401,nan,nan
1706696179412,nan,nan
1706696179422,nan,nan
1706696179435,nan,nan
1706696179455,nan,nan
1706696179476,nan,nan
1706696179479,nan,nan
1706696179495,nan,nan
1706696179501,nan,nan
1706696179512,nan,nan
1706696179522,nan,nan
1706696179535,nan,nan
1706696179546,nan,nan
1706696179556,nan,nan
1706696179568,nan,nan
1706696179579,nan,nan
1706696179589,nan,nan
1706696179622,nan,nan
1706696179636,nan,nan
1706696179645,nan,nan
1706696179655,nan,nan
1706696179667,nan,nan
1706696179678,nan,nan
1706696179688,nan,nan
1706696179701,nan,nan
1706696179712,nan,nan
1706696179722,nan,nan
1706696179733,nan,nan
1706696179773,nan,nan
1706696179774,nan,nan
1706696179779,nan,nan
1706696179789,nan,nan
1706696179800,nan,nan
