timestamp,x,y
1704791574598,1357.0796966552734,804.1283655166626
1704791574610,1313.3055114746094,772.2626495361328
1704791574621,1241.4756393432617,704.7275447845459
1704791574632,877.7266311645508,401.7539048194885
1704791574672,811.2213134765625,332.7252924442291
1704791574676,734.1421890258789,281.3128387928009
1704791574691,732.7825164794922,282.629052400589
1704791574698,730.7273101806641,290.32289385795593
1704791574709,711.9242477416992,287.36472845077515
1704791574720,655.4029846191406,261.2706649303436
1704791574731,495.7011413574219,198.74954223632812
1704791574742,475.17581939697266,180.71382969617844
1704791574753,480.383358001709,182.00173258781433
1704791574765,457.6276397705078,172.43418842554092
1704791574776,451.9329261779785,174.5221647620201
1704791574787,452.2207260131836,165.9728729724884
1704791574823,459.2184638977051,179.36048358678818
1704791574824,460.5536079406738,184.9938976764679
1704791574839,387.75050163269043,158.17134216427803
1704791574842,376.66693687438965,144.72296878695488
1704791574854,377.0585536956787,135.2706342190504
1704791574865,369.15623664855957,108.55945743620396
1704791574876,369.51501846313477,110.00925712287426
1704791574887,369.80340003967285,116.88238084316254
1704791574898,348.4040355682373,94.56954337656498
1704791574909,334.8672103881836,91.88511349260807
1704791574920,329.8557758331299,85.17081007361412
1704791574961,348.93519401550293,110.24599459022284
1704791574962,355.06982803344727,114.02732600457966
1704791574965,368.09216499328613,130.2365979552269
1704791574979,370.18176078796387,136.6064152121544
1704791574987,366.6254234313965,114.16364282369614
1704791574998,454.6732521057129,148.76011714339256
1704791575010,559.7659492492676,158.45048904418945
1704791575021,676.2953758239746,183.36224019527435
1704791575031,976.9935989379883,177.57536351680756
1704791575043,1004.5587158203125,171.74788355827332
1704791575054,1006.9853973388672,154.9929177761078
1704791575065,1030.5280303955078,167.8039312362671
1704791575082,1023.8902282714844,167.67483115196228
1704791575109,1021.3273620605469,175.37177860736847
1704791575110,1023.431282043457,185.36953032016754
1704791575121,1017.9291152954102,184.67254221439362
1704791575133,1014.796142578125,168.74297261238098
1704791575143,1025.4088973999023,176.22879266738892
1704791575154,1032.8433990478516,170.03508925437927
1704791575164,1026.8664169311523,171.7816311120987
1704791575175,1021.6392517089844,164.09205973148346
1704791575186,1011.9026565551758,161.78372383117676
1704791575198,1016.2635040283203,151.216179728508
1704791575209,1019.5320510864258,145.93507379293442
1704791575220,1022.8072738647461,146.50648087263107
1704791575231,1019.7350692749023,140.91398656368256
1704791575242,1013.6077117919922,136.69548332691193
1704791575274,1006.7801666259766,138.14252972602844
1704791575275,998.6328506469727,152.88491070270538
1704791575292,1006.5853500366211,165.1072061061859
1704791575298,1003.7800216674805,144.13237988948822
1704791575310,1002.2911071777344,146.63978397846222
1704791575320,1004.939079284668,137.24183320999146
1704791575331,1012.0840454101562,155.4502773284912
1704791575342,997.4248886108398,149.22844290733337
1704791575353,965.4919815063477,148.27215492725372
1704791575364,855.7817840576172,144.9206918478012
1704791575375,838.0891036987305,144.23780411481857
1704791575386,839.8873901367188,148.74305963516235
1704791575425,843.2311630249023,146.1963665485382
1704791575426,843.8949966430664,154.13413882255554
1704791575431,831.0152435302734,157.53498673439026
1704791575443,821.2875747680664,153.321595788002
1704791575453,812.651481628418,157.48793005943298
1704791575464,811.5442276000977,155.6892889738083
1704791575476,832.5101089477539,159.54580128192902
1704791575487,919.1728591918945,156.24466180801392
1704791575498,1228.1231307983398,126.46178841590881
1704791575509,1309.3982696533203,114.76255059242249
1704791575520,1332.5858306884766,115.1499554514885
1704791575531,1344.1666412353516,118.44046533107758
1704791575543,1349.056396484375,117.91534781455994
1704791575576,1352.8996276855469,115.62113642692566
1704791575577,1342.6254272460938,113.46288621425629
1704791575594,1332.1693420410156,108.83835822343826
1704791575597,1339.9006652832031,108.59188735485077
1704791575610,1342.5738525390625,122.49655276536942
1704791575620,1345.7447814941406,124.76624876260757
1704791575631,1345.3350067138672,106.0497111082077
1704791575642,1341.9068145751953,103.79540026187897
1704791575653,1345.8341979980469,106.6305273771286
1704791575664,1349.298324584961,128.00991654396057
1704791575675,1379.4760131835938,126.33924901485443
1704791575725,1427.4887084960938,120.52664995193481
1704791575726,1544.2609405517578,88.3177587389946
1704791575731,1557.578353881836,78.93345236778259
1704791575753,1555.846939086914,80.61457246541977
1704791575764,1560.1531982421875,93.85536968708038
1704791575777,1562.5302124023438,86.56264990568161
1704791575787,1564.606704711914,74.24447223544121
1704791575797,1569.5175170898438,61.71208530664444
1704791575809,1568.8311004638672,61.015590727329254
1704791575820,1561.8597412109375,69.99650359153748
1704791575831,1564.8246002197266,66.56203016638756
1704791575842,1528.7724304199219,66.42365097999573
1704791575853,1435.0545501708984,77.78618440032005
1704791575870,1114.9071502685547,82.67883539199829
1704791575897,861.805305480957,98.1301967985928
1704791575914,611.5843200683594,199.91818606853485
1704791575920,611.0299110412598,194.68012690544128
1704791575932,603.0857467651367,200.3232854604721
1704791575942,595.5427360534668,198.42221081256866
1704791575953,596.8810844421387,191.02140069007874
1704791575964,600.9149742126465,200.355144739151
1704791575975,602.6368713378906,200.6183660030365
1704791575986,598.5592842102051,208.62157881259918
1704791575998,593.4350967407227,194.54975008964539
1704791576009,600.830249786377,198.3065915107727
1704791576044,582.6486206054688,203.68014514446259
1704791576045,450.89611053466797,248.4745967388153
1704791576061,386.3725471496582,277.8164505958557
1704791576064,367.68436431884766,276.9092524051666
1704791576076,369.1077423095703,273.7346863746643
1704791576087,369.1280937194824,274.0517234802246
1704791576097,365.5349349975586,249.9133551120758
1704791576109,361.9505310058594,250.45674920082092
1704791576120,354.42060470581055,247.94109463691711
1704791576131,357.02205657958984,261.57225251197815
1704791576141,357.9235076904297,258.5243511199951
1704791576153,363.4231185913086,262.4590015411377
1704791576194,372.4233627319336,269.55074071884155
1704791576197,876.8992614746094,115.79172492027283
1704791576211,970.4775619506836,94.75954502820969
1704791576220,1001.272087097168,90.23220419883728
1704791576231,1010.5130386352539,80.99280148744583
1704791576241,1005.5056381225586,78.77278536558151
1704791576253,1006.6975402832031,85.61258733272552
1704791576264,1017.9167556762695,96.82716339826584
1704791576275,1021.4489364624023,99.25995916128159
1704791576286,1022.3299407958984,99.4848221540451
1704791576297,1021.5301513671875,89.08793091773987
1704791576309,1026.4959716796875,78.88365715742111
1704791576347,1035.659294128418,86.1694085597992
1704791576348,1044.385108947754,89.05094057321548
1704791576353,1043.6849975585938,83.58516991138458
1704791576364,1059.4261169433594,86.15992963314056
1704791576376,1101.5034484863281,91.80963546037674
1704791576386,1133.8420867919922,85.2307802438736
1704791576397,1254.2544174194336,85.25630414485931
1704791576408,1249.4482040405273,91.61341041326523
1704791576419,1247.5028991699219,98.55646669864655
1704791576430,1245.3191375732422,111.44317209720612
1704791576442,1245.1517486572266,101.5084844827652
1704791576453,1251.0815811157227,104.57004368305206
1704791576490,1254.1400146484375,97.88759618997574
1704791576491,1255.6053161621094,107.06083953380585
1704791576498,1247.6935958862305,103.43357563018799
1704791576508,1243.9612197875977,99.23670709133148
1704791576521,1245.621681213379,106.38442397117615
1704791576530,1257.436294555664,114.2874938249588
1704791576541,1294.33837890625,127.21275866031647
1704791576552,1323.6720275878906,117.2742247581482
1704791576563,1387.5606536865234,116.41995459794998
1704791576575,1381.7365264892578,111.16210341453552
1704791576585,1383.6073303222656,124.60054993629456
1704791576596,1397.3681640625,117.17761695384979
1704791576608,1403.6203002929688,119.47522401809692
1704791576643,1409.417495727539,104.16226208209991
1704791576652,1385.415267944336,120.73768079280853
1704791576663,1393.8835906982422,125.5109292268753
1704791576675,1400.6372833251953,128.46269488334656
1704791576686,1401.3983917236328,122.89816796779633
1704791576697,1403.2659912109375,117.16664671897888
1704791576708,1404.393310546875,125.66056430339813
1704791576719,1410.0624084472656,114.99118208885193
1704791576730,1539.7677612304688,122.94141054153442
1704791576741,1566.5940856933594,116.87049061059952
1704791576752,1603.8554382324219,129.04075920581818
1704791576764,1583.7911987304688,109.48361456394196
1704791576803,1588.4347534179688,106.30333006381989
1704791576804,1589.868392944336,99.06343102455139
1704791576808,1579.2414093017578,100.46753525733948
1704791576825,1512.3541259765625,100.74061095714569
1704791576829,1388.7776184082031,71.11775413155556
1704791576841,1102.183952331543,112.59834587574005
1704791576852,557.9147529602051,231.31334602832794
1704791576863,548.2054901123047,298.4850811958313
1704791576875,528.8107872009277,295.01394867897034
1704791576885,527.3637199401855,304.73883390426636
1704791576896,539.8415374755859,305.69246649742126
1704791576907,549.2255973815918,307.5785422325134
1704791576919,552.5100517272949,297.71830201148987
1704791576930,544.1947746276855,286.6872560977936
1704791576964,536.4948272705078,290.96761107444763
1704791576965,533.8192749023438,291.6148817539215
1704791576980,506.31383895874023,285.7330119609833
1704791576987,504.0873336791992,289.8178446292877
1704791576996,505.49842834472656,280.12407302856445
1704791577007,505.4612731933594,279.1727578639984
1704791577019,504.21363830566406,275.9896409511566
1704791577030,433.3062171936035,297.5985360145569
1704791577041,394.6346092224121,292.76535630226135
1704791577052,376.9449043273926,297.9561495780945
1704791577063,354.25859451293945,279.46667432785034
1704791577074,360.9469413757324,278.5244035720825
1704791577110,354.58736419677734,280.405855178833
1704791577111,345.3114318847656,279.340363740921
1704791577119,334.2105960845947,269.2506766319275
1704791577130,339.7909164428711,259.50260639190674
1704791577142,339.6063804626465,257.8749883174896
1704791577152,345.8878707885742,256.50521636009216
1704791577163,336.1075782775879,261.74644589424133
1704791577174,345.6807518005371,267.2529995441437
1704791577185,403.9448356628418,258.25708508491516
1704791577197,793.8761520385742,179.86025154590607
1704791577208,914.1262054443359,170.56412279605865
1704791577219,971.5518188476562,167.93657183647156
1704791577230,1025.3196334838867,181.1628395318985
1704791577262,1032.5914764404297,185.54282248020172
1704791577263,1036.854019165039,188.5437262058258
1704791577281,1016.3315582275391,177.79349148273468
1704791577285,1015.9274291992188,188.67017090320587
1704791577296,1015.3206634521484,195.07908940315247
1704791577307,1021.7329025268555,196.17274403572083
1704791577318,1020.5896759033203,192.18849420547485
1704791577329,1020.6121826171875,208.31201434135437
1704791577340,1018.5142517089844,211.3909649848938
1704791577351,1026.040916442871,210.30876874923706
1704791577363,1017.1496963500977,207.0656669139862
1704791577374,1018.139533996582,209.69342708587646
1704791577412,1012.6203536987305,218.77885222434998
1704791577413,1017.9509735107422,225.19279718399048
1704791577418,1106.917610168457,231.73363208770752
1704791577430,1236.7608261108398,221.99705243110657
1704791577441,1243.7852478027344,216.55964612960815
1704791577452,1236.5824127197266,230.4503881931305
1704791577463,1278.852882385254,254.87124681472778
1704791577474,1339.9571228027344,268.3347988128662
1704791577484,1343.153076171875,262.56341457366943
1704791577495,1849.8678588867188,436.6949987411499
1704791577506,nan,nan
1704791577517,nan,nan
1704791577527,nan,nan
1704791577562,nan,nan
1704791577572,nan,nan
1704791577583,nan,nan
1704791577595,nan,nan
1704791577605,nan,nan
1704791577621,nan,nan
1704791577640,nan,nan
1704791577651,nan,nan
1704791577662,nan,nan
1704791577674,nan,nan
1704791577713,nan,nan
1704791577714,nan,nan
1704791577718,nan,nan
1704791577732,nan,nan
1704791577740,nan,nan
1704791577752,nan,nan
1704791577762,nan,nan
1704791577774,nan,nan
1704791577785,nan,nan
1704791577795,nan,nan
1704791577807,nan,nan
1704791577819,nan,nan
1704791577838,nan,nan
1704791577858,nan,nan
1704791577859,nan,nan
1704791577862,nan,nan
1704791577874,nan,nan
1704791577885,nan,nan
1704791577896,nan,nan
1704791577908,nan,nan
1704791577919,nan,nan
1704791577929,nan,nan
1704791577941,nan,nan
1704791577952,nan,nan
1704791577962,nan,nan
1704791577974,nan,nan
1704791578010,nan,nan
1704791578011,nan,nan
1704791578026,nan,nan
1704791578028,nan,nan
1704791578040,nan,nan
1704791578051,nan,nan
1704791578061,nan,nan
1704791578073,nan,nan
1704791578084,nan,nan
1704791578095,nan,nan
1704791578107,nan,nan
1704791578144,nan,nan
1704791578145,nan,nan
1704791578152,nan,nan
1704791578163,nan,nan
1704791578174,nan,nan
1704791578185,nan,nan
1704791578195,nan,nan
1704791578206,nan,nan
1704791578218,nan,nan
1704791578228,nan,nan
1704791578240,nan,nan
1704791578251,nan,nan
1704791578261,nan,nan
1704791578273,nan,nan
1704791578309,nan,nan
1704791578310,nan,nan
1704791578325,nan,nan
1704791578328,nan,nan
1704791578340,nan,nan
1704791578351,nan,nan
1704791578362,nan,nan
1704791578373,nan,nan
1704791578385,nan,nan
1704791578395,nan,nan
1704791578406,nan,nan
1704791578417,nan,nan
1704791578428,nan,nan
1704791578473,nan,nan
1704791578474,nan,nan
1704791578491,nan,nan
1704791578506,nan,nan
1704791578518,nan,nan
1704791578529,nan,nan
1704791578540,nan,nan
1704791578551,nan,nan
1704791578562,nan,nan
1704791578574,nan,nan
1704791578613,nan,nan
1704791578614,nan,nan
1704791578620,nan,nan
1704791578637,nan,nan
1704791578653,nan,nan
1704791578667,1117.2672271728516,450.6117582321167
1704791578677,1151.7324447631836,503.02411794662476
1704791578688,1151.7324447631836,503.02411794662476
1704791578701,1151.6301727294922,503.08709621429443
1704791578712,1154.7274017333984,513.982036113739
1704791578722,1167.475814819336,511.97640895843506
1704791578761,1171.3547897338867,510.4243755340576
1704791578767,1163.6480331420898,527.870922088623
1704791578778,1161.4181518554688,531.1181545257568
1704791578789,1167.6924896240234,545.8401989936829
1704791578800,1232.1805953979492,809.6070671081543
1704791578811,1241.2947463989258,841.858377456665
1704791578822,1247.013053894043,851.3141298294067
1704791578833,1240.9617233276367,806.8389844894409
1704791578844,1249.1133880615234,816.273021697998
1704791578855,1240.688591003418,826.5348100662231
1704791578867,1239.3020629882812,827.2221851348877
1704791578910,1238.1282806396484,830.6921911239624
1704791578911,1242.6319122314453,818.1802225112915
1704791578929,1242.5389862060547,816.9465780258179
1704791578934,1232.7961730957031,820.2159976959229
1704791578946,1236.5658950805664,821.6036224365234
1704791578956,1236.0527801513672,817.6631784439087
1704791578967,1230.2408599853516,818.9435148239136
1704791578978,1228.8588333129883,822.0498132705688
1704791578989,1230.2842712402344,821.9745397567749
1704791579000,1238.9643478393555,821.9061756134033
1704791579012,1210.1673889160156,817.2064733505249
1704791579022,1130.3980255126953,840.7464408874512
1704791579045,753.1990051269531,892.3230028152466
1704791579079,613.5399055480957,902.4215841293335
1704791579080,477.30085372924805,948.9925003051758
1704791579097,398.39147567749023,912.8734874725342
1704791579100,416.79447174072266,923.5934829711914
1704791579112,414.1130828857422,927.422604560852
1704791579123,402.77421951293945,923.3513116836548
1704791579133,392.9551887512207,915.6657314300537
1704791579144,391.4000129699707,915.9460544586182
1704791579156,396.91184997558594,916.8219995498657
1704791579167,399.78017807006836,917.4832820892334
1704791579178,397.0467948913574,910.3404951095581
1704791579189,387.66700744628906,890.1547479629517
1704791579200,360.86116790771484,838.6886930465698
1704791579212,357.1604347229004,833.1476354598999
1704791579247,356.3636779785156,830.9815692901611
1704791579248,366.2550163269043,826.0305547714233
1704791579256,375.91548919677734,830.8683156967163
1704791579267,374.3184471130371,829.795732498169
1704791579278,378.47578048706055,829.7986078262329
1704791579289,375.8799743652344,830.6221103668213
1704791579300,384.12179946899414,833.7472486495972
1704791579311,376.24250411987305,835.1131582260132
1704791579322,369.6868133544922,835.2119493484497
1704791579333,355.9065818786621,834.5224285125732
1704791579344,364.5635986328125,835.7174921035767
1704791579355,377.3800277709961,840.0170087814331
1704791579396,383.61013412475586,844.3453645706177
1704791579397,381.5516471862793,847.0725917816162
1704791579399,374.3747138977051,838.4614562988281
1704791579415,380.25814056396484,842.6253604888916
1704791579423,383.7836265563965,847.7888059616089
1704791579434,441.07133865356445,877.4760103225708
1704791579444,518.751277923584,914.3256139755249
1704791579455,655.281982421875,982.2230529785156
1704791579466,nan,nan
1704791579476,nan,nan
1704791579487,nan,nan
1704791579498,nan,nan
1704791579509,nan,nan
1704791579552,nan,nan
1704791579553,nan,nan
1704791579554,nan,nan
1704791579572,nan,nan
1704791579576,nan,nan
1704791579589,nan,nan
1704791579598,nan,nan
1704791579609,nan,nan
1704791579620,nan,nan
1704791579631,nan,nan
1704791579642,nan,nan
1704791579654,nan,nan
1704791579665,nan,nan
1704791579676,nan,nan
1704791579715,nan,nan
1704791579719,nan,nan
1704791579732,nan,nan
1704791579745,nan,nan
1704791579754,nan,nan
1704791579765,1196.9792938232422,452.10920333862305
1704791579776,1196.9792938232422,452.10920333862305
1704791579787,1196.9792938232422,452.10920333862305
1704791579799,1210.3675842285156,411.6847085952759
1704791579809,1210.3675842285156,411.6847085952759
1704791579820,1210.3675842285156,411.6847085952759
1704791579863,nan,nan
1704791579864,nan,nan
1704791579875,nan,nan
1704791579886,nan,nan
1704791579899,nan,nan
1704791579909,nan,nan
1704791579920,nan,nan
1704791579931,nan,nan
1704791579942,nan,nan
1704791579953,nan,nan
1704791579965,nan,nan
1704791579976,nan,nan
1704791579987,nan,nan
1704791580031,nan,nan
1704791580032,nan,nan
1704791580049,954.63623046875,834.5494651794434
1704791580056,949.1268920898438,833.9201545715332
1704791580067,951.8368530273438,825.0765037536621
1704791580077,930.4525375366211,800.8240985870361
1704791580088,917.7579879760742,790.5869007110596
1704791580100,911.7036056518555,788.9864158630371
1704791580111,933.2888412475586,793.5395193099976
1704791580122,940.6465148925781,794.666690826416
1704791580133,1027.4719619750977,815.2109956741333
1704791580144,1078.6231994628906,828.6074066162109
1704791580179,1135.3328704833984,841.7154264450073
1704791580180,1268.531723022461,888.6146879196167
1704791580181,1256.2430572509766,878.3543157577515
1704791580188,1249.1861724853516,870.1604890823364
1704791580198,1262.7041244506836,872.5192880630493
1704791580212,1265.6732940673828,854.5251417160034
1704791580221,1264.2782592773438,878.8085746765137
1704791580232,1237.9476165771484,871.8980884552002
1704791580244,1235.270118713379,876.6746091842651
1704791580255,1232.768211364746,870.2545166015625
1704791580266,1241.0137557983398,874.1992521286011
1704791580277,1237.9952239990234,870.5418348312378
1704791580288,1237.179183959961,876.4365148544312
1704791580327,1238.477554321289,881.4923286437988
1704791580328,1239.590187072754,887.4293231964111
1704791580333,1246.2625122070312,870.643630027771
1704791580345,1247.3831939697266,869.7972965240479
1704791580355,1242.1343994140625,874.6142435073853
1704791580366,1240.1759338378906,869.0860605239868
1704791580377,1237.820930480957,868.4744310379028
1704791580388,1229.5833206176758,866.7052030563354
1704791580400,1233.036003112793,882.1550273895264
1704791580411,1225.9522247314453,872.6831388473511
1704791580422,1235.3057479858398,873.8603496551514
1704791580433,1221.251220703125,854.593505859375
1704791580444,1228.966941833496,866.9032573699951
1704791580481,1227.5883865356445,857.0489072799683
1704791580482,1222.1167373657227,849.9395084381104
1704791580488,1217.406997680664,856.0063648223877
1704791580500,1221.8083572387695,862.0460557937622
1704791580510,1219.7543716430664,862.798662185669
1704791580521,1221.809425354004,862.5445604324341
1704791580533,1215.6767272949219,848.8925457000732
1704791580544,1217.1902465820312,847.7196264266968
1704791580555,1219.6791458129883,847.483549118042
1704791580566,1226.6474914550781,862.3183536529541
1704791580577,1230.7452011108398,860.1156806945801
1704791580588,1230.4883193969727,853.9364719390869
1704791580628,1229.3819427490234,850.6981229782104
1704791580629,1215.2047729492188,847.5167226791382
1704791580633,1227.2694778442383,849.88938331604
1704791580646,1236.0051345825195,855.7836771011353
1704791580655,1227.701759338379,862.193341255188
1704791580666,1226.7833709716797,858.7718296051025
1704791580677,1231.8881607055664,873.3088874816895
1704791580688,1237.7700424194336,877.9065370559692
1704791580699,1242.5053405761719,915.6148767471313
1704791580710,1240.8387756347656,911.9570732116699
1704791580721,1240.770149230957,919.3474388122559
1704791580732,1243.393669128418,925.2273559570312
1704791580743,1247.3806762695312,931.8851137161255
1704791580782,1246.620750427246,929.2117881774902
1704791580788,1244.6097564697266,908.6730194091797
1704791580802,1244.6140670776367,902.142162322998
1704791580810,1246.9542694091797,903.4434413909912
1704791580821,1239.594497680664,905.7193279266357
1704791580832,1238.788833618164,907.9934978485107
1704791580843,1243.7598419189453,905.9193134307861
1704791580854,1246.9118118286133,903.335165977478
1704791580866,1257.1840286254883,905.669116973877
1704791580877,1254.4811248779297,906.8572282791138
1704791580888,1247.9327011108398,909.1312265396118
1704791580910,1233.5517120361328,897.3522090911865
1704791580931,1250.3523254394531,917.5760650634766
1704791580932,1314.6895599365234,966.3387537002563
1704791580950,nan,nan
1704791580953,nan,nan
1704791580965,nan,nan
1704791580975,nan,nan
1704791580986,nan,nan
1704791580998,693.8643646240234,211.9719958305359
1704791581008,693.8643646240234,211.9719958305359
1704791581020,693.8643646240234,211.9719958305359
1704791581031,979.2086029052734,366.6748809814453
1704791581042,979.2086029052734,366.6748809814453
1704791581081,979.2086029052734,366.6748809814453
1704791581082,1076.0093688964844,352.52285957336426
1704791581085,1076.0093688964844,352.52285957336426
1704791581099,nan,nan
1704791581108,nan,nan
1704791581120,nan,nan
1704791581130,nan,nan
1704791581141,nan,nan
1704791581152,nan,nan
1704791581164,1213.4414672851562,265.70666313171387
1704791581175,1213.4414672851562,265.70666313171387
1704791581187,1213.4414672851562,265.70666313171387
1704791581228,1354.7152709960938,317.9729175567627
1704791581231,nan,nan
1704791581245,nan,nan
1704791581253,nan,nan
1704791581266,nan,nan
1704791581275,nan,nan
1704791581286,nan,nan
1704791581296,nan,nan
1704791581307,nan,nan
1704791581318,nan,nan
1704791581330,nan,nan
1704791581341,nan,nan
1704791581358,nan,nan
1704791581379,nan,nan
1704791581380,nan,nan
1704791581385,nan,nan
1704791581397,nan,nan
1704791581408,nan,nan
1704791581419,nan,nan
1704791581430,nan,nan
1704791581440,nan,nan
1704791581451,nan,nan
1704791581462,nan,nan
1704791581473,nan,nan
1704791581484,nan,nan
1704791581495,nan,nan
1704791581532,nan,nan
1704791581540,nan,nan
1704791581551,nan,nan
1704791581562,nan,nan
1704791581573,nan,nan
1704791581584,nan,nan
1704791581596,nan,nan
1704791581607,nan,nan
1704791581617,nan,nan
1704791581629,nan,nan
1704791581641,nan,nan
1704791581681,nan,nan
1704791581682,nan,nan
1704791581684,nan,nan
1704791581699,nan,nan
1704791581707,nan,nan
1704791581718,nan,nan
1704791581729,nan,nan
1704791581740,nan,nan
1704791581751,nan,nan
1704791581762,nan,nan
1704791581774,nan,nan
1704791581784,nan,nan
1704791581796,nan,nan
1704791581829,nan,nan
1704791581830,nan,nan
1704791581840,nan,nan
1704791581851,nan,nan
1704791581862,nan,nan
1704791581873,nan,nan
1704791581884,nan,nan
1704791581895,nan,nan
1704791581906,nan,nan
1704791581917,nan,nan
1704791581929,nan,nan
1704791581941,nan,nan
1704791581980,nan,nan
1704791581981,nan,nan
1704791581984,nan,nan
1704791581997,nan,nan
1704791582007,nan,nan
1704791582017,nan,nan
1704791582029,nan,nan
1704791582040,nan,nan
1704791582061,nan,nan
1704791582062,nan,nan
1704791582073,nan,nan
1704791582084,nan,nan
1704791582095,nan,nan
1704791582131,nan,nan
1704791582132,nan,nan
1704791582140,nan,nan
1704791582150,nan,nan
1704791582163,nan,nan
1704791582173,nan,nan
1704791582184,nan,nan
1704791582195,nan,nan
1704791582206,nan,nan
1704791582217,nan,nan
1704791582227,nan,nan
1704791582245,nan,nan
1704791582280,nan,nan
1704791582281,nan,nan
1704791582286,nan,nan
1704791582297,nan,nan
1704791582310,nan,nan
1704791582320,nan,nan
1704791582331,nan,nan
1704791582343,nan,nan
1704791582353,nan,nan
1704791582364,nan,nan
1704791582375,nan,nan
1704791582414,nan,nan
1704791582415,nan,nan
1704791582419,nan,nan
1704791582431,nan,nan
1704791582442,nan,nan
1704791582452,nan,nan
1704791582464,nan,nan
1704791582475,nan,nan
1704791582486,nan,nan
1704791582497,nan,nan
1704791582508,nan,nan
1704791582519,nan,nan
1704791582530,nan,nan
1704791582563,nan,nan
1704791582580,nan,nan
1704791582587,nan,nan
1704791582597,nan,nan
1704791582609,nan,nan
1704791582619,nan,nan
1704791582630,nan,nan
1704791582642,nan,nan
1704791582653,nan,nan
1704791582664,nan,nan
1704791582675,nan,nan
1704791582693,nan,nan
1704791582715,nan,nan
1704791582716,nan,nan
1704791582719,nan,nan
1704791582731,nan,nan
1704791582742,nan,nan
1704791582753,nan,nan
1704791582764,nan,nan
1704791582775,nan,nan
1704791582786,nan,nan
1704791582797,nan,nan
1704791582809,nan,nan
1704791582820,nan,nan
1704791582861,nan,nan
1704791582862,nan,nan
1704791582863,nan,nan
1704791582880,nan,nan
1704791582886,nan,nan
1704791582897,nan,nan
1704791582908,nan,nan
1704791582919,nan,nan
1704791582930,nan,nan
1704791582941,nan,nan
1704791582952,nan,nan
1704791582963,nan,nan
1704791582975,nan,nan
1704791583014,nan,nan
1704791583015,nan,nan
1704791583019,nan,nan
1704791583030,nan,nan
1704791583042,nan,nan
1704791583052,nan,nan
1704791583063,nan,nan
1704791583075,nan,nan
1704791583086,nan,nan
1704791583097,nan,nan
1704791583109,nan,nan
1704791583119,nan,nan
1704791583130,nan,nan
1704791583166,nan,nan
1704791583167,nan,nan
1704791583175,nan,nan
1704791583186,nan,nan
1704791583199,nan,nan
1704791583209,nan,nan
1704791583219,nan,nan
1704791583230,nan,nan
1704791583242,nan,nan
1704791583252,nan,nan
1704791583263,nan,nan
1704791583274,nan,nan
1704791583315,nan,nan
1704791583319,nan,nan
1704791583332,nan,nan
1704791583342,nan,nan
1704791583352,nan,nan
1704791583363,nan,nan
1704791583375,nan,nan
1704791583385,nan,nan
1704791583396,nan,nan
1704791583408,nan,nan
1704791583419,nan,nan
1704791583430,nan,nan
1704791583463,nan,nan
1704791583464,nan,nan
1704791583479,nan,nan
1704791583486,nan,nan
1704791583497,nan,nan
1704791583508,nan,nan
1704791583519,nan,nan
1704791583530,nan,nan
1704791583542,nan,nan
1704791583552,nan,nan
1704791583564,nan,nan
1704791583598,nan,nan
1704791583600,nan,nan
1704791583608,nan,nan
1704791583618,nan,nan
1704791583631,nan,nan
1704791583642,nan,nan
1704791583652,nan,nan
1704791583663,nan,nan
1704791583674,nan,nan
1704791583685,nan,nan
1704791583696,nan,nan
1704791583730,nan,nan
1704791583731,nan,nan
1704791583746,nan,nan
1704791583753,nan,nan
1704791583763,nan,nan
1704791583775,nan,nan
1704791583785,nan,nan
1704791583796,nan,nan
1704791583808,nan,nan
1704791583819,nan,nan
1704791583830,nan,nan
1704791583842,nan,nan
1704791583860,nan,nan
1704791583881,nan,nan
1704791583882,nan,nan
1704791583886,nan,nan
1704791583897,nan,nan
1704791583909,nan,nan
1704791583919,nan,nan
1704791583929,nan,nan
1704791583941,nan,nan
1704791583952,nan,nan
1704791583963,nan,nan
1704791583975,nan,nan
1704791584015,nan,nan
1704791584019,nan,nan
1704791584032,nan,nan
1704791584041,nan,nan
1704791584052,nan,nan
1704791584062,nan,nan
1704791584074,nan,nan
1704791584085,nan,nan
1704791584096,nan,nan
1704791584108,nan,nan
1704791584118,nan,nan
1704791584129,nan,nan
1704791584167,nan,nan
1704791584168,nan,nan
1704791584174,nan,nan
1704791584185,nan,nan
1704791584198,nan,nan
1704791584208,nan,nan
1704791584218,nan,nan
1704791584229,nan,nan
1704791584241,nan,nan
1704791584252,nan,nan
1704791584264,nan,nan
1704791584282,nan,nan
1704791584315,nan,nan
1704791584320,nan,nan
1704791584331,nan,nan
1704791584344,nan,nan
1704791584353,nan,nan
1704791584366,nan,nan
1704791584377,nan,nan
1704791584387,1242.4520874023438,807.2387409210205
1704791584398,1242.4520874023438,807.2387409210205
1704791584410,1305.6057739257812,812.1874809265137
1704791584449,1315.489158630371,761.1880230903625
1704791584450,1253.5647201538086,718.6267304420471
1704791584456,1239.7034454345703,722.8562521934509
1704791584467,1245.2202606201172,723.7974071502686
1704791584479,1244.6759796142578,721.3797283172607
1704791584489,1248.7694931030273,724.4978284835815
1704791584500,1209.9192810058594,738.0951476097107
1704791584511,1240.6287002563477,743.2561683654785
1704791584522,1233.6302185058594,769.3341064453125
1704791584534,1237.1378707885742,815.1751613616943
1704791584545,1229.9390029907227,820.174412727356
1704791584555,1245.698013305664,814.9047088623047
1704791584566,1228.5969924926758,824.2333030700684
1704791584599,1226.8272018432617,829.1215753555298
1704791584600,1218.1798934936523,835.6944465637207
1704791584617,1206.5751266479492,826.943793296814
1704791584622,1208.7663269042969,834.2881107330322
1704791584634,1213.668556213379,838.7693738937378
1704791584644,1215.536117553711,838.4863471984863
1704791584655,1217.8403854370117,822.1099805831909
1704791584667,1218.8212585449219,815.6423807144165
1704791584677,1217.2960662841797,815.2495765686035
1704791584688,1204.7483825683594,823.4918546676636
1704791584700,1210.205307006836,837.9789590835571
1704791584711,1207.4539184570312,835.0123500823975
1704791584722,1208.2782363891602,830.7709407806396
1704791584757,1205.8928680419922,833.9195537567139
1704791584758,1206.8118286132812,833.9450025558472
1704791584767,1207.9953002929688,820.9940528869629
1704791584778,1214.2938995361328,820.2417039871216
1704791584789,1222.5157165527344,819.2068433761597
1704791584800,1233.636817932129,827.7576398849487
1704791584811,1230.3701782226562,830.557222366333
1704791584822,1221.3837432861328,833.1524419784546
1704791584833,1208.2844161987305,823.7537240982056
1704791584844,1210.635643005371,818.3779764175415
1704791584855,1207.3972702026367,817.939338684082
1704791584867,1218.238296508789,819.645824432373
1704791584878,1216.2084579467773,821.7632246017456
1704791584919,1221.4452743530273,818.9078950881958
1704791584920,1215.8484268188477,813.8758993148804
1704791584922,1217.7067565917969,812.724609375
1704791584937,1217.7294921875,810.0567770004272
1704791584945,1220.6806945800781,817.174973487854
1704791584956,1215.708122253418,820.538592338562
1704791584966,1208.5766983032227,816.8358993530273
1704791584977,1165.9254455566406,810.885214805603
1704791584988,1089.805030822754,810.526614189148
1704791584999,653.619327545166,787.449746131897
1704791585010,587.5483703613281,786.5428161621094
1704791585022,568.7384033203125,781.5370416641235
1704791585033,574.1403770446777,771.6789150238037
1704791585067,556.0027885437012,770.2325820922852
1704791585068,556.494140625,777.0290422439575
1704791585077,570.208625793457,780.9335231781006
1704791585088,570.8392906188965,777.3116397857666
1704791585100,571.8169784545898,779.7997856140137
1704791585111,560.8193778991699,777.8215599060059
1704791585122,558.4018898010254,771.4222812652588
1704791585133,550.2071380615234,766.0862302780151
1704791585143,534.466609954834,777.5578022003174
1704791585155,492.49473571777344,793.7171459197998
1704791585166,341.8072700500488,853.2555341720581
1704791585177,330.97229957580566,843.5030651092529
1704791585219,327.99089431762695,838.4918403625488
1704791585222,311.00746154785156,846.2837219238281
1704791585237,304.30782318115234,846.4349555969238
1704791585244,291.4848041534424,852.2783517837524
1704791585255,291.29626274108887,854.3225812911987
1704791585266,304.8023223876953,859.5961046218872
1704791585277,314.8178291320801,856.326470375061
1704791585289,311.0930633544922,849.6095752716064
1704791585300,315.16611099243164,848.4141254425049
1704791585311,308.83955001831055,843.9981365203857
1704791585322,306.20697021484375,843.9931583404541
1704791585332,294.3799304962158,834.3061780929565
1704791585366,305.64366340637207,828.6849975585938
1704791585367,309.94163513183594,831.924934387207
1704791585383,596.9352722167969,891.5722846984863
1704791585387,667.3876190185547,906.8840503692627
1704791585400,1321.482162475586,1243.565526008606
1704791585409,1409.9029541015625,1411.1629056930542
1704791585419,nan,nan
1704791585430,nan,nan
1704791585442,nan,nan
1704791585453,nan,nan
1704791585464,nan,nan
1704791585475,nan,nan
1704791585516,nan,nan
1704791585520,nan,nan
1704791585532,nan,nan
1704791585542,nan,nan
1704791585553,nan,nan
1704791585564,nan,nan
1704791585574,nan,nan
1704791585586,nan,nan
1704791585597,nan,nan
1704791585608,nan,nan
1704791585649,nan,nan
1704791585650,nan,nan
1704791585652,nan,nan
1704791585665,nan,nan
1704791585675,nan,nan
1704791585686,nan,nan
1704791585697,nan,nan
1704791585707,nan,nan
1704791585718,nan,nan
1704791585729,nan,nan
1704791585740,nan,nan
1704791585752,nan,nan
1704791585763,nan,nan
1704791585800,nan,nan
1704791585801,nan,nan
1704791585807,nan,nan
1704791585819,nan,nan
1704791585830,nan,nan
1704791585841,nan,nan
1704791585852,nan,nan
1704791585863,nan,nan
1704791585874,nan,nan
1704791585885,nan,nan
1704791585896,nan,nan
1704791585907,nan,nan
1704791585918,nan,nan
1704791585951,nan,nan
1704791585952,nan,nan
1704791585969,nan,nan
1704791585975,nan,nan
1704791585985,nan,nan
1704791585997,nan,nan
1704791586008,nan,nan
1704791586019,nan,nan
1704791586030,nan,nan
1704791586041,nan,nan
1704791586052,nan,nan
1704791586063,nan,nan
1704791586099,nan,nan
1704791586107,nan,nan
1704791586119,nan,nan
1704791586129,nan,nan
1704791586140,nan,nan
1704791586151,nan,nan
1704791586163,nan,nan
1704791586174,nan,nan
1704791586185,nan,nan
1704791586196,nan,nan
1704791586207,nan,nan
1704791586218,nan,nan
1704791586250,nan,nan
1704791586251,nan,nan
1704791586269,nan,nan
1704791586279,nan,nan
1704791586298,nan,nan
1704791586310,nan,nan
1704791586327,nan,nan
1704791586343,nan,nan
1704791586354,nan,nan
1704791586365,nan,nan
1704791586400,nan,nan
1704791586411,nan,nan
1704791586421,nan,nan
1704791586433,nan,nan
1704791586444,nan,nan
1704791586455,nan,nan
1704791586465,nan,nan
1704791586476,nan,nan
1704791586487,nan,nan
1704791586499,nan,nan
1704791586510,nan,nan
1704791586552,nan,nan
1704791586554,nan,nan
1704791586573,nan,nan
1704791586577,nan,nan
1704791586588,nan,nan
1704791586599,nan,nan
1704791586610,nan,nan
1704791586621,nan,nan
1704791586632,nan,nan
1704791586643,nan,nan
1704791586654,nan,nan
1704791586666,nan,nan
1704791586677,nan,nan
1704791586718,nan,nan
1704791586721,nan,nan
1704791586733,nan,nan
1704791586744,nan,nan
1704791586754,nan,nan
1704791586766,nan,nan
1704791586777,nan,nan
1704791586788,nan,nan
1704791586799,nan,nan
1704791586810,nan,nan
1704791586821,nan,nan
1704791586832,nan,nan
1704791586868,nan,nan
1704791586869,nan,nan
1704791586876,nan,nan
1704791586887,nan,nan
1704791586898,nan,nan
1704791586909,nan,nan
1704791586920,nan,nan
1704791586931,nan,nan
1704791586941,nan,nan
1704791586959,nan,nan
1704791587001,nan,nan
1704791587002,nan,nan
1704791587020,nan,nan
1704791587023,nan,nan
1704791587035,nan,nan
1704791587045,nan,nan
1704791587056,nan,nan
1704791587068,nan,nan
1704791587079,nan,nan
1704791587090,nan,nan
1704791587101,nan,nan
1704791587111,nan,nan
1704791587150,nan,nan
1704791587151,nan,nan
1704791587155,nan,nan
1704791587169,nan,nan
1704791587178,nan,nan
1704791587189,nan,nan
1704791587200,nan,nan
1704791587212,nan,nan
1704791587222,nan,nan
1704791587233,nan,nan
1704791587245,nan,nan
1704791587255,nan,nan
1704791587267,nan,nan
1704791587300,nan,nan
1704791587301,nan,nan
1704791587317,nan,nan
1704791587323,nan,nan
1704791587336,nan,nan
1704791587345,nan,nan
1704791587355,nan,nan
1704791587366,nan,nan
1704791587378,nan,nan
1704791587389,nan,nan
1704791587400,nan,nan
1704791587411,nan,nan
1704791587449,nan,nan
1704791587450,nan,nan
1704791587455,nan,nan
1704791587466,nan,nan
1704791587480,nan,nan
1704791587489,nan,nan
1704791587500,nan,nan
1704791587511,nan,nan
1704791587522,nan,nan
1704791587533,nan,nan
1704791587545,nan,nan
1704791587555,nan,nan
1704791587567,nan,nan
1704791587600,nan,nan
1704791587601,nan,nan
1704791587617,nan,nan
1704791587622,nan,nan
1704791587634,nan,nan
1704791587645,nan,nan
1704791587656,nan,nan
1704791587667,nan,nan
1704791587678,nan,nan
1704791587690,nan,nan
1704791587700,nan,nan
1704791587735,nan,nan
1704791587736,nan,nan
1704791587744,nan,nan
1704791587755,nan,nan
1704791587766,nan,nan
1704791587778,nan,nan
1704791587788,nan,nan
1704791587799,nan,nan
1704791587811,nan,nan
1704791587822,nan,nan
1704791587833,nan,nan
1704791587845,nan,nan
1704791587884,nan,nan
1704791587885,nan,nan
1704791587888,nan,nan
1704791587902,nan,nan
1704791587912,nan,nan
1704791587922,nan,nan
1704791587933,nan,nan
1704791587945,nan,nan
1704791587956,nan,nan
1704791587967,nan,nan
1704791587977,nan,nan
1704791587988,nan,nan
1704791587999,nan,nan
1704791588035,nan,nan
1704791588036,nan,nan
1704791588052,nan,nan
1704791588055,nan,nan
1704791588067,nan,nan
1704791588078,nan,nan
1704791588088,nan,nan
1704791588099,nan,nan
1704791588111,nan,nan
1704791588122,nan,nan
1704791588133,nan,nan
1704791588167,nan,nan
1704791588168,nan,nan
1704791588183,nan,nan
1704791588189,nan,nan
1704791588200,nan,nan
1704791588212,nan,nan
1704791588222,nan,nan
1704791588233,nan,nan
1704791588244,nan,nan
1704791588255,nan,nan
1704791588267,nan,nan
1704791588279,nan,nan
1704791588321,nan,nan
1704791588322,nan,nan
1704791588336,nan,nan
1704791588345,nan,nan
1704791588355,nan,nan
1704791588366,nan,nan
1704791588378,nan,nan
1704791588388,nan,nan
1704791588399,nan,nan
1704791588411,nan,nan
1704791588421,nan,nan
1704791588432,nan,nan
1704791588467,nan,nan
1704791588482,nan,nan
1704791588489,nan,nan
1704791588500,nan,nan
1704791588511,nan,nan
1704791588522,nan,nan
1704791588532,nan,nan
1704791588544,nan,nan
1704791588555,nan,nan
1704791588566,nan,nan
1704791588601,nan,nan
1704791588602,nan,nan
1704791588618,nan,nan
1704791588622,nan,nan
1704791588634,nan,nan
1704791588644,nan,nan
1704791588655,nan,nan
1704791588666,nan,nan
1704791588678,nan,nan
1704791588689,nan,nan
1704791588700,nan,nan
1704791588711,nan,nan
1704791588730,nan,nan
1704791588750,nan,nan
1704791588751,nan,nan
1704791588754,nan,nan
1704791588768,nan,nan
1704791588777,nan,nan
1704791588788,nan,nan
1704791588799,nan,nan
1704791588810,nan,nan
1704791588821,nan,nan
1704791588832,nan,nan
1704791588844,nan,nan
1704791588882,nan,nan
1704791588883,nan,nan
1704791588888,nan,nan
1704791588899,nan,nan
1704791588911,nan,nan
1704791588921,nan,nan
1704791588941,nan,nan
1704791588955,nan,nan
1704791588966,nan,nan
1704791588977,nan,nan
1704791588989,nan,nan
1704791589000,nan,nan
1704791589034,nan,nan
1704791589050,nan,nan
1704791589069,nan,nan
1704791589086,nan,nan
1704791589103,nan,nan
1704791589113,nan,nan
1704791589125,1220.6184387207031,748.2085990905762
1704791589136,1166.8779754638672,766.8126583099365
1704791589148,1166.8779754638672,766.8126583099365
1704791589185,1034.2962265014648,874.076771736145
1704791589192,1156.2773132324219,813.3485126495361
1704791589204,1152.7940368652344,814.9362516403198
1704791589215,1149.2546844482422,800.6959962844849
1704791589226,1151.0676193237305,792.8585815429688
1704791589237,1160.8699035644531,785.025372505188
1704791589248,1176.5166091918945,792.1724081039429
1704791589259,1181.5825271606445,794.5170879364014
1704791589271,1174.5405578613281,789.2530918121338
1704791589282,1167.7655792236328,785.1375532150269
1704791589293,1150.2166748046875,794.6517562866211
1704791589339,1090.358543395996,800.634069442749
1704791589349,420.0364685058594,825.5674982070923
1704791589360,401.29085540771484,837.8176403045654
1704791589371,424.06347274780273,826.6219282150269
1704791589382,415.3036880493164,829.3978643417358
1704791589393,417.1647834777832,821.5189504623413
1704791589404,414.2101287841797,818.6546516418457
1704791589415,405.23916244506836,818.4331226348877
1704791589426,405.4536437988281,822.1509647369385
1704791589438,411.6965103149414,816.5642881393433
1704791589449,423.9797019958496,817.3491668701172
1704791589487,435.31776428222656,823.1805038452148
1704791589492,603.2004547119141,818.6200189590454
1704791589504,1150.3353118896484,797.8783464431763
1704791589514,1203.2356643676758,795.168285369873
1704791589525,1223.0216217041016,792.0759344100952
1704791589537,1211.4228439331055,787.6449251174927
1704791589548,1224.2298889160156,793.8470077514648
1704791589559,1218.811149597168,803.6000776290894
1704791589570,1225.6538391113281,793.5682725906372
1704791589581,1235.1452255249023,789.6696281433105
1704791589592,1229.1270446777344,783.3168697357178
1704791589613,1230.7991027832031,802.6958084106445
1704791589635,1219.9930953979492,799.9540758132935
1704791589636,1222.292709350586,799.8984146118164
1704791589637,1300.0619506835938,808.3778429031372
1704791589651,1392.977066040039,816.6031265258789
1704791589660,1510.0636291503906,827.5704860687256
1704791589671,1899.1068267822266,821.9494771957397
1704791589681,1918.727798461914,828.9066553115845
1704791589692,1908.1304168701172,829.2688179016113
1704791589703,1939.2072296142578,854.3457126617432
1704791589714,1938.9556121826172,860.4144144058228
1704791589725,1945.225601196289,854.9450254440308
1704791589737,1937.8897094726562,846.1206007003784
1704791589770,1933.7714385986328,839.0261793136597
1704791589771,1938.5137939453125,835.088095664978
1704791589789,1940.4862976074219,842.604546546936
1704791589792,1935.0459289550781,846.3995933532715
1704791589805,1791.0183715820312,841.8196249008179
1704791589815,1722.401351928711,832.4260997772217
1704791589826,1630.8921813964844,827.0300531387329
1704791589837,1403.0414581298828,800.0290060043335
1704791589848,1395.4425811767578,808.239312171936
1704791589859,1390.5432891845703,815.6530666351318
1704791589871,1370.3357696533203,820.9374475479126
1704791589881,1368.7101745605469,810.0317573547363
1704791589920,1375.4666137695312,804.5888900756836
1704791589926,1358.0693054199219,807.0873355865479
1704791589939,1359.142074584961,804.7363471984863
1704791589948,1363.4111022949219,812.4146747589111
1704791589959,1367.7813720703125,805.931282043457
1704791589970,1360.6040954589844,809.0377950668335
1704791589981,1354.9337768554688,801.6640377044678
1704791589993,1353.2561492919922,808.3847951889038
1704791590004,1346.7874908447266,798.6155891418457
1704791590015,1352.6032257080078,805.1580333709717
1704791590026,1350.081787109375,803.6764669418335
1704791590037,1361.5658569335938,812.1052551269531
1704791590072,1356.5504455566406,807.2705841064453
1704791590073,1378.689956665039,806.4275121688843
1704791590082,1481.2294006347656,799.3100452423096
1704791590092,1475.9748840332031,805.1517248153687
1704791590105,1449.0624237060547,807.3280477523804
1704791590114,1449.188232421875,800.3504419326782
1704791590125,1451.5227508544922,796.8196249008179
1704791590136,1450.1460266113281,803.0892562866211
1704791590148,1449.0214538574219,801.8910598754883
1704791590158,1510.181884765625,791.7814922332764
1704791590170,1787.2639465332031,798.2213258743286
1704791590181,1942.485122680664,824.7740364074707
1704791590224,2011.6560363769531,829.2566728591919
1704791590225,2030.8951568603516,819.4700002670288
1704791590242,2021.2427520751953,821.3543272018433
1704791590249,2019.6808624267578,830.3089141845703
1704791590259,2022.5727844238281,833.8695573806763
1704791590270,2030.0533294677734,831.7849445343018
1704791590281,2027.3992156982422,835.5213689804077
1704791590292,2016.3263702392578,836.7247581481934
1704791590303,2008.8438415527344,837.7838230133057
1704791590315,2001.9263458251953,828.5482263565063
1704791590326,2004.600601196289,827.9043245315552
1704791590350,1978.8716125488281,803.4576416015625
1704791590370,1974.1949462890625,804.0448951721191
1704791590371,1971.5557861328125,801.6816329956055
1704791590387,1964.6332550048828,819.1453456878662
1704791590392,1968.7450408935547,817.6592302322388
1704791590404,1965.8992004394531,823.9907455444336
1704791590415,1965.3836059570312,829.7280120849609
1704791590425,1966.4644622802734,830.571084022522
1704791590436,1962.9193115234375,823.6762189865112
1704791590448,1955.092544555664,811.943678855896
1704791590458,1956.651840209961,803.686637878418
1704791590470,1948.122787475586,811.0158061981201
1704791590482,1956.8287658691406,814.2319250106812
1704791590501,1984.7837829589844,832.3999643325806
1704791590523,2052.407760620117,879.744086265564
1704791590524,nan,nan
1704791590541,nan,nan
1704791590545,nan,nan
1704791590558,nan,nan
1704791590568,nan,nan
1704791590579,nan,nan
1704791590590,nan,nan
1704791590601,nan,nan
1704791590612,nan,nan
1704791590622,nan,nan
1704791590633,nan,nan
1704791590644,nan,nan
1704791590689,nan,nan
1704791590691,nan,nan
1704791590709,nan,nan
1704791590714,nan,nan
1704791590725,nan,nan
1704791590736,nan,nan
1704791590748,nan,nan
1704791590758,nan,nan
1704791590769,nan,nan
1704791590781,nan,nan
1704791590792,nan,nan
1704791590802,nan,nan
1704791590837,nan,nan
1704791590838,nan,nan
1704791590853,nan,nan
1704791590857,nan,nan
1704791590868,nan,nan
1704791590880,nan,nan
1704791590891,nan,nan
1704791590902,nan,nan
1704791590913,nan,nan
1704791590924,nan,nan
1704791590936,nan,nan
1704791590947,nan,nan
1704791590990,nan,nan
1704791590991,nan,nan
1704791591006,nan,nan
1704791591014,nan,nan
1704791591024,nan,nan
1704791591035,nan,nan
1704791591047,nan,nan
1704791591058,nan,nan
1704791591069,nan,nan
1704791591081,nan,nan
1704791591123,nan,nan
1704791591124,nan,nan
1704791591125,nan,nan
1704791591138,nan,nan
1704791591148,nan,nan
1704791591158,nan,nan
1704791591168,nan,nan
1704791591180,nan,nan
1704791591191,nan,nan
1704791591201,nan,nan
1704791591213,nan,nan
1704791591232,nan,nan
1704791591269,nan,nan
1704791591270,nan,nan
1704791591285,nan,nan
1704791591291,nan,nan
1704791591303,nan,nan
1704791591314,nan,nan
1704791591324,nan,nan
1704791591341,nan,nan
1704791591361,nan,nan
1704791591403,nan,nan
1704791591406,1377.5413513183594,687.066593170166
1704791591420,1374.9665069580078,767.111005783081
1704791591429,1371.994400024414,774.2849063873291
1704791591441,1349.2769622802734,771.449704170227
1704791591452,1355.039291381836,770.9372091293335
1704791591462,1354.9024963378906,773.749794960022
1704791591474,1357.3150634765625,783.2663583755493
1704791591485,1355.5693817138672,779.187126159668
1704791591496,1354.2446899414062,771.0468149185181
1704791591507,1354.595947265625,769.7698473930359
1704791591519,1353.2582092285156,771.7559909820557
1704791591553,1356.4314270019531,779.0332317352295
1704791591569,1353.801040649414,776.6113042831421
1704791591573,1345.2963256835938,779.148416519165
1704791591584,1347.0025634765625,772.5767469406128
1704791591595,1340.537109375,769.8857402801514
1704791591607,1350.8958435058594,773.8168287277222
1704791591618,1344.5407104492188,765.1741290092468
1704791591628,1349.9549102783203,767.6159262657166
1704791591640,1336.944808959961,760.7815074920654
1704791591651,1344.555435180664,774.3314266204834
1704791591687,1342.6770782470703,776.0461521148682
1704791591695,1344.563217163086,785.0872349739075
1704791591707,1340.9064483642578,814.7545909881592
1704791591719,1349.5843505859375,814.9535894393921
1704791591728,1354.4072723388672,813.6950540542603
1704791591738,1476.0978698730469,828.206148147583
1704791591750,nan,nan
1704791591761,nan,nan
1704791591772,nan,nan
1704791591783,nan,nan
1704791591794,nan,nan
1704791591804,nan,nan
1704791591838,nan,nan
1704791591839,nan,nan
1704791591848,nan,nan
1704791591859,nan,nan
1704791591870,nan,nan
1704791591881,nan,nan
1704791591893,nan,nan
1704791591904,nan,nan
1704791591914,nan,nan
1704791591932,nan,nan
1704791591950,nan,nan
1704791591987,nan,nan
1704791591988,nan,nan
1704791591995,nan,nan
1704791592006,nan,nan
1704791592018,nan,nan
1704791592028,nan,nan
1704791592039,nan,nan
1704791592051,nan,nan
1704791592062,nan,nan
1704791592073,nan,nan
1704791592084,nan,nan
1704791592121,nan,nan
1704791592122,nan,nan
1704791592128,nan,nan
1704791592139,nan,nan
1704791592152,nan,nan
1704791592161,nan,nan
1704791592172,nan,nan
1704791592184,nan,nan
1704791592195,nan,nan
1704791592205,nan,nan
1704791592217,nan,nan
1704791592228,nan,nan
1704791592239,nan,nan
1704791592272,nan,nan
1704791592273,nan,nan
1704791592289,nan,nan
1704791592295,nan,nan
1704791592305,nan,nan
1704791592317,nan,nan
1704791592327,nan,nan
1704791592339,nan,nan
1704791592350,nan,nan
1704791592361,nan,nan
1704791592403,nan,nan
1704791592404,nan,nan
1704791592406,nan,nan
1704791592421,nan,nan
1704791592428,nan,nan
1704791592439,nan,nan
1704791592451,nan,nan
1704791592461,nan,nan
1704791592472,nan,nan
1704791592484,nan,nan
1704791592494,nan,nan
1704791592505,nan,nan
1704791592517,nan,nan
1704791592556,nan,nan
1704791592560,nan,nan
1704791592572,nan,nan
1704791592583,nan,nan
1704791592594,nan,nan
1704791592605,nan,nan
1704791592616,nan,nan
1704791592627,nan,nan
1704791592638,nan,nan
1704791592650,nan,nan
1704791592661,nan,nan
1704791592672,nan,nan
1704791592705,nan,nan
1704791592706,nan,nan
1704791592722,nan,nan
1704791592728,nan,nan
1704791592740,nan,nan
1704791592750,nan,nan
1704791592761,nan,nan
1704791592772,nan,nan
1704791592783,nan,nan
1704791592794,nan,nan
1704791592805,nan,nan
1704791592817,nan,nan
1704791592857,nan,nan
1704791592858,nan,nan
1704791592861,nan,nan
1704791592872,nan,nan
1704791592884,nan,nan
1704791592894,nan,nan
1704791592905,nan,nan
1704791592917,nan,nan
1704791592927,nan,nan
1704791592938,nan,nan
1704791592950,nan,nan
1704791592960,nan,nan
1704791592971,nan,nan
1704791593007,nan,nan
1704791593008,nan,nan
1704791593016,nan,nan
1704791593027,nan,nan
1704791593038,nan,nan
1704791593050,nan,nan
1704791593060,nan,nan
1704791593072,nan,nan
1704791593083,nan,nan
1704791593094,nan,nan
1704791593105,nan,nan
1704791593142,nan,nan
1704791593143,nan,nan
1704791593150,nan,nan
1704791593162,nan,nan
1704791593172,nan,nan
1704791593183,nan,nan
1704791593194,nan,nan
1704791593205,nan,nan
1704791593217,nan,nan
1704791593227,nan,nan
1704791593238,nan,nan
1704791593249,nan,nan
1704791593291,nan,nan
1704791593294,nan,nan
1704791593309,nan,nan
1704791593316,nan,nan
1704791593327,nan,nan
1704791593338,nan,nan
1704791593349,nan,nan
1704791593360,nan,nan
1704791593371,nan,nan
1704791593383,nan,nan
1704791593402,nan,nan
1704791593441,nan,nan
1704791593442,nan,nan
1704791593459,nan,nan
1704791593462,nan,nan
1704791593474,nan,nan
1704791593484,nan,nan
1704791593495,nan,nan
1704791593507,nan,nan
1704791593518,nan,nan
1704791593529,1477.4476623535156,760.7125854492188
1704791593540,1598.4526062011719,690.370044708252
1704791593552,1600.6037902832031,709.3523597717285
1704791593590,1611.3937377929688,708.9174127578735
1704791593591,1587.4356079101562,726.5675067901611
1704791593596,1582.5047302246094,712.5275373458862
1704791593608,1589.7035217285156,720.4828834533691
1704791593620,1587.0951843261719,736.4473056793213
1704791593629,1553.1732177734375,746.0022354125977
1704791593640,1399.5494079589844,785.4866695404053
1704791593651,1363.8265991210938,771.8618202209473
1704791593663,1362.9566955566406,778.2441902160645
1704791593674,1336.6474914550781,795.7704734802246
1704791593685,1343.8377380371094,798.3832454681396
1704791593696,1353.7625122070312,793.53346824646
1704791593738,1357.1720886230469,791.9887733459473
1704791593739,1352.286376953125,790.2778244018555
1704791593741,1344.0922546386719,799.1048240661621
1704791593755,1349.0892028808594,805.6193733215332
1704791593763,1350.3288269042969,807.2929000854492
1704791593774,1354.4264221191406,799.0492916107178
1704791593785,1346.6032409667969,792.9353141784668
1704791593796,1343.1275939941406,788.5304832458496
1704791593806,1303.4657287597656,806.8216037750244
1704791593818,1307.3689270019531,820.9381771087646
1704791593829,1311.9749450683594,828.087272644043
1704791593840,1306.0273742675781,823.2414436340332
1704791593851,1291.4666748046875,803.3876037597656
1704791593868,1281.2861633300781,795.765323638916
1704791593890,1282.2647094726562,804.6097469329834
1704791593895,1301.5101623535156,814.1897392272949
1704791593907,1294.0744018554688,815.9979343414307
1704791593918,1292.3196411132812,817.5101852416992
1704791593929,1288.7348937988281,823.633861541748
1704791593940,1290.535888671875,830.4440975189209
1704791593951,1285.7659912109375,830.0888442993164
1704791593962,1282.7815246582031,838.4641170501709
1704791593973,1291.5272521972656,836.2808418273926
1704791593985,1305.1376342773438,836.3912200927734
1704791594023,1299.6742248535156,828.719072341919
1704791594029,1313.8240051269531,822.7012252807617
1704791594040,1306.7417907714844,821.028642654419
1704791594053,1299.5851135253906,812.0972728729248
1704791594062,1286.8544006347656,827.4429416656494
1704791594073,1292.3548889160156,841.732120513916
1704791594085,1301.88720703125,864.32541847229
1704791594096,1298.5430908203125,869.5542240142822
1704791594107,1283.8101196289062,850.1903915405273
1704791594118,1267.5237274169922,825.2748584747314
1704791594129,1276.8653869628906,809.846019744873
1704791594140,1276.5266418457031,799.7415161132812
1704791594175,1293.7677001953125,803.9098834991455
1704791594184,1277.115707397461,799.0932369232178
1704791594195,1287.9338073730469,800.0861263275146
1704791594207,1299.8471069335938,808.3779716491699
1704791594218,1294.5329284667969,808.1386756896973
1704791594229,1312.5981140136719,796.5564250946045
1704791594241,1292.7381896972656,783.7737464904785
1704791594253,1331.4431762695312,869.7661399841309
1704791594264,1331.1149597167969,873.4047603607178
1704791594275,1311.9295501708984,825.514497756958
1704791594306,1318.447265625,829.8618221282959
1704791594307,1309.3390655517578,833.7103414535522
1704791594309,1302.7609252929688,834.5776176452637
1704791594323,1301.128921508789,829.9908685684204
1704791594331,1306.7720794677734,825.4499101638794
1704791594342,1314.830093383789,837.7246427536011
1704791594353,1313.5031127929688,842.978982925415
1704791594364,1303.4334564208984,849.2702865600586
1704791594375,1300.2761840820312,844.4548416137695
1704791594386,1295.1773071289062,848.9059782028198
1704791594397,1301.1749267578125,848.8444375991821
1704791594408,1313.3104705810547,857.8660583496094
1704791594419,1305.2999114990234,855.8841419219971
1704791594459,1298.4857940673828,860.3248071670532
1704791594460,1268.8691711425781,841.2622404098511
1704791594464,1291.0152435302734,824.259352684021
1704791594477,1281.8603515625,820.9083080291748
1704791594486,1278.292465209961,822.1101951599121
1704791594497,1268.8641738891602,820.0474691390991
1704791594508,1275.1796340942383,819.5019721984863
1704791594519,1276.102180480957,821.7958831787109
1704791594530,1278.4416198730469,826.0872030258179
1704791594541,1276.9597625732422,832.1051359176636
1704791594552,1267.9462432861328,831.8625783920288
1704791594564,1271.7127227783203,827.4136734008789
1704791594575,1281.1217880249023,827.4683904647827
1704791594611,1284.5936584472656,824.8640298843384
1704791594612,1280.0542831420898,829.341516494751
1704791594628,1276.5342712402344,830.5628442764282
1704791594630,1271.4294052124023,826.2989044189453
1704791594642,1272.205467224121,826.6519260406494
1704791594653,1270.8119583129883,824.940333366394
1704791594664,1279.422721862793,827.0948553085327
1704791594675,1275.1711654663086,821.640830039978
1704791594686,1272.2085571289062,826.6269493103027
1704791594697,1271.746826171875,827.5703573226929
1704791594708,1276.9639587402344,836.3406658172607
1704791594720,1280.5659866333008,837.4966335296631
1704791594755,1273.0987930297852,839.711709022522
1704791594756,1256.6696548461914,825.6881332397461
1704791594770,1258.2783889770508,825.3142547607422
1704791594774,1264.3539810180664,822.6407146453857
1704791594787,1270.8197784423828,825.7154703140259
1704791594796,1284.0766525268555,817.0950651168823
1704791594808,1368.6624908447266,841.7298030853271
1704791594819,1380.0232696533203,848.5451030731201
1704791594830,1383.8554382324219,849.7261762619019
1704791594841,1349.498519897461,848.4045553207397
1704791594853,1349.7515869140625,843.1231355667114
1704791594863,1341.7619323730469,843.6058473587036
1704791594886,1347.8495788574219,842.1979665756226
1704791594906,1355.2033996582031,842.4516820907593
1704791594908,1364.7138977050781,835.4813718795776
1704791594922,1368.4288787841797,832.209849357605
1704791594929,1367.2469329833984,836.5267896652222
1704791594942,1365.8126831054688,839.1475439071655
1704791594952,1366.8646240234375,850.4064273834229
1704791594963,1366.8769073486328,848.1334590911865
1704791594975,1377.1908569335938,865.0282001495361
1704791594986,1373.1925964355469,864.3397092819214
1704791594997,1370.0786590576172,865.0512456893921
1704791595008,1359.4951629638672,856.0371351242065
1704791595048,1353.5143280029297,848.2204055786133
1704791595052,1360.0324249267578,866.1006116867065
1704791595069,1364.7960662841797,862.0615911483765
1704791595074,1370.6147003173828,864.7313117980957
1704791595087,1367.5599670410156,861.3343477249146
1704791595096,1360.3209686279297,861.5517139434814
1704791595108,1360.2473449707031,864.3603515625
1704791595119,1358.7556457519531,861.0860395431519
1704791595129,1364.5916748046875,859.3911838531494
1704791595140,1366.9528198242188,844.3884086608887
1704791595152,1377.7020263671875,851.0127782821655
1704791595163,1452.3091125488281,853.3554840087891
1704791595174,1764.518814086914,875.555248260498
1704791595210,1986.2918090820312,865.5754137039185
1704791595211,2129.0777587890625,872.1607732772827
1704791595219,2162.0886993408203,875.0398778915405
1704791595230,2162.0907592773438,869.7253274917603
1704791595242,2150.3097534179688,875.1821851730347
1704791595252,2153.0435180664062,870.8909940719604
1704791595263,2153.502960205078,878.2469415664673
1704791595275,2158.6488342285156,872.6409101486206
1704791595286,2151.71630859375,869.816951751709
1704791595297,2145.129852294922,868.7290477752686
1704791595308,2140.357894897461,874.0487909317017
1704791595318,2152.4205780029297,879.9347591400146
1704791595337,2162.6737213134766,882.9860401153564
1704791595360,2155.211715698242,877.94593334198
1704791595362,2146.8074798583984,874.9995374679565
1704791595377,2146.1561584472656,885.6137895584106
1704791595386,2139.7071838378906,886.0334157943726
1704791595398,2130.737075805664,885.8246326446533
1704791595408,2108.388214111328,876.1145639419556
1704791595418,2106.552200317383,871.8388652801514
1704791595430,2102.3045349121094,866.0640048980713
1704791595440,2108.0858612060547,867.3536109924316
1704791595452,2105.9874725341797,868.889422416687
1704791595462,2129.2440795898438,828.4427833557129
1704791595474,2096.582489013672,862.8528642654419
1704791595508,2103.8147735595703,866.8521881103516
1704791595509,2093.0577087402344,881.1646270751953
1704791595524,2084.6395111083984,886.7293310165405
1704791595530,2088.264617919922,888.8063907623291
1704791595542,2105.112075805664,889.6763706207275
1704791595552,2163.9925384521484,909.4412040710449
1704791595563,2169.5179748535156,915.5123090744019
1704791595574,2381.7024993896484,1040.4240703582764
1704791595584,nan,nan
1704791595594,nan,nan
1704791595605,nan,nan
1704791595616,nan,nan
1704791595657,nan,nan
1704791595661,nan,nan
1704791595674,nan,nan
1704791595682,nan,nan
1704791595694,nan,nan
1704791595703,nan,nan
1704791595721,nan,nan
1704791595740,nan,nan
1704791595751,nan,nan
1704791595762,nan,nan
1704791595773,nan,nan
1704791595811,nan,nan
1704791595812,nan,nan
1704791595818,nan,nan
1704791595829,nan,nan
1704791595841,nan,nan
1704791595851,nan,nan
1704791595862,nan,nan
1704791595873,nan,nan
1704791595885,nan,nan
1704791595896,nan,nan
1704791595907,nan,nan
1704791595918,nan,nan
1704791595958,nan,nan
1704791595959,nan,nan
1704791595962,nan,nan
1704791595976,nan,nan
1704791595985,nan,nan
1704791595996,nan,nan
1704791596007,nan,nan
1704791596018,nan,nan
1704791596029,nan,nan
1704791596040,nan,nan
1704791596052,nan,nan
1704791596063,nan,nan
1704791596073,nan,nan
1704791596109,nan,nan
1704791596118,nan,nan
1704791596128,nan,nan
1704791596140,nan,nan
1704791596152,nan,nan
1704791596162,nan,nan
1704791596173,nan,nan
1704791596184,nan,nan
1704791596195,nan,nan
1704791596206,nan,nan
1704791596218,nan,nan
1704791596228,nan,nan
1704791596259,nan,nan
1704791596260,nan,nan
1704791596262,nan,nan
1704791596278,nan,nan
1704791596285,nan,nan
1704791596297,nan,nan
1704791596306,nan,nan
1704791596318,nan,nan
1704791596329,nan,nan
1704791596340,nan,nan
1704791596351,nan,nan
1704791596362,nan,nan
1704791596373,nan,nan
1704791596409,nan,nan
1704791596410,nan,nan
1704791596418,nan,nan
1704791596430,nan,nan
1704791596440,nan,nan
1704791596452,nan,nan
1704791596462,nan,nan
1704791596473,nan,nan
1704791596485,nan,nan
1704791596496,nan,nan
1704791596506,nan,nan
1704791596518,nan,nan
1704791596559,nan,nan
1704791596560,nan,nan
1704791596561,nan,nan
1704791596578,nan,nan
1704791596585,nan,nan
1704791596596,nan,nan
1704791596606,nan,nan
1704791596618,nan,nan
1704791596628,nan,nan
1704791596640,nan,nan
1704791596651,nan,nan
1704791596662,nan,nan
1704791596673,nan,nan
1704791596709,nan,nan
1704791596710,nan,nan
1704791596726,nan,nan
1704791596729,nan,nan
1704791596742,nan,nan
1704791596751,nan,nan
1704791596762,nan,nan
1704791596773,nan,nan
1704791596784,nan,nan
1704791596795,nan,nan
1704791596806,nan,nan
1704791596844,nan,nan
1704791596845,nan,nan
1704791596851,nan,nan
1704791596862,nan,nan
1704791596874,nan,nan
1704791596885,nan,nan
1704791596903,nan,nan
1704791596918,nan,nan
1704791596928,nan,nan
1704791596940,nan,nan
1704791596951,nan,nan
1704791596992,nan,nan
1704791596993,nan,nan
1704791596996,1798.9141845703125,709.4434690475464
1704791597008,1798.9141845703125,709.4434690475464
1704791597018,1798.9141845703125,709.4434690475464
1704791597029,1744.1171264648438,664.7625017166138
1704791597040,1744.1171264648438,664.7625017166138
1704791597051,1744.1171264648438,664.7625017166138
1704791597063,1735.206298828125,710.3129768371582
1704791597074,1767.0413208007812,686.2796974182129
1704791597085,1767.0413208007812,686.2796974182129
1704791597095,1771.5042114257812,683.0074882507324
1704791597107,1766.0514831542969,680.2866554260254
1704791597142,1766.0514831542969,680.2866554260254
1704791597143,1474.9362182617188,727.7080249786377
1704791597158,1530.21728515625,797.5108623504639
1704791597162,1574.7459411621094,816.6843223571777
1704791597173,1535.4794311523438,787.5266075134277
1704791597184,1527.7519226074219,775.0899124145508
1704791597196,1523.8577270507812,773.8030529022217
1704791597207,1536.0731506347656,757.9618835449219
1704791597217,1536.0731506347656,757.9618835449219
1704791597229,1528.7409973144531,754.6646976470947
1704791597240,1523.9659118652344,769.3272399902344
1704791597276,1523.9659118652344,769.3272399902344
1704791597277,1526.1412048339844,768.834056854248
1704791597285,1556.3449096679688,764.3929195404053
1704791597296,1610.1824951171875,769.299259185791
1704791597308,1794.2201232910156,775.5152034759521
1704791597319,1813.9694213867188,792.6195430755615
1704791597329,1801.9758605957031,786.1866188049316
1704791597340,1823.80859375,782.003059387207
1704791597351,1824.0101623535156,772.5145626068115
1704791597362,1831.9892883300781,775.600175857544
1704791597374,1833.511962890625,766.6403102874756
1704791597386,1831.2490844726562,758.0745792388916
1704791597396,1829.3144226074219,752.7597713470459
1704791597428,1829.8127746582031,752.9741764068604
1704791597429,1841.7584228515625,751.8762302398682
1704791597446,1839.5486450195312,761.2962341308594
1704791597452,1841.6871643066406,763.1362724304199
1704791597463,1829.2037963867188,767.45192527771
1704791597473,1829.0678405761719,764.8362350463867
1704791597484,1830.1071166992188,772.6847648620605
1704791597495,1856.8449401855469,772.9001140594482
1704791597506,1904.4541931152344,776.2099170684814
1704791597518,1919.6812438964844,782.7744197845459
1704791597528,1918.3689880371094,787.8006649017334
1704791597540,1943.6656188964844,788.0167007446289
1704791597577,1939.8490905761719,779.5195484161377
1704791597578,1953.9303588867188,782.5929737091064
1704791597585,1935.904541015625,795.197639465332
1704791597596,1921.1820983886719,798.6431407928467
1704791597607,1921.25,787.1953010559082
1704791597618,1918.106689453125,768.4114265441895
1704791597629,1922.9244995117188,772.2666835784912
1704791597640,2047.0109558105469,786.7947292327881
1704791597651,2074.537811279297,796.6747856140137
1704791597662,2109.601593017578,788.4496307373047
1704791597673,2099.4020080566406,767.2480773925781
1704791597685,2089.6116638183594,768.6980152130127
1704791597726,2081.3072204589844,774.0553951263428
1704791597727,2073.992156982422,784.498929977417
1704791597729,2074.3385314941406,790.0910568237305
1704791597744,2069.241180419922,797.4675178527832
1704791597751,2063.0813598632812,781.9213485717773
1704791597763,2027.3019409179688,771.9831848144531
1704791597774,1927.2172546386719,777.8818988800049
1704791597786,1848.8189697265625,738.5446643829346
1704791597797,1313.822250366211,838.0597686767578
1704791597809,1353.2161712646484,829.8952531814575
1704791597819,1359.9531555175781,842.0463466644287
1704791597831,1366.1283874511719,843.4296369552612
1704791597841,1354.5340728759766,838.4634733200073
1704791597875,1359.2530822753906,835.1329851150513
1704791597891,1359.428939819336,816.8831920623779
1704791597897,1353.6257934570312,818.8057994842529
1704791597908,1351.8589782714844,825.6667184829712
1704791597919,1347.759017944336,833.6879825592041
1704791597930,1349.7635650634766,832.6691722869873
1704791597941,1355.6397247314453,833.7059211730957
1704791597952,1364.7713470458984,835.0742340087891
1704791597964,1370.1554107666016,834.4060850143433
1704791597975,1363.8139343261719,839.4061946868896
1704791597986,1359.7064971923828,840.6421995162964
1704791598025,1356.4727020263672,845.5130910873413
1704791598030,1357.582015991211,852.9881715774536
1704791598041,1352.3905944824219,846.3272380828857
1704791598053,1353.1533813476562,839.7980117797852
1704791598064,1356.3711547851562,834.1615962982178
1704791598075,1350.9571838378906,822.8055095672607
1704791598086,1345.9148406982422,819.0735483169556
1704791598097,1379.09423828125,834.2727470397949
1704791598109,1795.6524658203125,994.5157670974731
1704791598118,1876.1497497558594,1025.8755540847778
1704791598159,1970.4950714111328,1051.6285800933838
1704791598160,nan,nan
1704791598162,nan,nan
1704791598175,nan,nan
1704791598184,nan,nan
1704791598196,nan,nan
1704791598207,nan,nan
1704791598217,nan,nan
1704791598227,nan,nan
1704791598238,nan,nan
1704791598248,nan,nan
1704791598268,nan,nan
1704791598317,nan,nan
1704791598318,nan,nan
1704791598320,nan,nan
1704791598332,nan,nan
1704791598341,nan,nan
1704791598353,nan,nan
1704791598365,nan,nan
1704791598375,nan,nan
1704791598386,nan,nan
1704791598397,nan,nan
1704791598408,nan,nan
1704791598420,nan,nan
1704791598459,nan,nan
1704791598464,nan,nan
1704791598476,nan,nan
1704791598487,nan,nan
1704791598497,nan,nan
1704791598508,nan,nan
1704791598520,nan,nan
1704791598530,nan,nan
1704791598541,nan,nan
1704791598553,nan,nan
1704791598564,nan,nan
1704791598575,nan,nan
1704791598610,nan,nan
1704791598627,nan,nan
1704791598630,nan,nan
1704791598642,nan,nan
1704791598652,nan,nan
1704791598664,nan,nan
1704791598674,nan,nan
1704791598686,nan,nan
1704791598697,nan,nan
1704791598708,nan,nan
1704791598719,nan,nan
1704791598766,nan,nan
1704791598767,nan,nan
1704791598775,nan,nan
1704791598786,nan,nan
1704791598797,nan,nan
1704791598808,nan,nan
1704791598819,nan,nan
1704791598830,nan,nan
1704791598841,nan,nan
1704791598853,nan,nan
1704791598864,nan,nan
1704791598875,nan,nan
1704791598909,nan,nan
1704791598910,nan,nan
1704791598926,nan,nan
1704791598931,nan,nan
1704791598942,nan,nan
1704791598953,nan,nan
1704791598964,nan,nan
1704791598975,nan,nan
1704791598986,nan,nan
1704791598996,nan,nan
1704791599008,nan,nan
1704791599020,nan,nan
1704791599060,nan,nan
1704791599061,nan,nan
1704791599064,nan,nan
1704791599077,nan,nan
1704791599086,nan,nan
1704791599097,nan,nan
1704791599108,nan,nan
1704791599120,nan,nan
1704791599131,nan,nan
1704791599141,nan,nan
1704791599153,nan,nan
1704791599164,nan,nan
1704791599175,nan,nan
1704791599209,nan,nan
1704791599210,nan,nan
1704791599226,nan,nan
1704791599230,nan,nan
1704791599242,nan,nan
1704791599252,nan,nan
1704791599263,nan,nan
1704791599274,nan,nan
1704791599285,nan,nan
1704791599296,nan,nan
1704791599308,nan,nan
1704791599345,nan,nan
1704791599346,nan,nan
1704791599353,nan,nan
1704791599364,nan,nan
1704791599374,nan,nan
1704791599385,nan,nan
1704791599396,nan,nan
1704791599407,nan,nan
1704791599418,nan,nan
1704791599430,nan,nan
1704791599440,nan,nan
1704791599452,nan,nan
1704791599469,nan,nan
1704791599494,nan,nan
1704791599495,nan,nan
1704791599496,nan,nan
1704791599512,nan,nan
1704791599519,nan,nan
1704791599530,nan,nan
1704791599541,nan,nan
1704791599553,nan,nan
1704791599563,nan,nan
1704791599573,nan,nan
1704791599585,nan,nan
1704791599596,nan,nan
1704791599607,nan,nan
1704791599643,nan,nan
1704791599644,nan,nan
1704791599660,nan,nan
1704791599663,nan,nan
1704791599675,nan,nan
1704791599685,nan,nan
1704791599696,nan,nan
1704791599707,nan,nan
1704791599718,nan,nan
1704791599730,nan,nan
1704791599740,nan,nan
1704791599779,nan,nan
1704791599785,nan,nan
1704791599798,nan,nan
1704791599807,nan,nan
1704791599819,nan,nan
1704791599830,nan,nan
1704791599841,nan,nan
1704791599852,nan,nan
1704791599863,nan,nan
1704791599874,nan,nan
1704791599886,nan,nan
1704791599896,nan,nan
1704791599930,nan,nan
1704791599931,nan,nan
1704791599947,nan,nan
1704791599952,nan,nan
1704791599964,nan,nan
1704791599973,nan,nan
1704791599985,nan,nan
1704791599996,nan,nan
1704791600007,nan,nan
1704791600018,nan,nan
1704791600029,nan,nan
1704791600040,nan,nan
1704791600081,nan,nan
1704791600085,nan,nan
1704791600099,nan,nan
1704791600107,nan,nan
1704791600119,nan,nan
1704791600129,nan,nan
1704791600140,nan,nan
1704791600152,nan,nan
1704791600162,nan,nan
1704791600174,nan,nan
1704791600185,nan,nan
1704791600196,nan,nan
1704791600229,nan,nan
1704791600230,nan,nan
1704791600247,nan,nan
1704791600252,nan,nan
1704791600265,nan,nan
1704791600274,nan,nan
1704791600286,nan,nan
1704791600296,nan,nan
1704791600307,nan,nan
1704791600318,nan,nan
1704791600329,nan,nan
1704791600340,nan,nan
1704791600359,nan,nan
1704791600380,nan,nan
1704791600385,nan,nan
1704791600397,nan,nan
1704791600407,nan,nan
1704791600418,nan,nan
1704791600429,nan,nan
1704791600440,nan,nan
1704791600452,nan,nan
1704791600462,nan,nan
1704791600473,nan,nan
1704791600511,nan,nan
1704791600519,nan,nan
1704791600537,nan,nan
1704791600551,nan,nan
1704791600563,nan,nan
1704791600574,nan,nan
1704791600585,nan,nan
1704791600596,nan,nan
1704791600608,nan,nan
1704791600619,nan,nan
1704791600660,nan,nan
1704791600661,nan,nan
1704791600664,1870.7437133789062,804.7222709655762
1704791600676,1988.8018798828125,801.9235038757324
1704791600684,1988.8018798828125,801.9235038757324
1704791600696,2005.6950378417969,797.4417686462402
1704791600707,2029.6051025390625,779.3024826049805
1704791600718,2029.6051025390625,779.3024826049805
1704791600730,2025.7493591308594,786.4291763305664
1704791600741,1991.402587890625,802.7383804321289
1704791600752,1989.696044921875,820.4340076446533
1704791600796,1971.0519409179688,814.2020130157471
1704791600814,1469.95361328125,742.9463195800781
1704791600818,1484.9725341796875,755.9882926940918
1704791600830,1492.0741271972656,754.0744400024414
1704791600841,1489.1030883789062,746.6516304016113
1704791600852,1479.0452575683594,731.17506980896
1704791600863,1475.8097839355469,732.0341491699219
1704791600874,1484.7496032714844,754.3448066711426
1704791600885,1481.4193725585938,759.9492931365967
1704791600897,1475.4872131347656,756.0703468322754
1704791600908,1486.9502258300781,746.1117553710938
1704791600926,1487.9508972167969,742.7612686157227
1704791600946,1557.4229431152344,745.6306743621826
1704791600951,2008.0136108398438,757.9474639892578
1704791600966,2056.6802978515625,759.3736267089844
1704791600974,2067.284698486328,764.1153430938721
1704791600985,2064.7085571289062,785.3591251373291
1704791600997,2056.1427307128906,791.8838024139404
1704791601007,2016.9439697265625,839.1803741455078
1704791601019,2004.3869018554688,847.1097564697266
1704791601030,2024.3482971191406,829.26100730896
1704791601041,2038.5307312011719,776.7530536651611
1704791601052,2039.681396484375,765.6623554229736
1704791601064,2031.8707275390625,769.4701480865479
1704791601097,2034.3450927734375,769.0506935119629
1704791601114,2038.426513671875,766.8927383422852
1704791601119,2034.1340637207031,770.0201511383057
1704791601130,2029.0122985839844,778.3440971374512
1704791601141,2040.2749633789062,774.5077228546143
1704791601152,2038.8258361816406,782.7819728851318
1704791601163,2043.7631225585938,788.8208484649658
1704791601174,2043.8490295410156,795.9405899047852
1704791601185,2045.8818054199219,789.8369121551514
1704791601196,2035.4835510253906,792.5717353820801
1704791601207,2031.7333984375,790.2680397033691
1704791601227,2052.348175048828,772.5940418243408
1704791601248,2067.0541381835938,767.7326774597168
1704791601251,nan,nan
1704791601268,nan,nan
1704791601273,nan,nan
1704791601285,nan,nan
1704791601295,nan,nan
1704791601306,nan,nan
1704791601317,nan,nan
1704791601328,nan,nan
1704791601340,nan,nan
1704791601349,nan,nan
1704791601395,nan,nan
1704791601397,nan,nan
1704791601413,nan,nan
1704791601420,nan,nan
1704791601431,nan,nan
1704791601442,nan,nan
1704791601453,nan,nan
1704791601464,nan,nan
1704791601475,nan,nan
1704791601486,nan,nan
1704791601498,nan,nan
1704791601509,nan,nan
1704791601547,nan,nan
1704791601553,nan,nan
1704791601565,nan,nan
1704791601575,nan,nan
1704791601587,nan,nan
1704791601598,nan,nan
1704791601608,nan,nan
1704791601620,nan,nan
1704791601632,nan,nan
1704791601642,nan,nan
1704791601654,nan,nan
1704791601664,nan,nan
1704791601695,nan,nan
1704791601697,nan,nan
1704791601711,nan,nan
1704791601720,nan,nan
1704791601730,nan,nan
1704791601741,nan,nan
1704791601753,nan,nan
1704791601764,nan,nan
1704791601775,nan,nan
1704791601786,nan,nan
1704791601829,nan,nan
1704791601831,nan,nan
1704791601844,nan,nan
1704791601853,nan,nan
1704791601864,nan,nan
1704791601875,nan,nan
1704791601886,nan,nan
1704791601897,nan,nan
1704791601908,nan,nan
1704791601920,nan,nan
1704791601931,nan,nan
1704791601942,nan,nan
1704791601980,nan,nan
1704791601981,nan,nan
1704791601987,nan,nan
1704791601998,nan,nan
1704791602012,nan,nan
1704791602020,nan,nan
1704791602031,nan,nan
1704791602041,nan,nan
1704791602052,nan,nan
1704791602063,nan,nan
1704791602075,nan,nan
1704791602086,nan,nan
1704791602128,nan,nan
1704791602129,nan,nan
1704791602130,nan,nan
1704791602143,nan,nan
1704791602153,nan,nan
1704791602164,nan,nan
1704791602175,nan,nan
1704791602186,nan,nan
1704791602204,nan,nan
1704791602220,nan,nan
1704791602230,nan,nan
1704791602263,nan,nan
1704791602264,nan,nan
1704791602265,2249.0663146972656,978.8639831542969
1704791602280,2210.3346252441406,960.6513118743896
1704791602287,2192.9205322265625,954.6560382843018
1704791602299,2171.13037109375,940.7265758514404
1704791602310,2116.461639404297,883.386697769165
1704791602321,2123.6329650878906,886.701135635376
1704791602332,2130.4917907714844,876.8800449371338
1704791602342,2134.4442749023438,869.2517566680908
1704791602353,2144.874725341797,817.8629493713379
1704791602365,2168.1881713867188,822.1889877319336
1704791602376,2168.1881713867188,822.1889877319336
1704791602413,2168.1881713867188,822.1889877319336
1704791602419,nan,nan
1704791602431,nan,nan
1704791602443,nan,nan
1704791602453,2041.1032104492188,887.2305393218994
1704791602465,2061.0182189941406,848.6977958679199
1704791602476,2076.1532592773438,788.6062717437744
1704791602486,2081.2306213378906,774.3188953399658
1704791602498,2073.681182861328,762.7506351470947
1704791602509,2040.2015686035156,762.2565078735352
1704791602520,2040.2015686035156,762.2565078735352
1704791602560,2049.0560913085938,802.4155712127686
1704791602561,2071.0452270507812,763.5351276397705
1704791602565,2085.799560546875,742.5604248046875
1704791602575,2077.788848876953,739.8418235778809
1704791602586,2077.788848876953,739.8418235778809
1704791602598,1985.6169128417969,749.4701385498047
1704791602608,1665.4946899414062,747.3160457611084
1704791602619,1665.4946899414062,747.3160457611084
1704791602631,1489.7174072265625,727.7047634124756
1704791602642,1433.7069702148438,725.6583881378174
1704791602653,1435.9060668945312,739.350528717041
1704791602694,1420.8831787109375,740.8093070983887
1704791602695,1433.45947265625,757.3326587677002
1704791602698,1436.6807556152344,740.0773429870605
1704791602710,1426.1129760742188,719.7248268127441
1704791602720,1429.2158508300781,725.240306854248
1704791602732,1425.7046508789062,729.5632553100586
1704791602743,1428.0484008789062,733.8563346862793
1704791602754,1426.9261169433594,735.8065795898438
1704791602765,1433.3204650878906,729.1415691375732
1704791602776,1442.3179626464844,727.736005783081
1704791602787,1453.4893798828125,731.6310024261475
1704791602797,1491.30615234375,731.8537330627441
1704791602832,1898.0580139160156,755.9258937835693
1704791602833,2006.1457824707031,790.4262256622314
1704791602842,2248.4405517578125,869.9714469909668
1704791602853,2258.7156677246094,839.6503829956055
1704791602864,2256.5640258789062,836.8443202972412
1704791602875,2249.9191284179688,812.4210262298584
1704791602886,2254.9917602539062,800.8344841003418
1704791602897,2256.060791015625,797.7512741088867
1704791602909,2273.8494873046875,815.5732440948486
1704791602919,2264.2767333984375,835.6684398651123
1704791602931,2262.4073791503906,839.1677570343018
1704791602943,2251.497039794922,846.8403339385986
1704791602981,2257.7711486816406,838.4774208068848
1704791602986,2205.6439208984375,893.0680561065674
1704791602998,2206.074981689453,880.6462955474854
1704791603008,2241.184539794922,837.1552848815918
1704791603020,2226.0055541992188,862.900800704956
1704791603031,2202.6499938964844,893.1256484985352
1704791603041,2229.309539794922,848.0873680114746
1704791603054,2228.8546752929688,836.5408229827881
1704791603066,2250.5160522460938,854.5172023773193
1704791603077,2249.018020629883,855.7161283493042
1704791603115,2238.4659576416016,863.4689569473267
1704791603116,2230.5116271972656,866.1028003692627
1704791603122,2232.5643920898438,860.5268096923828
1704791603132,2228.026885986328,857.0020437240601
1704791603144,2227.7249145507812,855.3982543945312
1704791603155,2228.5020446777344,863.3587503433228
1704791603166,2229.7738647460938,862.9664182662964
1704791603177,2230.068893432617,857.8795337677002
1704791603188,2232.7547454833984,856.0311269760132
1704791603199,2233.9359283447266,852.4533605575562
1704791603210,2242.138214111328,843.1153678894043
1704791603221,2242.909469604492,839.1762971878052
1704791603263,2250.1578521728516,843.3592128753662
1704791603264,2246.0315704345703,847.5204133987427
1704791603265,2203.293914794922,847.5847434997559
1704791603280,1895.2403259277344,813.687629699707
1704791603287,1807.9953002929688,787.1189975738525
1704791603299,1683.0208587646484,781.370358467102
1704791603310,1496.733169555664,753.2397794723511
1704791603321,1496.0780334472656,754.1702055931091
1704791603333,1510.359115600586,754.0274906158447
1704791603344,1499.239273071289,758.3790636062622
1704791603355,1496.5911102294922,752.5690984725952
1704791603365,1497.7896118164062,751.1511754989624
1704791603398,1496.1358642578125,748.7493538856506
1704791603399,1498.9354705810547,746.0726380348206
1704791603400,1497.0441436767578,739.9963402748108
1704791603410,1491.5008544921875,729.0278434753418
1704791603421,1490.2710723876953,734.8127889633179
1704791603433,1497.6953887939453,742.8749299049377
1704791603444,1499.2572021484375,751.6722321510315
1704791603455,1504.8750305175781,753.7849116325378
1704791603466,1505.2922058105469,753.2315826416016
1704791603477,1510.1133728027344,742.6020312309265
1704791603488,1493.2464599609375,742.9281663894653
1704791603499,1463.5104370117188,749.121687412262
1704791603511,1408.6589050292969,775.218358039856
1704791603549,1409.0048217773438,779.3674564361572
1704791603554,1409.6837615966797,775.2030372619629
1704791603569,1395.2165985107422,779.1204786300659
1704791603577,1393.0078887939453,779.3884420394897
1704791603589,1399.9725341796875,787.3364496231079
1704791603599,1402.7700805664062,790.5111980438232
1704791603610,1402.1162414550781,790.6355667114258
1704791603621,1401.4111328125,781.7151403427124
1704791603632,1396.543960571289,789.388918876648
1704791603644,1401.3710021972656,794.2229890823364
1704791603655,1393.5707092285156,802.497067451477
1704791603666,1398.7214660644531,795.3882694244385
1704791603700,1392.1258544921875,803.0325222015381
1704791603701,1450.3482818603516,812.2488069534302
1704791603711,1768.2330322265625,941.5789604187012
1704791603721,2233.4410858154297,1064.143466949463
1704791603733,2262.1724700927734,1073.6668539047241
1704791603741,2457.3020935058594,1186.5081596374512
1704791603752,nan,nan
1704791603764,nan,nan
1704791603774,nan,nan
1704791603785,nan,nan
1704791603797,nan,nan
1704791603808,nan,nan
1704791603848,nan,nan
1704791603850,nan,nan
1704791603868,nan,nan
1704791603886,nan,nan
1704791603897,nan,nan
1704791603909,nan,nan
1704791603920,nan,nan
1704791603931,nan,nan
1704791603942,nan,nan
1704791603953,nan,nan
1704791603965,nan,nan
1704791603999,nan,nan
1704791604015,nan,nan
1704791604020,nan,nan
1704791604031,nan,nan
1704791604042,nan,nan
1704791604054,nan,nan
1704791604064,nan,nan
1704791604075,nan,nan
1704791604087,nan,nan
1704791604098,nan,nan
1704791604108,nan,nan
1704791604149,nan,nan
1704791604150,nan,nan
1704791604152,nan,nan
1704791604168,nan,nan
1704791604175,nan,nan
1704791604186,nan,nan
1704791604197,nan,nan
1704791604208,nan,nan
1704791604219,nan,nan
1704791604230,nan,nan
1704791604241,nan,nan
1704791604253,nan,nan
1704791604264,nan,nan
1704791604297,nan,nan
1704791604298,nan,nan
1704791604314,nan,nan
1704791604320,nan,nan
1704791604331,nan,nan
1704791604341,nan,nan
1704791604352,nan,nan
1704791604364,nan,nan
1704791604374,nan,nan
1704791604386,nan,nan
1704791604397,nan,nan
1704791604408,nan,nan
1704791604447,nan,nan
1704791604448,nan,nan
1704791604453,nan,nan
1704791604463,nan,nan
1704791604475,nan,nan
1704791604486,nan,nan
1704791604496,nan,nan
1704791604507,nan,nan
1704791604519,nan,nan
1704791604530,nan,nan
1704791604541,nan,nan
1704791604553,nan,nan
1704791604563,nan,nan
1704791604597,nan,nan
1704791604598,nan,nan
1704791604613,nan,nan
1704791604628,nan,nan
1704791604641,nan,nan
1704791604652,nan,nan
1704791604663,nan,nan
1704791604674,nan,nan
1704791604686,nan,nan
1704791604697,nan,nan
1704791604708,nan,nan
1704791604729,nan,nan
1704791604749,nan,nan
1704791604755,nan,nan
1704791604768,nan,nan
1704791604777,nan,nan
1704791604788,nan,nan
1704791604799,nan,nan
1704791604810,nan,nan
1704791604821,nan,nan
1704791604832,nan,nan
1704791604843,nan,nan
1704791604855,nan,nan
1704791604865,nan,nan
1704791604898,nan,nan
1704791604899,nan,nan
1704791604914,nan,nan
1704791604921,nan,nan
1704791604933,nan,nan
1704791604942,nan,nan
1704791604954,nan,nan
1704791604965,nan,nan
1704791604976,nan,nan
1704791604988,nan,nan
1704791604998,nan,nan
1704791605010,nan,nan
1704791605047,nan,nan
1704791605048,nan,nan
1704791605055,nan,nan
1704791605065,nan,nan
1704791605076,nan,nan
1704791605088,nan,nan
1704791605098,nan,nan
1704791605110,nan,nan
1704791605121,nan,nan
1704791605132,nan,nan
1704791605143,nan,nan
1704791605164,nan,nan
1704791605185,nan,nan
1704791605186,nan,nan
1704791605188,nan,nan
1704791605203,nan,nan
1704791605210,nan,nan
1704791605222,nan,nan
1704791605232,nan,nan
1704791605243,nan,nan
1704791605255,nan,nan
1704791605265,nan,nan
1704791605276,nan,nan
1704791605288,nan,nan
1704791605298,nan,nan
1704791605331,nan,nan
1704791605332,nan,nan
1704791605349,nan,nan
1704791605355,nan,nan
1704791605366,nan,nan
1704791605376,nan,nan
1704791605388,nan,nan
1704791605398,nan,nan
1704791605410,nan,nan
1704791605421,nan,nan
1704791605432,nan,nan
1704791605443,nan,nan
1704791605484,nan,nan
1704791605485,nan,nan
1704791605488,nan,nan
1704791605502,nan,nan
1704791605509,nan,nan
1704791605520,nan,nan
1704791605531,nan,nan
1704791605543,nan,nan
1704791605554,nan,nan
1704791605564,nan,nan
1704791605575,nan,nan
1704791605587,nan,nan
1704791605598,nan,nan
1704791605631,nan,nan
1704791605632,nan,nan
1704791605649,nan,nan
1704791605655,nan,nan
1704791605667,nan,nan
1704791605676,nan,nan
1704791605688,nan,nan
1704791605698,nan,nan
1704791605709,nan,nan
1704791605721,nan,nan
1704791605731,nan,nan
1704791605743,nan,nan
1704791605782,nan,nan
1704791605783,nan,nan
1704791605788,nan,nan
1704791605799,nan,nan
1704791605810,nan,nan
1704791605821,nan,nan
1704791605832,nan,nan
1704791605843,nan,nan
1704791605855,nan,nan
1704791605865,nan,nan
1704791605876,nan,nan
1704791605888,nan,nan
1704791605899,nan,nan
1704791605932,nan,nan
1704791605933,nan,nan
1704791605948,nan,nan
1704791605954,nan,nan
1704791605966,nan,nan
1704791605975,nan,nan
1704791605987,nan,nan
1704791605998,nan,nan
1704791606009,nan,nan
1704791606020,nan,nan
1704791606031,nan,nan
1704791606066,nan,nan
1704791606067,nan,nan
1704791606076,nan,nan
1704791606087,nan,nan
1704791606098,nan,nan
1704791606109,nan,nan
1704791606120,nan,nan
1704791606131,nan,nan
1704791606142,nan,nan
1704791606153,nan,nan
1704791606165,nan,nan
1704791606175,nan,nan
1704791606215,nan,nan
1704791606216,nan,nan
1704791606220,nan,nan
1704791606231,nan,nan
1704791606244,nan,nan
1704791606254,nan,nan
1704791606265,nan,nan
1704791606275,nan,nan
1704791606287,nan,nan
1704791606299,nan,nan
1704791606309,nan,nan
1704791606349,nan,nan
1704791606354,nan,nan
1704791606367,nan,nan
1704791606376,nan,nan
1704791606387,nan,nan
1704791606399,2035.5973815917969,613.4603404998779
1704791606409,2078.3047485351562,630.2195119857788
1704791606420,2064.7569274902344,629.1627216339111
1704791606432,2077.0541381835938,638.1261491775513
1704791606443,2076.7254638671875,644.2140340805054
1704791606481,2078.1204223632812,655.7498502731323
1704791606482,2074.6466064453125,650.5708265304565
1704791606487,2075.7424926757812,664.6668863296509
1704791606498,2079.562530517578,664.0472316741943
1704791606512,1817.8802490234375,647.3758220672607
1704791606521,1753.5481262207031,638.9316701889038
1704791606532,1649.310302734375,652.5707674026489
1704791606543,1478.8973999023438,651.1166667938232
1704791606554,1458.4327697753906,650.5687665939331
1704791606565,1463.0397033691406,638.0677843093872
1704791606576,1425.8914184570312,636.1674070358276
1704791606588,1446.6700744628906,635.4822635650635
1704791606599,1450.1029968261719,634.4970989227295
1704791606632,1457.7059936523438,657.5220823287964
1704791606633,1442.0060729980469,665.3202724456787
1704791606648,1443.79638671875,666.027045249939
1704791606654,1432.0159912109375,669.0084600448608
1704791606666,1451.8144226074219,646.4941692352295
1704791606676,1451.8144226074219,646.4941692352295
1704791606687,1465.2957153320312,590.2504348754883
1704791606699,1505.0131225585938,646.1353969573975
1704791606709,1505.0131225585938,646.1353969573975
1704791606721,1505.0131225585938,646.1353969573975
1704791606732,nan,nan
1704791606775,1449.9777221679688,668.1934976577759
1704791606776,1500.5928039550781,687.20383644104
1704791606777,1976.9595336914062,696.8262720108032
1704791606792,2177.9541015625,640.1764726638794
1704791606799,2192.0932006835938,732.2476959228516
1704791606811,2192.0932006835938,732.2476959228516
1704791606820,2192.0932006835938,732.2476959228516
1704791606832,2263.377685546875,732.2397136688232
1704791606843,2228.9784240722656,727.2417068481445
1704791606854,2228.9784240722656,727.2417068481445
1704791606865,2217.7134704589844,729.6944046020508
1704791606876,2225.732421875,738.971586227417
1704791606887,2217.4314880371094,734.8759174346924
1704791606899,2209.7239685058594,728.4664249420166
1704791606931,2202.8506469726562,722.715253829956
1704791606932,2203.0209350585938,733.879508972168
1704791606947,2202.849884033203,749.6706390380859
1704791606954,2200.92529296875,764.6550464630127
1704791606966,2204.4305419921875,761.746416091919
1704791606976,2199.822235107422,756.4440536499023
1704791606987,2210.6295776367188,773.1933975219727
1704791606998,2259.906463623047,855.7743644714355
1704791607008,2330.975341796875,1073.9161491394043
1704791607019,2411.285858154297,1143.958625793457
1704791607030,nan,nan
1704791607041,nan,nan
1704791607062,nan,nan
1704791607086,nan,nan
1704791607087,nan,nan
1704791607106,nan,nan
1704791607108,nan,nan
1704791607119,nan,nan
1704791607136,nan,nan
1704791607155,nan,nan
1704791607166,nan,nan
1704791607176,nan,nan
1704791607188,nan,nan
1704791607199,nan,nan
1704791607231,nan,nan
1704791607232,nan,nan
1704791607247,nan,nan
1704791607255,nan,nan
1704791607266,nan,nan
1704791607276,nan,nan
1704791607288,nan,nan
1704791607300,nan,nan
1704791607310,nan,nan
1704791607321,nan,nan
1704791607333,nan,nan
1704791607343,nan,nan
1704791607382,nan,nan
1704791607383,nan,nan
1704791607388,nan,nan
1704791607399,nan,nan
1704791607412,nan,nan
1704791607428,nan,nan
1704791607443,nan,nan
1704791607454,nan,nan
1704791607466,nan,nan
1704791607477,nan,nan
1704791607516,nan,nan
1704791607517,nan,nan
1704791607521,nan,nan
1704791607533,nan,nan
1704791607544,nan,nan
1704791607554,nan,nan
1704791607565,nan,nan
1704791607577,nan,nan
1704791607587,nan,nan
1704791607598,nan,nan
1704791607609,nan,nan
1704791607621,nan,nan
1704791607632,nan,nan
1704791607669,nan,nan
1704791607670,nan,nan
1704791607676,nan,nan
1704791607688,nan,nan
1704791607699,nan,nan
1704791607710,nan,nan
1704791607721,nan,nan
1704791607731,nan,nan
1704791607743,nan,nan
1704791607754,nan,nan
1704791607765,nan,nan
1704791607775,nan,nan
1704791607821,nan,nan
1704791607822,nan,nan
1704791607824,nan,nan
1704791607841,nan,nan
1704791607857,nan,nan
1704791607868,nan,nan
1704791607881,nan,nan
1704791607892,nan,nan
1704791607903,1907.8363037109375,733.1575870513916
1704791607915,1968.6966705322266,735.9812021255493
1704791607927,1980.9707641601562,740.4289269447327
1704791607968,1986.3047790527344,731.7034435272217
1704791607969,1980.3092956542969,727.322301864624
1704791607971,1968.2514190673828,741.3505339622498
1704791607988,1979.1805267333984,743.216450214386
1704791607993,1980.3715515136719,735.7398891448975
1704791608004,1976.7240142822266,734.9140477180481
1704791608016,1971.5880584716797,738.9247012138367
1704791608027,1962.8419494628906,740.7816910743713
1704791608037,1942.618179321289,740.0908184051514
1704791608049,1519.2092895507812,765.224404335022
1704791608060,1445.7627868652344,773.5944199562073
1704791608071,1439.5808410644531,778.656735420227
1704791608082,1420.6079864501953,778.2527732849121
1704791608100,1416.7202758789062,771.296067237854
1704791608121,1404.2162322998047,767.9311180114746
1704791608122,1421.0628509521484,762.8033995628357
1704791608126,1420.5557250976562,762.377142906189
1704791608139,1423.5372161865234,764.6028184890747
1704791608149,1421.0800170898438,765.827043056488
1704791608160,1426.0698699951172,772.8955221176147
1704791608171,1429.9298095703125,772.1113300323486
1704791608182,1425.9253692626953,769.4299793243408
1704791608193,1422.7153015136719,765.9709167480469
1704791608204,1422.042236328125,765.5586075782776
1704791608216,1428.2152557373047,776.3594770431519
1704791608227,1424.3612670898438,774.2083024978638
1704791608269,1431.9229125976562,767.7422475814819
1704791608271,1411.3318634033203,753.8282132148743
1704791608285,1421.0438537597656,764.6736288070679
1704791608292,1414.6227264404297,761.0398149490356
1704791608305,1359.0169525146484,756.2027835845947
1704791608316,1190.277214050293,715.1909708976746
1704791608326,1193.4031295776367,713.0072450637817
1704791608338,1203.9204025268555,714.3846988677979
1704791608349,1182.3120880126953,715.6673526763916
1704791608360,1193.2561874389648,716.2112832069397
1704791608371,1193.4598922729492,699.7619819641113
1704791608382,1196.4755249023438,689.5770120620728
1704791608418,1188.3265686035156,698.5978174209595
1704791608419,1189.1012573242188,704.4650745391846
1704791608426,1178.9203262329102,696.2027978897095
1704791608437,1172.132339477539,700.9161686897278
1704791608449,1179.70458984375,708.2441997528076
1704791608460,1172.5811386108398,720.9243535995483
1704791608470,1180.6325149536133,733.1877565383911
1704791608482,1171.6067504882812,713.4564185142517
1704791608493,1178.7881088256836,714.3853425979614
1704791608504,1174.845314025879,708.8636183738708
1704791608515,1182.2509002685547,704.7173309326172
1704791608526,1165.4974365234375,697.0303559303284
1704791608566,1170.8480072021484,698.8585710525513
1704791608571,1177.7460479736328,712.8943562507629
1704791608583,1193.1303024291992,701.5892100334167
1704791608593,1186.10107421875,695.5960178375244
1704791608604,1191.2642288208008,689.2104506492615
1704791608615,1140.0703811645508,685.9462451934814
1704791608626,1095.4595947265625,664.6440124511719
1704791608638,986.6085815429688,641.0951614379883
1704791608649,574.6045303344727,540.1673483848572
1704791608660,571.5460205078125,547.1405553817749
1704791608671,555.6835556030273,551.1734175682068
1704791608682,575.908203125,546.8643307685852
1704791608717,569.0719223022461,545.193121433258
1704791608718,564.2695045471191,552.2138142585754
1704791608733,558.7633323669434,555.1339244842529
1704791608739,555.6096649169922,558.313844203949
1704791608749,553.4221076965332,548.9743494987488
1704791608760,556.9958877563477,548.4303545951843
1704791608771,564.5693397521973,553.3031129837036
1704791608782,558.8279151916504,549.3310189247131
1704791608793,552.5132751464844,547.3050498962402
1704791608804,553.780517578125,545.1244139671326
1704791608815,551.8609046936035,546.2790298461914
1704791608851,557.2644996643066,544.808406829834
1704791608852,558.6943626403809,545.8848524093628
1704791608868,557.9427719116211,554.0244340896606
1704791608871,558.0438041687012,563.1672477722168
1704791608884,639.500904083252,613.3702397346497
1704791608893,654.5223999023438,621.6563558578491
1704791608904,673.3700942993164,625.3008341789246
1704791608915,657.6153182983398,617.5286722183228
1704791608926,666.5620231628418,615.521285533905
1704791608938,663.2041168212891,608.9295959472656
1704791608949,669.0572929382324,618.6893177032471
1704791608960,669.1265869140625,628.1198787689209
1704791609004,669.5599365234375,631.4229011535645
1704791609005,756.8341445922852,671.4980006217957
1704791609014,1363.023796081543,1025.5545473098755
1704791609024,1609.7930908203125,1398.3649921417236
1704791609036,nan,nan
1704791609047,nan,nan
1704791609058,nan,nan
1704791609068,nan,nan
1704791609080,nan,nan
1704791609091,nan,nan
1704791609102,nan,nan
1704791609112,nan,nan
1704791609153,nan,nan
1704791609154,nan,nan
1704791609157,nan,nan
1704791609171,nan,nan
1704791609178,nan,nan
1704791609197,nan,nan
1704791609214,nan,nan
1704791609226,nan,nan
1704791609243,nan,nan
1704791609259,nan,nan
1704791609281,nan,nan
1704791609301,nan,nan
1704791609302,nan,nan
1704791609304,nan,nan
1704791609319,nan,nan
1704791609326,nan,nan
1704791609338,nan,nan
1704791609349,nan,nan
1704791609359,nan,nan
1704791609370,nan,nan
1704791609381,nan,nan
1704791609393,nan,nan
1704791609436,nan,nan
1704791609437,nan,nan
1704791609452,nan,nan
1704791609459,nan,nan
1704791609471,nan,nan
1704791609481,nan,nan
1704791609492,nan,nan
1704791609503,nan,nan
1704791609514,nan,nan
1704791609525,nan,nan
1704791609543,nan,nan
1704791609583,nan,nan
1704791609599,nan,nan
1704791609608,1418.0575561523438,677.5201177597046
1704791609619,1418.0575561523438,677.5201177597046
1704791609631,1418.0575561523438,677.5201177597046
1704791609642,1339.2076110839844,701.8088722229004
1704791609653,1398.5678100585938,722.5383567810059
1704791609665,1403.3949279785156,724.4739246368408
1704791609676,1427.9568481445312,726.4296841621399
1704791609688,1438.2868194580078,727.8322219848633
1704791609699,1434.6705627441406,736.4613389968872
1704791609731,1422.5802612304688,741.2031197547913
1704791609732,1265.0738906860352,776.060357093811
1704791609746,1266.867790222168,774.4360542297363
1704791609753,1287.8512573242188,764.0619134902954
1704791609764,1275.1189422607422,761.7826795578003
1704791609775,1278.7196350097656,761.3079071044922
1704791609787,1274.3959045410156,765.1677989959717
