timestamp,x,y
1706175075161,0.5229904055595398,0.5020476430654526
1706175075162,0.522624284029007,0.5059843063354492
1706175075164,0.5273899137973785,0.49342750012874603
1706175075178,0.5256890952587128,0.4939499944448471
1706175075187,0.5175853371620178,0.4900137186050415
1706175075198,0.4835231453180313,0.43057680130004883
1706175075209,0.44746033847332,0.34635667502880096
1706175075220,0.3972110152244568,0.24938038736581802
1706175075231,0.31812432408332825,0.12030817195773125
1706175075242,0.2856835722923279,0.08284833654761314
1706175075253,0.26713304221630096,0.0702635683119297
1706175075264,0.25389472395181656,0.05757461301982403
1706175075275,0.25611652433872223,0.06046437844634056
1706175075295,0.2553783357143402,0.05587930604815483
1706175075327,0.25631169974803925,0.05086994171142578
1706175075328,0.2552857995033264,0.051073092967271805
1706175075331,0.2521284148097038,0.04644522815942764
1706175075346,0.2524481937289238,0.04407130368053913
1706175075354,0.24487001448869705,0.05596170015633106
1706175075366,0.19161802530288696,0.0609549954533577
1706175075376,0.17577078938484192,0.06297841295599937
1706175075387,0.140967957675457,0.05488291569054127
1706175075398,0.11743858456611633,0.04745992086827755
1706175075409,0.11331218853592873,0.04636490158736706
1706175075421,0.1141958050429821,0.04755777306854725
1706175075431,0.11397817730903625,0.05419493652880192
1706175075442,0.11504204198718071,0.05473989248275757
1706175075479,0.11643489077687263,0.05715068615972996
1706175075480,0.11557507142424583,0.05855998024344444
1706175075487,0.11596525460481644,0.06260613538324833
1706175075498,0.11680801957845688,0.05928110145032406
1706175075511,0.11557278782129288,0.060665588825941086
1706175075520,0.11397944018244743,0.05467468127608299
1706175075531,0.1113927774131298,0.05614817701280117
1706175075542,0.11040478199720383,0.05496162176132202
1706175075554,0.11242023855447769,0.06358798407018185
1706175075564,0.11481913924217224,0.06535251252353191
1706175075576,0.11616740375757217,0.06383059732615948
1706175075587,0.11357177048921585,0.06071392633020878
1706175075624,0.11308694630861282,0.06278668902814388
1706175075625,0.11418574675917625,0.06478890217840672
1706175075630,0.11417968198657036,0.06234737113118172
1706175075642,0.11440682783722878,0.06351944990456104
1706175075654,0.11485202610492706,0.06774228252470493
1706175075664,0.13581369072198868,0.06284142844378948
1706175075675,0.1652625873684883,0.0623276699334383
1706175075687,0.2103136107325554,0.058345017954707146
1706175075697,0.2878379076719284,0.06283883191645145
1706175075709,0.30175313353538513,0.0651447232812643
1706175075720,0.30755259096622467,0.061834972351789474
1706175075731,0.30150893330574036,0.06457101181149483
1706175075742,0.3028627783060074,0.06089017167687416
1706175075776,0.3036491721868515,0.06082412227988243
1706175075777,0.3063531219959259,0.06323707476258278
1706175075792,0.3062012195587158,0.06815269589424133
1706175075797,0.30380435287952423,0.06687899865210056
1706175075809,0.30449604988098145,0.06494412384927273
1706175075820,0.30432750284671783,0.06599395908415318
1706175075831,0.3155190199613571,0.06557239405810833
1706175075842,0.33890214562416077,0.06879903562366962
1706175075853,0.37611396610736847,0.07031262665987015
1706175075864,0.44515974819660187,0.07412023842334747
1706175075875,0.4538692682981491,0.0731644295156002
1706175075887,0.45639340579509735,0.06965066865086555
1706175075897,0.45419521629810333,0.07278761640191078
1706175075934,0.4551098942756653,0.07304881885647774
1706175075935,0.4544586092233658,0.07546523213386536
1706175075942,0.45562733709812164,0.07642229273915291
1706175075954,0.45426201820373535,0.0771324411034584
1706175075964,0.4555895924568176,0.08190451189875603
1706175075977,0.4567466825246811,0.0826120376586914
1706175075987,0.4574096351861954,0.08374055102467537
1706175075997,0.45653100311756134,0.09765713289380074
1706175076008,0.44379056990146637,0.16470230370759964
1706175076018,0.43980419635772705,0.19886676967144012
1706175076029,0.379310742020607,0.5261329263448715
1706175076040,nan,nan
1706175076077,nan,nan
1706175076085,0.5928254723548889,0.2668610215187073
1706175076096,0.5226934552192688,0.46378740668296814
1706175076108,0.5226934552192688,0.46378740668296814
1706175076119,0.560885488986969,0.2130431905388832
1706175076130,0.5584721863269806,0.12509489059448242
1706175076142,0.5531014800071716,0.104851383715868
1706175076153,0.5397981703281403,0.09899183362722397
1706175076164,0.5365351438522339,0.0760331079363823
1706175076175,0.5380729734897614,0.08529619127511978
1706175076186,0.5403501987457275,0.08306030929088593
1706175076227,0.540550023317337,0.08030935376882553
1706175076228,0.5418215095996857,0.08324196934700012
1706175076230,0.5412845015525818,0.09497607499361038
1706175076244,0.5407663583755493,0.09601891040802002
1706175076253,0.5448045432567596,0.09569054841995239
1706175076264,0.5778519809246063,0.09666484221816063
1706175076274,0.5974029302597046,0.09403335675597191
1706175076286,0.6148455440998077,0.09667136520147324
1706175076297,0.6268048584461212,0.0950033999979496
1706175076308,0.6256396770477295,0.09769754111766815
1706175076319,0.6249419450759888,0.09426603093743324
1706175076331,0.6246933341026306,0.09427409246563911
1706175076342,0.6262630522251129,0.09303520619869232
1706175076353,0.6276782751083374,0.09270912036299706
1706175076380,0.6293088793754578,0.09132381528615952
1706175076410,0.6282204985618591,0.08870929479598999
1706175076411,0.6270903050899506,0.0911966823041439
1706175076419,0.6257888376712799,0.09263526275753975
1706175076438,0.6284432113170624,0.09686075523495674
1706175076441,0.6269520223140717,0.09384318813681602
1706175076452,0.6180002391338348,0.09309517219662666
1706175076463,0.581870824098587,0.09448713064193726
1706175076475,0.5691553056240082,0.09877512976527214
1706175076486,0.5631820857524872,0.100966677069664
1706175076497,0.5695562362670898,0.10399327427148819
1706175076508,0.5698651373386383,0.10383401438593864
1706175076519,0.5691801309585571,0.10241367667913437
1706175076530,0.56751349568367,0.10064714401960373
1706175076572,0.5683387815952301,0.10265114158391953
1706175076573,0.5696088075637817,0.10204258188605309
1706175076575,0.5689639151096344,0.09797960892319679
1706175076589,0.5695768594741821,0.09885955974459648
1706175076596,0.5700849890708923,0.10135534778237343
1706175076610,0.5710386335849762,0.10158397629857063
1706175076619,0.570679634809494,0.10243017598986626
1706175076630,0.5702781975269318,0.09754692390561104
1706175076641,0.571056991815567,0.09604484960436821
1706175076653,0.5708586871623993,0.09485697001218796
1706175076664,0.570549726486206,0.08985944092273712
1706175076675,0.5701480209827423,0.08878648653626442
1706175076686,0.5696117877960205,0.08870390430092812
1706175076697,0.5720197856426239,0.09256495535373688
1706175076738,0.5718894302845001,0.09653425961732864
1706175076739,0.5733250975608826,0.09699509665369987
1706175076742,0.573777437210083,0.0920032300055027
1706175076756,0.5733780264854431,0.09405677020549774
1706175076764,0.5722442865371704,0.0928012803196907
1706175076774,0.572862833738327,0.09522353857755661
1706175076785,0.5743978321552277,0.09294389188289642
1706175076796,0.5738182663917542,0.09486354142427444
1706175076807,0.5710273683071136,0.09132048860192299
1706175076818,0.570659339427948,0.0923551470041275
1706175076829,0.5690138638019562,0.07355551235377789
1706175076840,0.5683820843696594,0.09026075154542923
1706175076852,0.5614541172981262,0.09215652197599411
1706175076863,0.552932858467102,0.09961074590682983
1706175076907,0.5506652593612671,0.10113202035427094
1706175076908,0.551642119884491,0.10541919618844986
1706175076928,0.5549070239067078,0.10694050043821335
1706175076930,0.5519778728485107,0.10659544914960861
1706175076942,0.5517256259918213,0.10492017865180969
1706175076952,0.551449179649353,0.09845104068517685
1706175076962,0.5524599552154541,0.09381409734487534
1706175076973,0.5515685081481934,0.09361135214567184
1706175076985,0.5513312220573425,0.0916009321808815
1706175076996,0.5468554496765137,0.09462926536798477
1706175077007,0.5464128851890564,0.09473291784524918
1706175077018,0.5538458526134491,0.13018610328435898
1706175077029,0.5890800058841705,0.10990642383694649
1706175077066,0.6050100326538086,0.09815730154514313
1706175077074,0.6394126117229462,0.07982384786009789
1706175077085,0.6392385363578796,0.08245555683970451
1706175077098,0.6434130370616913,0.08006614819169044
1706175077108,0.6441603004932404,0.0798833929002285
1706175077119,0.6460564434528351,0.07592626288533211
1706175077129,0.6440601348876953,0.07733379676938057
1706175077141,0.6440104842185974,0.07609810680150986
1706175077152,0.6442005336284637,0.08076037839055061
1706175077163,0.669256329536438,0.08343582600355148
1706175077174,0.6940081417560577,0.08529645949602127
1706175077212,0.7259543240070343,0.08219176158308983
1706175077213,0.7645214796066284,0.07658647000789642
1706175077219,0.768478512763977,0.07483778893947601
1706175077230,0.7704979777336121,0.07823667302727699
1706175077241,0.7698125541210175,0.07836141809821129
1706175077252,0.7684718370437622,0.08236991986632347
1706175077263,0.7690125405788422,0.07863369956612587
1706175077274,0.7699917256832123,0.08292587473988533
1706175077285,0.7708347737789154,0.08066416531801224
1706175077296,0.7715873122215271,0.08768052980303764
1706175077307,0.7699610590934753,0.08633969724178314
1706175077319,0.7711380422115326,0.09060820564627647
1706175077360,0.7701584994792938,0.08519616723060608
1706175077361,0.770752340555191,0.08483415469527245
1706175077363,0.7683561146259308,0.08678636327385902
1706175077377,0.7689661085605621,0.08833504840731621
1706175077386,0.7698586285114288,0.08884350210428238
1706175077396,0.7719687521457672,0.08642228692770004
1706175077408,0.7703194320201874,0.08197436481714249
1706175077419,0.7699532210826874,0.07951844483613968
1706175077430,0.7691086530685425,0.07847694680094719
1706175077441,0.7585772275924683,0.08064673840999603
1706175077452,0.7179795801639557,0.07947766408324242
1706175077463,0.5861274600028992,0.08059757575392723
1706175077473,0.547388345003128,0.08164378814399242
1706175077497,0.4471156597137451,0.09790484234690666
1706175077519,0.2470456287264824,0.18067238479852676
1706175077520,0.23407231271266937,0.18200187385082245
1706175077536,0.12513137981295586,0.21188846230506897
1706175077540,0.12104535475373268,0.20705559849739075
1706175077552,0.12275731563568115,0.20760102570056915
1706175077562,0.12066838145256042,0.210551917552948
1706175077573,0.11765318363904953,0.21280794590711594
1706175077585,0.11584864556789398,0.2071157842874527
1706175077596,0.1143905483186245,0.20594345778226852
1706175077607,0.1165003851056099,0.20056534558534622
1706175077618,0.11663375049829483,0.20389220118522644
1706175077629,0.11775915324687958,0.20385918766260147
1706175077640,0.11592380329966545,0.2071833685040474
1706175077677,0.1146264597773552,0.19996610283851624
1706175077693,0.11440284922719002,0.20131273567676544
1706175077696,0.10298740118741989,0.20018543303012848
1706175077708,0.09722373634576797,0.1973610818386078
1706175077718,0.09180297330021858,0.19879166781902313
1706175077729,0.0938560739159584,0.19351943582296371
1706175077740,0.0951223112642765,0.1920756697654724
1706175077752,0.09583070874214172,0.19220974296331406
1706175077763,0.09381607919931412,0.19006022810935974
1706175077774,0.09185627102851868,0.1865837424993515
1706175077785,0.09409930557012558,0.18442240357398987
1706175077796,0.09627923369407654,0.18372343480587006
1706175077831,0.09643122926354408,0.19100872427225113
1706175077840,0.11294994130730629,0.18100370466709137
1706175077852,0.1487504094839096,0.17843028903007507
1706175077863,0.23597965389490128,0.16847337037324905
1706175077874,0.2541540265083313,0.15999773889780045
1706175077885,0.2581040859222412,0.15496015548706055
1706175077896,0.25335510075092316,0.15426671504974365
1706175077907,0.2539173364639282,0.1593846008181572
1706175077919,0.2559306025505066,0.16053570061922073
1706175077929,0.2567567378282547,0.1584354266524315
1706175077940,0.2579420506954193,0.15659242868423462
1706175077951,0.2570834159851074,0.15706933289766312
1706175077963,0.25832313299179077,0.1577151119709015
1706175078007,0.2576003074645996,0.1503681093454361
1706175078008,0.25783421099185944,0.14472413063049316
1706175078009,0.25786274671554565,0.14244157820940018
1706175078018,0.2515642046928406,0.1298477165400982
1706175078029,0.2618703246116638,0.17451802641153336
1706175078039,0.26868483424186707,0.2081812545657158
1706175078050,0.2876252681016922,0.27437828481197357
1706175078061,nan,nan
1706175078072,nan,nan
1706175078083,nan,nan
1706175078094,nan,nan
1706175078105,nan,nan
1706175078117,nan,nan
1706175078128,nan,nan
1706175078140,nan,nan
1706175078176,0.5545372515916824,0.47351694852113724
1706175078192,0.2939549386501312,0.33500245958566666
1706175078195,0.2594839036464691,0.14084650576114655
1706175078206,0.2569245845079422,0.12114068865776062
1706175078218,0.2576776146888733,0.13304678350687027
1706175078229,0.25779053568840027,0.12932181358337402
1706175078240,0.2618836760520935,0.14351804554462433
1706175078251,0.2610500454902649,0.14718180149793625
1706175078262,0.26046234369277954,0.14909926056861877
1706175078274,0.25784461200237274,0.1466570720076561
1706175078313,0.25766682624816895,0.14694101363420486
1706175078314,0.2596173584461212,0.1473788246512413
1706175078318,0.2539656460285187,0.15481964498758316
1706175078331,0.22653532773256302,0.15857835859060287
1706175078340,0.21619518101215363,0.16068922728300095
1706175078351,0.2100403606891632,0.16081975400447845
1706175078362,0.21265343576669693,0.1643250435590744
1706175078373,0.2138471007347107,0.1668328493833542
1706175078385,0.21497418731451035,0.16861045360565186
1706175078395,0.2131456434726715,0.16873662173748016
1706175078407,0.212460495531559,0.16702818125486374
1706175078447,0.2134568765759468,0.1644885241985321
1706175078448,0.21275197714567184,0.15569989383220673
1706175078452,0.2114442139863968,0.1539638340473175
1706175078474,0.2134346216917038,0.15934798121452332
1706175078475,0.21511679142713547,0.1665128469467163
1706175078485,0.21590811759233475,0.17313656955957413
1706175078497,0.213585264980793,0.17574887722730637
1706175078506,0.21133431047201157,0.1719205155968666
1706175078518,0.2103480100631714,0.16615589708089828
1706175078528,0.2097608894109726,0.16118458658456802
1706175078539,0.20986606180667877,0.16050030291080475
1706175078551,0.20994018763303757,0.15902888029813766
1706175078562,0.21041696518659592,0.1603323295712471
1706175078573,0.211787611246109,0.16133516281843185
1706175078584,0.21164825558662415,0.16254181414842606
1706175078617,0.21125958114862442,0.1684120073914528
1706175078618,0.21013043075799942,0.16421588510274887
1706175078636,0.2092168778181076,0.16919909417629242
1706175078640,0.21010518819093704,0.17478206008672714
1706175078651,0.21067261695861816,0.17378974705934525
1706175078661,0.21035675704479218,0.16287636011838913
1706175078673,0.2100110724568367,0.1609666720032692
1706175078684,0.20959556847810745,0.16253060102462769
1706175078695,0.21104037016630173,0.17366647720336914
1706175078706,0.20935123413801193,0.1746031790971756
1706175078718,0.21149900555610657,0.17489304393529892
1706175078729,0.24267758429050446,0.17171061784029007
1706175078740,0.2724272310733795,0.16681816428899765
1706175078774,0.307270810008049,0.15966148674488068
1706175078775,0.3556356877088547,0.15092701464891434
1706175078789,0.36261017620563507,0.15242121368646622
1706175078795,0.36241987347602844,0.1475684866309166
1706175078807,0.3620260953903198,0.14558441191911697
1706175078818,0.36230243742465973,0.14058692008256912
1706175078829,0.3636273145675659,0.1411081701517105
1706175078840,0.3646991401910782,0.14405233412981033
1706175078851,0.36430008709430695,0.14664040505886078
1706175078861,0.36336758732795715,0.14771538227796555
1706175078873,0.3499007970094681,0.14655817300081253
1706175078911,0.320181667804718,0.15256696194410324
1706175078912,0.24571790546178818,0.16180457174777985
1706175078917,0.21898441016674042,0.16146939992904663
1706175078929,0.21800179779529572,0.1547616645693779
1706175078940,0.21654807776212692,0.1525944396853447
1706175078951,0.21703492105007172,0.15287477523088455
1706175078962,0.21694141626358032,0.15892872214317322
1706175078973,0.21699421107769012,0.16410375386476517
1706175078984,0.21535882353782654,0.16321561485528946
1706175078995,0.21555475890636444,0.15798205137252808
1706175079006,0.21589307487010956,0.15284527838230133
1706175079017,0.21520163863897324,0.1503089964389801
1706175079028,0.2126249372959137,0.14869670569896698
1706175079039,0.2118055671453476,0.14567511528730392
1706175079082,0.20594994723796844,0.14864322543144226
1706175079083,0.1927400752902031,0.15513183176517487
1706175079084,0.1863388642668724,0.1601831540465355
1706175079099,0.1864219456911087,0.1590334102511406
1706175079106,0.1860731542110443,0.1559876874089241
1706175079118,0.1853572204709053,0.15821950137615204
1706175079128,0.1883702650666237,0.15790262073278427
1706175079139,0.18860215693712234,0.1588578000664711
1706175079151,0.1905900239944458,0.15926873683929443
1706175079162,0.19071100652217865,0.15611737221479416
1706175079173,0.191414512693882,0.15684722363948822
1706175079213,0.1916705071926117,0.16032066941261292
1706175079214,0.21051020175218582,0.15962550044059753
1706175079218,0.2535887211561203,0.14914444833993912
1706175079229,0.37045328319072723,0.13493884354829788
1706175079240,0.40642549097537994,0.12851432710886002
1706175079251,0.42312711477279663,0.12144815921783447
1706175079262,0.4247500151395798,0.1188516616821289
1706175079273,0.4228566586971283,0.1148434542119503
1706175079284,0.424268439412117,0.11700892448425293
1706175079294,0.4259873479604721,0.11804535612463951
1706175079305,0.4279853105545044,0.12036633864045143
1706175079317,0.4294383376836777,0.12355558201670647
1706175079328,0.4334830194711685,0.12921442463994026
1706175079363,0.43348196148872375,0.1314200982451439
1706175079364,0.43338558077812195,0.12882765755057335
1706175079379,0.4261300265789032,0.12459149584174156
1706175079384,0.42484982311725616,0.12567489966750145
1706175079396,0.4275796711444855,0.12496621534228325
1706175079406,0.4317358136177063,0.12352824583649635
1706175079417,0.44989295303821564,0.12514615058898926
1706175079428,0.49775542318820953,0.1264999508857727
1706175079439,0.514215886592865,0.1272599883377552
1706175079451,0.5196464955806732,0.12402524799108505
1706175079462,0.5177618563175201,0.12488754838705063
1706175079473,0.5185820758342743,0.12524417787790298
1706175079515,0.518804281949997,0.12517959624528885
1706175079517,0.5223033428192139,0.12458621710538864
1706175079535,0.5195780992507935,0.12653861567378044
1706175079540,0.5207693874835968,0.1262260600924492
1706175079551,0.5215097665786743,0.1262805089354515
1706175079562,0.5229602158069611,0.13009924814105034
1706175079573,0.5228078067302704,0.12959624826908112
1706175079584,0.5217398703098297,0.1281242035329342
1706175079594,0.5211501717567444,0.1282523088157177
1706175079606,0.5228164196014404,0.12854572758078575
1706175079617,0.5240660607814789,0.12999007105827332
1706175079628,0.5364418625831604,0.13530385494232178
1706175079648,0.5536337792873383,0.13967082649469376
1706175079673,0.5798279047012329,0.14273104071617126
1706175079674,0.6450956165790558,0.1418924331665039
1706175079691,0.665690690279007,0.13662789016962051
1706175079695,0.6617431342601776,0.13973341137170792
1706175079707,0.6600731611251831,0.1387856900691986
1706175079717,0.6598034501075745,0.13714269921183586
1706175079728,0.6608150601387024,0.13869164139032364
1706175079740,0.6624945104122162,0.14275653660297394
1706175079751,0.6640321612358093,0.14375746250152588
1706175079761,0.6611430943012238,0.138755202293396
1706175079773,0.6623381972312927,0.13652798905968666
1706175079808,0.6614274680614471,0.13732188567519188
1706175079809,0.663060873746872,0.14066290855407715
1706175079816,0.6620904207229614,0.14305587112903595
1706175079827,0.6616414189338684,0.1432272344827652
1706175079839,0.6637117564678192,0.14388081431388855
1706175079850,0.6767170429229736,0.14583109319210052
1706175079861,0.727593183517456,0.13679970800876617
1706175079872,0.7523086667060852,0.1330263391137123
1706175079883,0.7657676339149475,0.13019082695245743
1706175079894,0.7773809731006622,0.1305471956729889
1706175079905,0.7743490636348724,0.1344212368130684
1706175079917,0.7749546468257904,0.13534271717071533
1706175079927,0.7758086621761322,0.13199782371520996
1706175079963,0.7783107459545135,0.1350698545575142
1706175079964,0.7760486900806427,0.1401500701904297
1706175079972,0.7710795402526855,0.16058142483234406
1706175079984,0.745789110660553,0.2112223505973816
1706175079996,0.6569154262542725,0.33601178228855133
1706175080006,0.6129386126995087,0.3766545206308365
1706175080017,0.5860759615898132,0.40280891954898834
1706175080027,0.5716181993484497,0.4236585944890976
1706175080038,0.5744273066520691,0.42410971224308014
1706175080050,0.5737943053245544,0.42767253518104553
1706175080060,0.5727576315402985,0.43011580407619476
1706175080072,0.5727137923240662,0.4330878257751465
1706175080084,0.5727035105228424,0.4334676116704941
1706175080130,0.5718796849250793,0.437545046210289
1706175080131,0.5687687993049622,0.4287087768316269
1706175080139,0.5654765963554382,0.42105424404144287
1706175080151,0.5656313896179199,0.4231892377138138
1706175080162,0.5676978826522827,0.4272054433822632
1706175080172,0.5713443160057068,0.43412384390830994
1706175080183,0.5722080767154694,0.43796980381011963
1706175080194,0.5685537457466125,0.4274827241897583
1706175080205,0.5470901727676392,0.3892415016889572
1706175080216,0.5043852031230927,0.3144528418779373
1706175080227,0.38697023689746857,0.16879969835281372
1706175080239,0.35034309327602386,0.13207369670271873
1706175080282,0.2995516359806061,0.11549767479300499
1706175080283,0.21912237256765366,0.07164421491324902
1706175080300,0.2134113311767578,0.07432291656732559
1706175080305,0.21128758788108826,0.07606911659240723
1706175080317,0.21227552741765976,0.07427489571273327
1706175080327,0.21215356141328812,0.07597687654197216
1706175080338,0.21487458795309067,0.07744329795241356
1706175080349,0.21442914754152298,0.07596738263964653
1706175080360,0.21440105885267258,0.07489969953894615
1706175080371,0.20372747629880905,0.07367081567645073
1706175080383,0.18098998069763184,0.07288653776049614
1706175080394,0.12194958701729774,0.08301509544253349
1706175080436,0.10520317405462265,0.08540596440434456
1706175080438,0.10242614150047302,0.08351090922951698
1706175080453,0.10310008004307747,0.08681675419211388
1706175080461,0.10258575901389122,0.08759838342666626
1706175080472,0.1016690731048584,0.08812907710671425
1706175080483,0.10317356139421463,0.09786021709442139
1706175080493,0.10071881860494614,0.10096293687820435
1706175080504,0.10013847053050995,0.09162668883800507
1706175080515,0.11498036980628967,0.08647866547107697
1706175080526,0.12848124653100967,0.05241082236170769
1706175080537,0.2897928059101105,0.07936899363994598
1706175080548,1.0007045269012451,1.2553317546844482
1706175080559,1.0007045269012451,1.2553317546844482
1706175080570,1.0007045269012451,1.2553317546844482
1706175080625,nan,nan
1706175080626,nan,nan
1706175080627,0.30686618387699127,0.5177308022975922
1706175080641,0.3163502365350723,0.4758608043193817
1706175080650,0.3236921429634094,0.3310200944542885
1706175080660,0.2942897081375122,0.1662106141448021
1706175080671,0.2945440262556076,0.07163696363568306
1706175080683,0.2777548283338547,0.07405242882668972
1706175080693,0.2768072038888931,0.0627347007393837
1706175080705,0.2792435735464096,0.06999445334076881
1706175080716,0.28077487647533417,0.08405446633696556
1706175080727,0.2803804725408554,0.08175221085548401
1706175080738,0.2788648009300232,0.08189678192138672
1706175080749,0.27736300230026245,0.08195944502949715
1706175080781,0.2743915468454361,0.07978523895144463
1706175080782,0.27349598705768585,0.08054923638701439
1706175080783,0.2735869884490967,0.07645885646343231
1706175080798,0.2744768559932709,0.07509937696158886
1706175080805,0.28500233590602875,0.08073892071843147
1706175080816,0.31673775613307953,0.08360209688544273
1706175080827,0.41389378905296326,0.07523103430867195
1706175080838,0.4506899267435074,0.06760781444609165
1706175080850,0.46845927834510803,0.06149489991366863
1706175080860,0.47846150398254395,0.058942459523677826
1706175080872,0.47697217762470245,0.0619791429489851
1706175080912,0.47680990397930145,0.06461922265589237
1706175080913,0.47697505354881287,0.0615920964628458
1706175080916,0.4760490208864212,0.05696943774819374
1706175080929,0.4757910519838333,0.056938283145427704
1706175080938,0.477457195520401,0.05361982434988022
1706175080950,0.4783286303281784,0.047065986320376396
1706175080961,0.47882963716983795,0.04537278600037098
1706175080972,0.479071244597435,0.05220445990562439
1706175080983,0.48879750072956085,0.05884416401386261
1706175080994,0.5123883187770844,0.07008878700435162
1706175081005,0.5199167132377625,0.06979075819253922
1706175081015,0.5209401547908783,0.07196397334337234
1706175081026,0.5195933878421783,0.07114392518997192
1706175081065,0.5202712416648865,0.07019110396504402
1706175081066,0.5212492048740387,0.06627597659826279
1706175081071,0.5202549993991852,0.07094483077526093
1706175081083,0.5188735723495483,0.1028650552034378
1706175081093,0.5172244608402252,0.2301882952451706
1706175081105,0.5192707777023315,0.30835381150245667
1706175081116,0.5219095349311829,0.3915853202342987
1706175081127,0.5326479375362396,0.4827686548233032
1706175081138,0.5367402732372284,0.4985792338848114
1706175081149,0.5372686088085175,0.49412040412425995
1706175081160,0.5371415913105011,0.4954063892364502
1706175081171,0.5337238609790802,0.4961366057395935
1706175081182,0.5350687503814697,0.4976862519979477
1706175081200,0.5340245366096497,0.49975718557834625
1706175081222,0.5344931483268738,0.49930043518543243
1706175081224,0.533928632736206,0.4988225847482681
1706175081227,0.5372882187366486,0.49979205429553986
1706175081244,0.5372122228145599,0.4959237426519394
1706175081249,0.5354675650596619,0.49953632056713104
1706175081261,0.5366460680961609,0.5113928765058517
1706175081271,0.5317959487438202,0.5395179390907288
1706175081283,0.5259755253791809,0.5672662854194641
1706175081294,0.5124886631965637,0.6055723428726196
1706175081305,0.5143649876117706,0.6018159985542297
1706175081316,0.5160301923751831,0.5995957851409912
1706175081327,0.5140634477138519,0.5999332070350647
1706175081338,0.5135867893695831,0.6027028262615204
1706175081358,0.5169559717178345,0.6003606021404266
1706175081384,0.5183380246162415,0.6014469861984253
1706175081385,0.5149007737636566,0.5986558198928833
1706175081393,0.5135746896266937,0.6005933880805969
1706175081404,0.5127207934856415,0.6042787432670593
1706175081417,0.5119953155517578,0.6037799119949341
1706175081426,0.5143431723117828,0.6024786233901978
1706175081437,0.5165079832077026,0.6042354702949524
1706175081448,0.516288697719574,0.6078448295593262
1706175081459,0.5147513151168823,0.6160110533237457
1706175081471,0.5147426724433899,0.6122071146965027
1706175081482,0.5154019892215729,0.61211296916008
1706175081493,0.5097144842147827,0.617987185716629
1706175081531,0.5080534815788269,0.6249897480010986
1706175081532,0.51120725274086,0.6212078332901001
1706175081538,0.5123348236083984,0.6236679255962372
1706175081549,0.512669563293457,0.6241559088230133
1706175081560,0.5124769508838654,0.625959187746048
1706175081571,0.5101771056652069,0.6221226453781128
1706175081582,0.5093952119350433,0.6237872838973999
1706175081593,0.5084421634674072,0.6213571727275848
1706175081604,0.510837972164154,0.6244284510612488
1706175081616,0.5098783075809479,0.6258144974708557
1706175081627,0.5105782747268677,0.625469297170639
1706175081638,0.5092607736587524,0.6230343580245972
1706175081683,0.5085369944572449,0.621048778295517
1706175081684,0.5090031921863556,0.621228814125061
1706175081693,0.5104759633541107,0.6178750991821289
1706175081704,0.5117836892604828,0.6203131973743439
1706175081715,0.5097410380840302,0.6198773086071014
1706175081726,0.5115059912204742,0.6211981177330017
1706175081737,0.5110843479633331,0.6217783391475677
1706175081749,0.5128290951251984,0.6222026944160461
1706175081759,0.5112037062644958,0.616474986076355
1706175081771,0.5116721391677856,0.6120282709598541
1706175081782,0.5106022953987122,0.6115304529666901
1706175081793,0.5118457674980164,0.6180844008922577
1706175081804,0.5121407508850098,0.6232194304466248
1706175081816,0.5129002630710602,0.6206939220428467
1706175081858,0.5127609372138977,0.6198519468307495
1706175081860,0.5108543038368225,0.6179443299770355
1706175081876,0.5074871778488159,0.6290409862995148
1706175081882,0.5086820721626282,0.6231478154659271
1706175081893,0.5094864070415497,0.6187038719654083
1706175081904,0.510068416595459,0.6178220808506012
1706175081915,0.5103996396064758,0.6183235943317413
1706175081926,0.5192049145698547,0.5515607595443726
1706175081937,0.5282037258148193,0.4551204741001129
1706175081949,0.5390827655792236,0.3301438093185425
1706175081959,0.5536931753158569,0.1351352259516716
1706175081971,0.5558846592903137,0.09879664331674576
1706175081982,0.5556721389293671,0.09822952747344971
1706175082015,0.5552384555339813,0.10349800437688828
1706175082016,0.5542335510253906,0.10870212316513062
1706175082034,0.5559328496456146,0.10417873039841652
1706175082037,0.5580054223537445,0.107039924710989
1706175082049,0.5586945712566376,0.10470632836222649
1706175082060,0.5573163330554962,0.10124852508306503
1706175082071,0.554708868265152,0.09453156962990761
1706175082082,0.5530948340892792,0.09555206075310707
1706175082092,0.5526769459247589,0.09168395400047302
1706175082104,0.5531197190284729,0.09244691580533981
1706175082115,0.5628277361392975,0.08759890496730804
1706175082126,0.6056506931781769,0.07241052016615868
1706175082168,0.6269066333770752,0.06863361597061157
1706175082171,0.6487543284893036,0.05683324299752712
1706175082183,0.646788477897644,0.05856785736978054
1706175082193,0.6487249135971069,0.06334047019481659
1706175082204,0.6484785676002502,0.05896558798849583
1706175082215,0.6495752334594727,0.05889435298740864
1706175082225,0.6484531164169312,0.056417785584926605
1706175082237,0.6492455005645752,0.06259341351687908
1706175082248,0.6497068703174591,0.059308238327503204
1706175082259,0.6492566168308258,0.060958122834563255
1706175082270,0.6494973599910736,0.05594350956380367
1706175082281,0.6497937142848969,0.05843079648911953
1706175082293,0.6521797776222229,0.0564089510589838
1706175082314,0.6575483083724976,0.060714973136782646
1706175082335,0.6759922504425049,0.0654541477560997
1706175082336,0.740694522857666,0.057781437411904335
1706175082337,0.7605996131896973,0.05631381273269653
1706175082350,0.7695445716381073,0.053815681487321854
1706175082359,0.7704032361507416,0.058840736746788025
1706175082371,0.7716451287269592,0.06266998313367367
1706175082382,0.7707574665546417,0.06167991831898689
1706175082393,0.7684650421142578,0.05909131281077862
1706175082404,0.7676607370376587,0.0534676443785429
1706175082415,0.7690677344799042,0.055090734735131264
1706175082426,0.7704975605010986,0.055595919489860535
1706175082437,0.7720240354537964,0.05560244806110859
1706175082449,0.7705174386501312,0.056424856185913086
1706175082479,0.7693938314914703,0.05691288411617279
1706175082481,0.7684507966041565,0.055566467344760895
1706175082497,0.7673991322517395,0.051167549565434456
1706175082503,0.7693585455417633,0.04886520653963089
1706175082515,0.7675396203994751,0.05327000468969345
1706175082525,0.7671332657337189,0.055856700986623764
1706175082537,0.767169326543808,0.05815361253917217
1706175082549,0.7692180573940277,0.05530369095504284
1706175082559,0.7799914479255676,0.05958906374871731
1706175082571,0.7827808260917664,0.05684193596243858
1706175082582,0.7839499711990356,0.05844953656196594
1706175082593,0.7718579769134521,0.05472307465970516
1706175082612,0.769184947013855,0.05711720138788223
1706175082632,0.6948862075805664,0.05624774470925331
1706175082633,0.508627712726593,0.06008326355367899
1706175082635,0.508627712726593,0.06008326355367899
1706175082651,0.2880213335156441,0.11171678453683853
1706175082659,0.1781741827726364,0.17167680710554123
1706175082669,0.1710270643234253,0.17109301686286926
1706175082681,0.1482689306139946,0.19024178385734558
1706175082692,0.13447721302509308,0.184366375207901
1706175082703,0.13204452395439148,0.18167225271463394
1706175082714,0.13018491119146347,0.18533742427825928
1706175082725,0.1314229816198349,0.19124403595924377
1706175082737,0.1318499594926834,0.19235164672136307
1706175082748,0.13110913336277008,0.1902315840125084
1706175082781,0.12281845882534981,0.18359917402267456
1706175082782,0.09390190988779068,0.18000763654708862
1706175082798,0.07085223868489265,0.17808380722999573
1706175082804,0.0727737657725811,0.17836421728134155
1706175082815,0.07584211602807045,0.1774965301156044
1706175082826,0.07234203070402145,0.17520492523908615
1706175082837,0.07093395665287971,0.1742473468184471
1706175082848,0.07036347687244415,0.17506587505340576
1706175082859,0.07104060053825378,0.17507478594779968
1706175082870,0.07062482088804245,0.1744934618473053
1706175082882,0.0702894851565361,0.1741359606385231
1706175082892,0.07262446731328964,0.1768423318862915
1706175082912,0.07361114397644997,0.1797182857990265
1706175082932,0.07314356416463852,0.18197516351938248
1706175082933,0.07129623740911484,0.18094465136528015
1706175082937,0.07075198367238045,0.17733468860387802
1706175082949,0.07234705984592438,0.17373327910900116
1706175082960,0.07536540552973747,0.17685680836439133
1706175082970,0.07587593793869019,0.18058690428733826
1706175082982,0.0765300989151001,0.18896780908107758
1706175082992,0.11364952102303505,0.2320149689912796
1706175083004,0.1624334529042244,0.26732999086380005
1706175083015,0.24738562107086182,0.32457996904850006
1706175083026,0.43700429797172546,0.42232659459114075
1706175083065,0.4988316744565964,0.45954033732414246
1706175083066,0.5321806967258453,0.4790700823068619
1706175083070,0.5565078854560852,0.5019935965538025
1706175083081,0.5560217797756195,0.5031078606843948
1706175083094,0.5544984042644501,0.5024105310440063
1706175083103,0.5530494451522827,0.5016011893749237
1706175083115,0.5542582869529724,0.5020687878131866
1706175083126,0.5579729676246643,0.50182244181633
1706175083137,0.5579249560832977,0.5001399517059326
1706175083148,0.5602625906467438,0.498387947678566
1706175083159,0.5607750117778778,0.4995204955339432
1706175083170,0.5624489784240723,0.49747098982334137
1706175083182,0.5618110001087189,0.4993366003036499
1706175083214,0.560135006904602,0.4997730851173401
1706175083215,0.5607208907604218,0.5030099898576736
1706175083229,0.558623731136322,0.5015893578529358
1706175083237,0.5579996705055237,0.49743299186229706
1706175083248,0.5576672255992889,0.4981332868337631
1706175083258,0.5429227352142334,0.502215638756752
1706175083269,0.533099353313446,0.49924468994140625
1706175083281,0.5240957140922546,0.4977464973926544
1706175083291,0.5226300060749054,0.49594196677207947
1706175083303,0.5248894691467285,0.5022188872098923
1706175083314,0.5243997871875763,0.5023471117019653
1706175083325,0.5240567922592163,0.499336913228035
1706175083365,0.5223476886749268,0.49679984152317047
1706175083366,0.5231210291385651,0.4956505447626114
1706175083370,0.5238024294376373,0.4947461932897568
1706175083381,0.5258675813674927,0.49300506711006165
1706175083394,0.5253370702266693,0.4937175363302231
1706175083403,0.5258996188640594,0.4948388934135437
1706175083414,0.5249674022197723,0.49580711126327515
1706175083425,0.5239826142787933,0.495673805475235
1706175083436,0.523787260055542,0.4974563866853714
1706175083448,0.5209421515464783,0.49708469212055206
1706175083459,0.5244900584220886,0.49334460496902466
1706175083470,0.5232217609882355,0.4935401827096939
1706175083510,0.5251181125640869,0.49432776868343353
1706175083512,0.522506833076477,0.4945370852947235
1706175083514,0.5212045609951019,0.4918575584888458
1706175083529,0.5214903652667999,0.49401336908340454
1706175083536,0.5207940638065338,0.49598418176174164
1706175083548,0.521349310874939,0.4940273016691208
1706175083558,0.5215089023113251,0.4993835389614105
1706175083570,0.5242219865322113,0.5036519914865494
1706175083581,0.523919552564621,0.503593385219574
1706175083592,0.5096308290958405,0.5058226883411407
1706175083603,0.506294459104538,0.5016581267118454
1706175083614,0.5020978301763535,0.5012736618518829
1706175083625,0.5051572024822235,0.49662941694259644
1706175083667,0.5026665031909943,0.49746011197566986
1706175083668,0.5011536329984665,0.4979390799999237
1706175083670,0.5021159499883652,0.4977440685033798
1706175083685,0.5059974193572998,0.4972493052482605
1706175083692,0.5045938491821289,0.4905787855386734
1706175083703,0.516980916261673,0.49480006098747253
1706175083714,0.5410039722919464,0.4973147511482239
1706175083725,0.5957275331020355,0.4949953109025955
1706175083736,0.6035032868385315,0.4848211258649826
1706175083748,0.6015556752681732,0.48003676533699036
1706175083758,0.6000978946685791,0.47755657136440277
1706175083770,0.6004419028759003,0.4803136885166168
1706175083781,0.6002543866634369,0.47974893450737
1706175083816,0.6015733480453491,0.47982847690582275
1706175083817,0.6007685959339142,0.4795278161764145
1706175083824,0.600867360830307,0.47879788279533386
1706175083835,0.5933622717857361,0.4803612530231476
1706175083849,0.6270635724067688,0.5113755762577057
1706175083857,0.6846405565738678,0.5802100598812103
1706175083867,0.7316148281097412,0.6120761930942535
1706175083878,nan,nan
1706175083889,nan,nan
1706175083901,nan,nan
1706175083912,nan,nan
1706175083948,nan,nan
1706175083949,nan,nan
1706175083964,0.23726404458284378,0.4608739763498306
1706175083970,0.2015368938446045,0.3570902496576309
1706175083980,0.20265047997236252,0.27409930527210236
1706175083991,0.18088799715042114,0.149831123650074
1706175084002,0.2113182544708252,0.06721294252201915
1706175084014,0.16764304786920547,0.1854739561676979
1706175084025,0.1710062026977539,0.1869477555155754
1706175084036,0.16661551594734192,0.18835243582725525
1706175084047,0.1649053990840912,0.1892496570944786
1706175084058,0.16319286823272705,0.18781590461730957
1706175084102,0.16472580283880234,0.18747389316558838
1706175084103,0.16653314977884293,0.18482418358325958
1706175084120,0.16786714643239975,0.18485821038484573
1706175084125,0.16957006603479385,0.18791887164115906
1706175084136,0.16846618056297302,0.18645736575126648
1706175084147,0.1671135276556015,0.1842983067035675
1706175084158,0.1695655807852745,0.18983348459005356
1706175084169,0.1701153889298439,0.19147171080112457
1706175084181,0.17623921483755112,0.18885571509599686
1706175084191,0.20818418264389038,0.17104815691709518
1706175084202,0.2296132594347,0.16127703338861465
1706175084213,0.25161996483802795,0.1527535542845726
1706175084248,0.27001024782657623,0.14541751891374588
1706175084264,0.27501921355724335,0.1481006070971489
1706175084269,0.2763243168592453,0.148886077105999
1706175084281,0.27580660581588745,0.15241216123104095
1706175084291,0.2751818001270294,0.1488720253109932
1706175084302,0.27564941346645355,0.14852922409772873
1706175084313,0.2744452804327011,0.14601731300354004
1706175084324,0.27801546454429626,0.15119317173957825
1706175084335,0.29467499256134033,0.15638179332017899
1706175084347,0.32721905410289764,0.15221159905195236
1706175084382,0.39276522397994995,0.1496671363711357
1706175084383,0.4029663950204849,0.13980798423290253
1706175084391,0.4008767008781433,0.13300136476755142
1706175084402,0.40102343261241913,0.13854435831308365
1706175084415,0.40023620426654816,0.14326602965593338
1706175084425,0.4004673957824707,0.13874637335538864
1706175084436,0.4007110297679901,0.13723206520080566
1706175084447,0.4006478041410446,0.13538512587547302
1706175084458,0.40534012019634247,0.13798397034406662
1706175084469,0.408601850271225,0.13793934881687164
1706175084480,0.4106792062520981,0.13606199622154236
1706175084491,0.40721721947193146,0.13806459307670593
1706175084512,0.41746532917022705,0.1617273986339569
1706175084533,0.45131488144397736,0.21665524691343307
1706175084536,0.5922151207923889,0.3956836313009262
1706175084549,0.6112213730812073,0.43040917813777924
1706175084558,0.6174851953983307,0.4611337333917618
1706175084568,0.6190557777881622,0.4652552008628845
1706175084580,0.6186669170856476,0.467013344168663
1706175084591,0.6231545805931091,0.47480975091457367
1706175084602,0.6230137348175049,0.4773830324411392
1706175084613,0.6255113482475281,0.47783973813056946
1706175084624,0.6271459758281708,0.47341516613960266
1706175084635,0.6279142796993256,0.47474348545074463
1706175084667,0.6250127851963043,0.47287994623184204
1706175084668,0.6227631270885468,0.47415417432785034
1706175084669,0.6222848296165466,0.466370165348053
1706175084684,0.6247009932994843,0.46183641254901886
1706175084691,0.6257675886154175,0.464169442653656
1706175084702,0.6257832050323486,0.4738246947526932
1706175084713,0.6269413828849792,0.47903041541576385
1706175084724,0.6278620064258575,0.4772134870290756
1706175084735,0.6271263659000397,0.4732363820075989
1706175084747,0.6266438663005829,0.4751083701848984
1706175084757,0.6242351830005646,0.4760986417531967
1706175084769,0.6242178678512573,0.47925370931625366
1706175084780,0.6221446096897125,0.4758053869009018
1706175084818,0.6227759420871735,0.4750182181596756
1706175084824,0.6279206275939941,0.4796050786972046
1706175084836,0.6294450461864471,0.45348605513572693
1706175084847,0.640247642993927,0.38862840831279755
1706175084858,0.6611165106296539,0.23451975733041763
1706175084869,0.6699141561985016,0.19119654595851898
1706175084880,0.6713147759437561,0.16788005083799362
1706175084891,0.6724286079406738,0.1637410745024681
1706175084902,0.6733128130435944,0.16301441192626953
1706175084913,0.6737964749336243,0.1577165648341179
1706175084924,0.672881543636322,0.15626035630702972
1706175084946,0.6711824238300323,0.1557421162724495
1706175084966,0.6707651615142822,0.1601468175649643
1706175084969,0.6693077087402344,0.15325350314378738
1706175084982,0.6700071096420288,0.1547335535287857
1706175084990,0.6700695753097534,0.15513925999403
1706175085002,0.6688108742237091,0.1594640091061592
1706175085013,0.6678592264652252,0.15527687966823578
1706175085024,0.6681012511253357,0.15155460685491562
1706175085035,0.6662916243076324,0.14450040459632874
1706175085046,0.6672111451625824,0.14594683051109314
1706175085057,0.6820929646492004,0.13845016062259674
1706175085098,0.698859453201294,0.13750318437814713
1706175085099,0.7340690195560455,0.1323404759168625
1706175085102,0.731902152299881,0.13082795217633247
1706175085114,0.7316271960735321,0.12884612753987312
1706175085124,0.729459285736084,0.13036790490150452
1706175085136,0.7291574776172638,0.13316302374005318
1706175085147,0.7268347442150116,0.13453827053308487
1706175085158,0.7306674420833588,0.12884537130594254
1706175085168,0.7340438067913055,0.12668248638510704
1706175085180,0.7365545928478241,0.12559466063976288
1706175085190,0.7349274456501007,0.1240946538746357
1706175085202,0.7232332229614258,0.12873439863324165
1706175085213,0.7027738094329834,0.1329474002122879
1706175085248,0.6473148763179779,0.14202998578548431
1706175085249,0.6357313990592957,0.13701356947422028
1706175085265,0.635022759437561,0.13204283639788628
1706175085268,0.63523069024086,0.1311231404542923
1706175085280,0.6352878212928772,0.13318584114313126
1706175085291,0.6355017423629761,0.13726148009300232
1706175085302,0.6358096301555634,0.14126108586788177
1706175085313,0.6358949840068817,0.1454705148935318
1706175085324,0.6354560256004333,0.1449408009648323
1706175085335,0.6341945230960846,0.13960924744606018
1706175085346,0.6283539533615112,0.11845624819397926
1706175085382,0.6538171470165253,0.1968020796775818
1706175085383,0.6626957356929779,0.22648067027330399
1706175085389,nan,nan
1706175085401,nan,nan
1706175085412,nan,nan
1706175085422,nan,nan
1706175085433,nan,nan
1706175085445,nan,nan
1706175085456,nan,nan
1706175085468,nan,nan
1706175085480,0.5629757046699524,0.432966947555542
1706175085491,0.5554911494255066,0.5193969905376434
1706175085502,0.5502606332302094,0.5146096050739288
1706175085537,0.5501036047935486,0.515936017036438
1706175085538,0.5475353896617889,0.4721423238515854
1706175085546,0.5494334101676941,0.4862429350614548
1706175085557,0.5514573752880096,0.48428867757320404
1706175085569,0.5521036386489868,0.4831768423318863
1706175085579,0.5521237552165985,0.4792497009038925
1706175085590,0.5491715371608734,0.48543497920036316
1706175085601,0.5489614903926849,0.48303863406181335
1706175085613,0.5473711490631104,0.48634113371372223
1706175085623,0.5476961135864258,0.48042821884155273
1706175085635,0.5500058233737946,0.4912194311618805
1706175085646,0.5492565333843231,0.47948305308818817
1706175085685,0.5516537725925446,0.5138253271579742
1706175085689,0.7683752775192261,0.7732157707214355
1706175085702,0.7683752775192261,0.7732157707214355
1706175085711,0.8567184209823608,0.8647003769874573
1706175085722,nan,nan
1706175085733,nan,nan
1706175085744,nan,nan
1706175085755,nan,nan
1706175085766,nan,nan
1706175085777,nan,nan
1706175085788,nan,nan
1706175085800,nan,nan
1706175085835,nan,nan
1706175085836,nan,nan
1706175085851,nan,nan
1706175085854,nan,nan
1706175085864,nan,nan
1706175085883,nan,nan
1706175085901,nan,nan
1706175085913,nan,nan
1706175085922,nan,nan
1706175085934,nan,nan
1706175085945,nan,nan
1706175085984,nan,nan
1706175085989,nan,nan
1706175086001,nan,nan
1706175086012,nan,nan
1706175086022,nan,nan
1706175086034,nan,nan
1706175086045,nan,nan
1706175086055,nan,nan
1706175086067,nan,nan
1706175086079,nan,nan
1706175086089,nan,nan
1706175086100,nan,nan
1706175086139,nan,nan
1706175086140,nan,nan
1706175086146,nan,nan
1706175086155,nan,nan
1706175086168,nan,nan
1706175086179,nan,nan
1706175086189,nan,nan
1706175086200,nan,nan
1706175086213,nan,nan
1706175086222,nan,nan
1706175086234,nan,nan
1706175086246,nan,nan
1706175086284,nan,nan
1706175086285,nan,nan
1706175086289,nan,nan
1706175086300,nan,nan
1706175086313,nan,nan
1706175086321,nan,nan
1706175086333,nan,nan
1706175086345,nan,nan
1706175086355,nan,nan
1706175086367,nan,nan
1706175086379,nan,nan
1706175086420,nan,nan
1706175086422,nan,nan
1706175086438,nan,nan
1706175086445,nan,nan
1706175086456,nan,nan
1706175086467,nan,nan
1706175086478,nan,nan
1706175086488,nan,nan
1706175086500,nan,nan
1706175086512,nan,nan
1706175086522,nan,nan
1706175086533,nan,nan
1706175086567,nan,nan
1706175086568,nan,nan
1706175086583,nan,nan
1706175086588,nan,nan
1706175086600,nan,nan
1706175086612,nan,nan
1706175086622,nan,nan
1706175086634,nan,nan
1706175086645,nan,nan
1706175086656,nan,nan
1706175086667,nan,nan
1706175086699,nan,nan
1706175086701,nan,nan
1706175086716,nan,nan
1706175086723,nan,nan
1706175086736,nan,nan
1706175086747,nan,nan
1706175086759,nan,nan
1706175086770,nan,nan
1706175086781,nan,nan
1706175086792,nan,nan
1706175086803,nan,nan
1706175086834,nan,nan
1706175086835,nan,nan
1706175086837,nan,nan
1706175086851,0.5405921638011932,0.39946092665195465
1706175086858,0.5405921638011932,0.39946092665195465
1706175086870,0.5313478112220764,0.40828801691532135
1706175086881,0.5447192788124084,0.36530768871307373
1706175086893,0.5348965227603912,0.36427077651023865
1706175086903,0.5357823967933655,0.3551352024078369
1706175086915,0.5338883996009827,0.36565403640270233
1706175086926,0.5337713062763214,0.37073104083538055
1706175086938,0.5343128442764282,0.37506717443466187
1706175086949,0.5326710343360901,0.3750140070915222
1706175086988,0.5355776250362396,0.3718101531267166
1706175086993,0.5362566709518433,0.3658014088869095
1706175087006,0.536150336265564,0.3681621104478836
1706175087016,0.536397784948349,0.3688521683216095
1706175087026,0.5357991456985474,0.3695969134569168
1706175087037,0.5341380536556244,0.3649296313524246
1706175087049,0.533331960439682,0.3667648583650589
1706175087060,0.5319449603557587,0.3693385571241379
1706175087071,0.5331349074840546,0.37329138815402985
1706175087082,0.5333097577095032,0.3697194904088974
1706175087093,0.5354562401771545,0.37401367723941803
1706175087103,0.5388428866863251,0.3728971928358078
1706175087142,0.5398913323879242,0.3763038218021393
1706175087149,0.5394008159637451,0.3791535496711731
1706175087160,0.5378994941711426,0.38575850427150726
1706175087171,0.5378226041793823,0.3883320540189743
1706175087182,0.5372784733772278,0.3842049241065979
1706175087193,0.5358390212059021,0.3864581733942032
1706175087205,0.5346783995628357,0.38286440074443817
1706175087216,0.5348876118659973,0.3856734484434128
1706175087227,0.5367410480976105,0.38203346729278564
1706175087239,0.5367958545684814,0.3834926187992096
1706175087248,0.5368271768093109,0.3849100172519684
1706175087259,0.5361533463001251,0.3845599442720413
1706175087270,0.5357986092567444,0.3875795751810074
1706175087307,0.5349366366863251,0.3860609233379364
1706175087315,0.533163994550705,0.3836473673582077
1706175087326,0.48956143856048584,0.4042052626609802
1706175087338,0.46489784121513367,0.40849433839321136
1706175087349,0.3953304886817932,0.4222448319196701
1706175087360,0.28727230429649353,0.4314381182193756
1706175087371,0.27921733260154724,0.43643590807914734
1706175087383,0.27597369253635406,0.43736982345581055
1706175087393,0.28112058341503143,0.43935438990592957
1706175087404,0.2810368537902832,0.4395596981048584
1706175087416,0.2816765606403351,0.4377583861351013
1706175087452,0.28020229935646057,0.432296022772789
1706175087459,0.28291742503643036,0.4416356384754181
1706175087470,0.2855626195669174,0.4435439854860306
1706175087484,0.30409617722034454,0.4506898373365402
1706175087492,0.38462184369564056,0.4685986489057541
1706175087504,0.43289877474308014,0.48102161288261414
1706175087515,0.4638822376728058,0.48065876960754395
1706175087526,0.49117423593997955,0.4807780832052231
1706175087538,0.48814617097377777,0.47464823722839355
1706175087549,0.4890076071023941,0.4761853516101837
1706175087587,0.4870680868625641,0.4696148931980133
1706175087588,0.48901620507240295,0.46920742094516754
1706175087592,0.4937863200902939,0.47952933609485626
1706175087606,0.49492502212524414,0.4838322848081589
1706175087615,0.49524813890457153,0.47923341393470764
1706175087627,0.4963977187871933,0.47881610691547394
1706175087637,0.4960595518350601,0.4773004353046417
1706175087648,0.4981696307659149,0.4809729605913162
1706175087659,0.5307298004627228,0.4610777795314789
1706175087671,0.567321240901947,0.4337393492460251
1706175087682,0.6309530138969421,0.39598698914051056
1706175087693,0.7247354984283447,0.34756195545196533
1706175087704,0.7669897973537445,0.33429692685604095
1706175087743,0.7875046730041504,0.32932500541210175
1706175087744,0.784722626209259,0.33450013399124146
1706175087749,0.7859716415405273,0.3322290927171707
1706175087760,0.7872166931629181,0.3307071328163147
1706175087771,0.7881304621696472,0.33389993011951447
1706175087782,0.7895121574401855,0.33158767223358154
1706175087793,0.7882920205593109,0.33633674681186676
1706175087804,0.7867279946804047,0.33787059783935547
1706175087816,0.7873490452766418,0.3389802426099777
1706175087826,0.7898677885532379,0.3363373428583145
1706175087837,0.788640946149826,0.33185572922229767
1706175087848,0.7870377898216248,0.3298041373491287
1706175087865,0.7878749370574951,0.3285904824733734
1706175087886,0.7890683710575104,0.32830554246902466
1706175087887,0.7969992458820343,0.32640284299850464
1706175087892,0.809709221124649,0.320038378238678
1706175087903,0.815466046333313,0.3224087059497833
1706175087915,0.8172058463096619,0.3212084621191025
1706175087925,0.8153625726699829,0.32453761994838715
1706175087937,0.8162189722061157,0.3192288726568222
1706175087948,0.8145672380924225,0.3199613243341446
1706175087959,0.8148042857646942,0.32141123712062836
1706175087970,0.8137348294258118,0.31465741991996765
1706175087982,0.822251558303833,0.33005520701408386
1706175088020,0.8328633308410645,0.324802041053772
1706175088021,nan,nan
1706175088024,nan,nan
1706175088035,nan,nan
1706175088050,nan,nan
1706175088056,nan,nan
1706175088068,nan,nan
1706175088079,nan,nan
1706175088090,nan,nan
1706175088101,nan,nan
1706175088111,nan,nan
1706175088122,nan,nan
1706175088134,nan,nan
1706175088173,nan,nan
1706175088174,nan,nan
1706175088178,nan,nan
1706175088189,nan,nan
1706175088199,nan,nan
1706175088219,nan,nan
1706175088238,nan,nan
1706175088248,nan,nan
1706175088259,nan,nan
1706175088270,nan,nan
1706175088302,nan,nan
1706175088304,nan,nan
1706175088319,nan,nan
1706175088327,nan,nan
1706175088337,nan,nan
1706175088348,nan,nan
1706175088358,nan,nan
1706175088371,nan,nan
1706175088382,nan,nan
1706175088392,nan,nan
1706175088404,nan,nan
1706175088415,nan,nan
1706175088434,nan,nan
1706175088454,nan,nan
1706175088458,nan,nan
1706175088473,nan,nan
1706175088482,nan,nan
1706175088492,nan,nan
1706175088503,nan,nan
1706175088515,nan,nan
1706175088525,nan,nan
1706175088536,nan,nan
1706175088548,nan,nan
1706175088558,nan,nan
1706175088570,nan,nan
1706175088603,nan,nan
1706175088604,nan,nan
1706175088619,nan,nan
1706175088624,nan,nan
1706175088636,nan,nan
1706175088648,nan,nan
1706175088658,nan,nan
1706175088669,nan,nan
1706175088681,nan,nan
1706175088691,nan,nan
1706175088703,nan,nan
1706175088715,nan,nan
1706175088751,nan,nan
1706175088752,nan,nan
1706175088758,nan,nan
1706175088769,nan,nan
1706175088781,nan,nan
1706175088792,nan,nan
1706175088803,nan,nan
1706175088815,nan,nan
1706175088825,nan,nan
1706175088837,nan,nan
1706175088849,nan,nan
1706175088886,nan,nan
1706175088887,nan,nan
1706175088890,nan,nan
1706175088904,nan,nan
1706175088916,nan,nan
1706175088926,nan,nan
1706175088937,nan,nan
1706175088949,nan,nan
1706175088960,nan,nan
1706175088971,nan,nan
1706175088982,nan,nan
1706175089019,nan,nan
1706175089020,nan,nan
1706175089021,nan,nan
1706175089040,nan,nan
1706175089058,nan,nan
1706175089073,nan,nan
1706175089086,0.45790471136569977,0.485540971159935
1706175089094,0.45790471136569977,0.485540971159935
1706175089107,0.4847644865512848,0.48410508036613464
1706175089119,0.5257850587368011,0.47211506962776184
1706175089130,0.5198243260383606,0.4622620642185211
1706175089170,0.5163491666316986,0.45557695627212524
1706175089174,0.5120982527732849,0.4698498696088791
1706175089186,0.5154502093791962,0.46821410953998566
1706175089197,0.5178225040435791,0.4623926728963852
1706175089208,0.5180681943893433,0.45578716695308685
1706175089219,0.5170383751392365,0.4529328793287277
1706175089230,0.5156325995922089,0.4595950096845627
1706175089241,0.5173564553260803,0.4617527723312378
1706175089253,0.5174508690834045,0.46183373034000397
1706175089264,0.5201594233512878,0.45961642265319824
1706175089303,0.5202760696411133,0.45945802330970764
1706175089304,0.5198335349559784,0.46166184544563293
1706175089308,0.5191912651062012,0.4667949080467224
1706175089319,0.5201872289180756,0.4656289219856262
1706175089332,0.5382431745529175,0.4554344117641449
1706175089341,0.5671831667423248,0.4379202723503113
1706175089353,0.6021909117698669,0.41366201639175415
1706175089364,0.7144632041454315,0.3562619388103485
1706175089374,0.7894722819328308,0.3188721388578415
1706175089385,0.8033355474472046,0.3167901039123535
1706175089396,0.7994756102561951,0.3231273740530014
1706175089407,0.8033476769924164,0.3215612322092056
1706175089419,0.8015682995319366,0.324267253279686
1706175089455,0.8023175001144409,0.32616858184337616
1706175089456,0.8016161322593689,0.3231198638677597
1706175089463,0.8010688424110413,0.3287574201822281
1706175089474,0.8031618595123291,0.3327547758817673
1706175089485,0.8021904826164246,0.3349935710430145
1706175089496,0.8012254536151886,0.33432090282440186
1706175089507,0.8020003736019135,0.3467315286397934
1706175089518,0.8012434244155884,0.3478473275899887
1706175089529,0.8062168657779694,0.35517221689224243
1706175089540,0.8118224442005157,0.3380286693572998
1706175089551,0.8234336376190186,0.330403596162796
1706175089562,0.847523421049118,0.3843950033187866
1706175089605,0.8461754322052002,0.430630087852478
1706175089606,0.8461754322052002,0.430630087852478
1706175089621,nan,nan
1706175089628,nan,nan
1706175089639,nan,nan
1706175089650,nan,nan
1706175089660,nan,nan
1706175089671,nan,nan
1706175089682,nan,nan
1706175089693,nan,nan
1706175089710,nan,nan
1706175089754,nan,nan
1706175089755,nan,nan
1706175089761,nan,nan
1706175089773,nan,nan
1706175089785,nan,nan
1706175089794,nan,nan
1706175089806,nan,nan
1706175089818,nan,nan
1706175089828,nan,nan
1706175089839,nan,nan
1706175089851,nan,nan
1706175089861,nan,nan
1706175089873,nan,nan
1706175089903,nan,nan
1706175089904,nan,nan
1706175089906,nan,nan
1706175089920,nan,nan
1706175089928,nan,nan
1706175089940,nan,nan
1706175089951,nan,nan
1706175089961,nan,nan
1706175089973,nan,nan
1706175089985,nan,nan
1706175089995,nan,nan
1706175090035,nan,nan
1706175090037,nan,nan
1706175090040,nan,nan
1706175090051,nan,nan
1706175090061,nan,nan
1706175090073,nan,nan
1706175090085,nan,nan
1706175090095,nan,nan
1706175090106,nan,nan
1706175090117,nan,nan
1706175090127,nan,nan
1706175090139,nan,nan
1706175090151,nan,nan
1706175090186,nan,nan
1706175090187,nan,nan
1706175090194,nan,nan
1706175090206,nan,nan
1706175090218,nan,nan
1706175090227,nan,nan
1706175090239,nan,nan
1706175090251,nan,nan
1706175090261,nan,nan
1706175090272,nan,nan
1706175090284,nan,nan
1706175090294,nan,nan
1706175090337,nan,nan
1706175090339,nan,nan
1706175090353,nan,nan
1706175090361,nan,nan
1706175090373,nan,nan
1706175090385,nan,nan
1706175090394,nan,nan
1706175090406,nan,nan
1706175090418,nan,nan
1706175090428,nan,nan
1706175090476,nan,nan
1706175090477,nan,nan
1706175090491,nan,nan
1706175090493,nan,nan
1706175090506,nan,nan
1706175090517,nan,nan
1706175090527,nan,nan
1706175090539,nan,nan
1706175090551,nan,nan
1706175090561,nan,nan
1706175090573,nan,nan
1706175090585,nan,nan
1706175090623,nan,nan
1706175090624,nan,nan
1706175090627,nan,nan
1706175090639,nan,nan
1706175090652,nan,nan
1706175090661,nan,nan
1706175090673,nan,nan
1706175090684,nan,nan
1706175090693,nan,nan
1706175090705,nan,nan
1706175090718,nan,nan
1706175090727,nan,nan
1706175090738,nan,nan
1706175090774,nan,nan
1706175090775,nan,nan
1706175090784,nan,nan
1706175090793,nan,nan
1706175090806,nan,nan
1706175090817,nan,nan
1706175090827,nan,nan
1706175090839,nan,nan
1706175090850,nan,nan
1706175090860,nan,nan
1706175090872,nan,nan
1706175090907,nan,nan
1706175090908,nan,nan
1706175090925,nan,nan
1706175090927,nan,nan
1706175090939,nan,nan
1706175090950,nan,nan
1706175090960,nan,nan
1706175090972,nan,nan
1706175090984,nan,nan
1706175090993,nan,nan
1706175091005,nan,nan
1706175091017,nan,nan
1706175091036,nan,nan
1706175091056,nan,nan
1706175091060,nan,nan
1706175091073,nan,nan
1706175091084,nan,nan
1706175091094,nan,nan
1706175091105,nan,nan
1706175091117,nan,nan
1706175091127,nan,nan
1706175091139,nan,nan
1706175091150,nan,nan
1706175091186,nan,nan
1706175091188,nan,nan
1706175091193,nan,nan
1706175091205,nan,nan
1706175091218,nan,nan
1706175091227,nan,nan
1706175091239,nan,nan
1706175091250,nan,nan
1706175091260,nan,nan
1706175091272,nan,nan
1706175091283,nan,nan
1706175091294,nan,nan
1706175091305,nan,nan
1706175091340,nan,nan
1706175091341,nan,nan
1706175091360,nan,nan
1706175091372,nan,nan
1706175091384,nan,nan
1706175091394,nan,nan
1706175091406,nan,nan
1706175091417,nan,nan
1706175091427,nan,nan
1706175091439,nan,nan
1706175091450,nan,nan
1706175091494,nan,nan
1706175091495,nan,nan
1706175091510,nan,nan
1706175091517,nan,nan
1706175091528,nan,nan
1706175091539,nan,nan
1706175091550,nan,nan
1706175091560,nan,nan
1706175091572,nan,nan
1706175091583,nan,nan
1706175091593,nan,nan
1706175091605,nan,nan
1706175091641,nan,nan
1706175091642,nan,nan
1706175091657,nan,nan
1706175091660,nan,nan
1706175091672,nan,nan
1706175091683,nan,nan
1706175091694,nan,nan
1706175091705,nan,nan
1706175091717,nan,nan
1706175091727,nan,nan
1706175091738,nan,nan
1706175091750,nan,nan
1706175091761,nan,nan
1706175091798,nan,nan
1706175091805,nan,nan
1706175091817,nan,nan
1706175091829,nan,nan
1706175091839,nan,nan
1706175091850,nan,nan
1706175091861,nan,nan
1706175091872,nan,nan
1706175091883,nan,nan
1706175091895,nan,nan
1706175091905,nan,nan
1706175091917,nan,nan
1706175091955,nan,nan
1706175091956,nan,nan
1706175091961,nan,nan
1706175091973,nan,nan
1706175091985,nan,nan
1706175091994,nan,nan
1706175092006,nan,nan
1706175092017,nan,nan
1706175092027,nan,nan
1706175092040,nan,nan
1706175092057,nan,nan
1706175092071,nan,nan
1706175092104,nan,nan
1706175092105,nan,nan
1706175092122,nan,nan
1706175092127,nan,nan
1706175092140,nan,nan
1706175092148,nan,nan
1706175092165,nan,nan
1706175092188,nan,nan
1706175092202,nan,nan
1706175092243,nan,nan
1706175092244,nan,nan
1706175092260,0.5311586558818817,0.5005967617034912
1706175092265,0.5322561860084534,0.49490827322006226
1706175092275,0.5322561860084534,0.49490827322006226
1706175092287,0.5324330627918243,0.5041459947824478
1706175092298,0.5314117074012756,0.4929090291261673
1706175092309,0.5305066406726837,0.4994460642337799
1706175092321,0.5283145606517792,0.4976229965686798
1706175092332,0.5256466269493103,0.4930145740509033
1706175092343,0.5238546133041382,0.4876215159893036
1706175092354,0.5248080790042877,0.4856427311897278
1706175092392,0.5247233808040619,0.47973743081092834
1706175092398,0.5267570912837982,0.4795086085796356
1706175092411,0.5280819237232208,0.47936414182186127
1706175092420,0.52763432264328,0.4775334447622299
1706175092431,0.5264162719249725,0.47787506878376007
1706175092442,0.5247806012630463,0.48122023046016693
1706175092453,0.5240889489650726,0.4836501330137253
1706175092464,0.525490939617157,0.4853164255619049
1706175092476,0.5274819731712341,0.4898802936077118
1706175092487,0.5267973840236664,0.492216557264328
1706175092498,0.5257189273834229,0.49113570153713226
1706175092509,0.5254611670970917,0.48894037306308746
1706175092541,0.5264203548431396,0.48701901733875275
1706175092542,0.5265873968601227,0.48934102058410645
1706175092561,0.5251793265342712,0.4807431846857071
1706175092564,0.5244953334331512,0.4824204295873642
1706175092577,0.5234552621841431,0.48253805935382843
1706175092587,0.5259900689125061,0.4772788733243942
1706175092598,0.5551620423793793,0.5630338191986084
1706175092608,0.5693871080875397,0.595860630273819
1706175092619,0.5922378599643707,0.686099648475647
1706175092629,nan,nan
1706175092641,nan,nan
1706175092652,nan,nan
1706175092692,nan,nan
1706175092693,nan,nan
1706175092696,nan,nan
1706175092711,nan,nan
1706175092720,0.6940156817436218,1.4304240942001343
1706175092730,0.6940156817436218,1.4304240942001343
1706175092742,0.6320886015892029,1.2985670566558838
1706175092753,0.5898938775062561,0.6342886388301849
1706175092764,0.5463538765907288,0.6141629219055176
1706175092775,0.5322994291782379,0.5288578271865845
1706175092787,0.5128681063652039,0.5054778903722763
1706175092797,0.508428692817688,0.4589768797159195
1706175092820,0.5116690397262573,0.47433143854141235
1706175092841,0.5118539333343506,0.49293726682662964
1706175092842,0.5100239217281342,0.48880770802497864
1706175092857,0.507295548915863,0.48958219587802887
1706175092864,0.5067609548568726,0.49341554939746857
1706175092876,0.508989542722702,0.49654336273670197
1706175092887,0.5088873207569122,0.4922582060098648
1706175092897,0.5080370008945465,0.4983295202255249
1706175092909,0.5242404043674469,0.48876605927944183
1706175092920,0.5720013976097107,0.4627986252307892
1706175092931,0.687077671289444,0.3953317403793335
1706175092943,0.7404943704605103,0.3727325052022934
1706175092953,0.7758900821208954,0.351931557059288
1706175092994,0.8013899624347687,0.34562984108924866
1706175092995,0.7979101836681366,0.34384146332740784
1706175092998,0.797387033700943,0.348131462931633
1706175093012,0.7973775267601013,0.34785786271095276
1706175093020,0.7971693873405457,0.34889286756515503
1706175093031,0.8002977073192596,0.3511344641447067
1706175093043,0.7999689280986786,0.3538149893283844
1706175093054,0.7996478080749512,0.3558461368083954
1706175093065,0.8001695871353149,0.3563341051340103
1706175093076,0.8005998730659485,0.35714901983737946
1706175093087,0.800382137298584,0.3578045815229416
1706175093098,0.8006525635719299,0.3629857301712036
1706175093120,0.8018546998500824,0.35786786675453186
1706175093140,0.8030990660190582,0.35585547983646393
1706175093141,0.8041104972362518,0.3525436371564865
1706175093142,0.8037473559379578,0.3540492653846741
1706175093158,0.8031563460826874,0.3547235429286957
1706175093164,0.8034633696079254,0.3502984195947647
1706175093176,0.8043306767940521,0.3545144498348236
1706175093186,0.8060271143913269,0.35396748781204224
1706175093197,0.8041742742061615,0.35616306960582733
1706175093209,0.8037587106227875,0.3520944267511368
1706175093220,0.8023251295089722,0.35088783502578735
1706175093230,0.8038862347602844,0.3494301736354828
1706175093243,0.8036591112613678,0.35118086636066437
1706175093253,0.8040136098861694,0.35419057309627533
1706175093292,0.8040223717689514,0.351340651512146
1706175093293,0.8052337467670441,0.3485523909330368
1706175093298,0.8039615452289581,0.3522786796092987
1706175093310,0.8028903305530548,0.35307227075099945
1706175093320,0.8034669160842896,0.3509324640035629
1706175093331,0.8056756258010864,0.34713083505630493
1706175093342,0.8069483041763306,0.3447900116443634
1706175093353,0.8099666237831116,0.3430551588535309
1706175093364,0.8065182566642761,0.34697797894477844
1706175093376,0.8048936128616333,0.34772175550460815
1706175093387,0.8041068017482758,0.34953993558883667
1706175093398,0.8059397041797638,0.3473064452409744
1706175093409,0.8071278631687164,0.3455076366662979
1706175093445,0.8064634501934052,0.34779176115989685
1706175093446,0.807386726140976,0.34378401935100555
1706175093453,0.8063640296459198,0.34953103959560394
1706175093464,0.8074458241462708,0.35000376403331757
1706175093478,0.8070290982723236,0.34747442603111267
1706175093487,0.80622199177742,0.348155677318573
1706175093497,0.8039596974849701,0.35003404319286346
1706175093508,0.8036903738975525,0.34894034266471863
1706175093519,0.8041133880615234,0.3453611135482788
1706175093530,0.8041755557060242,0.3451795279979706
1706175093542,0.8049589693546295,0.34518657624721527
1706175093553,0.8058091104030609,0.34803906083106995
1706175093593,0.8078790307044983,0.3474388122558594
1706175093594,0.8061043322086334,0.3474366366863251
1706175093597,0.8050571978092194,0.34641753137111664
1706175093610,0.805749237537384,0.34643441438674927
1706175093619,0.8026550114154816,0.3500301092863083
1706175093630,0.7693445086479187,0.3694177269935608
1706175093641,0.7447701394557953,0.38591162860393524
1706175093653,0.6642321944236755,0.42237989604473114
1706175093664,0.5362255871295929,0.46595293283462524
1706175093675,0.5209576785564423,0.4739396572113037
1706175093686,0.5097856521606445,0.47714585065841675
1706175093697,0.5105690360069275,0.47729699313640594
1706175093709,0.5098715126514435,0.47650544345378876
1706175093745,0.5087573826313019,0.47788240015506744
1706175093746,0.5083574652671814,0.4773520231246948
1706175093753,0.5094480514526367,0.47993139922618866
1706175093763,0.509591668844223,0.47980040311813354
1706175093776,0.508616179227829,0.476158544421196
1706175093786,0.507863312959671,0.4760383069515228
1706175093797,0.5083964467048645,0.47276850044727325
1706175093808,0.5073463618755341,0.4761747568845749
1706175093819,0.5077280104160309,0.4747188985347748
1706175093830,0.5074081420898438,0.47536325454711914
1706175093842,0.5075433850288391,0.47301921248435974
1706175093853,0.5079992115497589,0.47109878063201904
1706175093873,0.5047752559185028,0.4709673076868057
1706175093894,0.506324976682663,0.46355965733528137
1706175093897,0.5118959248065948,0.5138556510210037
1706175093910,0.5126449465751648,0.538038969039917
1706175093918,0.5553212463855743,0.6011882126331329
1706175093930,0.7578366994857788,0.5512499213218689
1706175093940,0.8599016666412354,0.6678476929664612
1706175093952,0.973264753818512,0.7558474540710449
1706175093962,1.0464119911193848,0.8809148073196411
1706175093973,nan,nan
1706175093984,nan,nan
1706175093995,nan,nan
1706175094007,nan,nan
1706175094044,nan,nan
1706175094045,nan,nan
1706175094051,nan,nan
1706175094060,nan,nan
1706175094072,nan,nan
1706175094083,nan,nan
1706175094093,nan,nan
1706175094111,nan,nan
1706175094131,nan,nan
1706175094142,nan,nan
1706175094154,nan,nan
1706175094197,nan,nan
1706175094198,nan,nan
1706175094214,nan,nan
1706175094220,nan,nan
1706175094230,nan,nan
1706175094242,nan,nan
1706175094254,nan,nan
1706175094264,nan,nan
1706175094275,nan,nan
1706175094287,nan,nan
1706175094297,nan,nan
1706175094308,nan,nan
1706175094344,nan,nan
1706175094345,nan,nan
1706175094353,nan,nan
1706175094363,nan,nan
1706175094376,nan,nan
1706175094386,nan,nan
1706175094396,nan,nan
1706175094408,nan,nan
1706175094420,nan,nan
1706175094429,nan,nan
1706175094441,nan,nan
1706175094454,nan,nan
1706175094496,nan,nan
1706175094497,nan,nan
1706175094514,nan,nan
1706175094519,nan,nan
1706175094529,nan,nan
1706175094541,nan,nan
1706175094553,nan,nan
1706175094562,nan,nan
1706175094574,nan,nan
1706175094586,nan,nan
1706175094596,nan,nan
1706175094608,nan,nan
1706175094643,nan,nan
1706175094645,nan,nan
1706175094661,nan,nan
1706175094663,nan,nan
1706175094675,nan,nan
1706175094686,nan,nan
1706175094696,nan,nan
1706175094708,nan,nan
1706175094720,nan,nan
1706175094729,nan,nan
1706175094741,nan,nan
1706175094753,nan,nan
1706175094792,nan,nan
1706175094793,nan,nan
1706175094796,nan,nan
1706175094810,nan,nan
1706175094820,nan,nan
1706175094830,nan,nan
1706175094842,nan,nan
1706175094853,nan,nan
1706175094863,nan,nan
1706175094875,nan,nan
1706175094887,nan,nan
1706175094896,nan,nan
1706175094907,nan,nan
1706175094947,nan,nan
1706175094953,nan,nan
1706175094965,nan,nan
1706175094974,nan,nan
1706175094987,nan,nan
1706175094996,nan,nan
1706175095008,nan,nan
1706175095019,nan,nan
1706175095029,nan,nan
1706175095041,nan,nan
1706175095053,nan,nan
1706175095068,nan,nan
1706175095098,nan,nan
1706175095099,nan,nan
1706175095114,nan,nan
1706175095120,nan,nan
1706175095130,nan,nan
1706175095141,nan,nan
1706175095153,nan,nan
1706175095163,nan,nan
1706175095174,nan,nan
1706175095186,nan,nan
1706175095196,nan,nan
1706175095208,nan,nan
1706175095243,nan,nan
1706175095259,nan,nan
1706175095263,nan,nan
1706175095276,nan,nan
1706175095286,nan,nan
1706175095295,nan,nan
1706175095307,nan,nan
1706175095319,nan,nan
1706175095329,nan,nan
1706175095340,nan,nan
1706175095377,nan,nan
1706175095378,nan,nan
1706175095393,nan,nan
1706175095395,nan,nan
1706175095408,nan,nan
1706175095419,nan,nan
1706175095429,nan,nan
1706175095440,nan,nan
1706175095453,nan,nan
1706175095462,nan,nan
1706175095474,nan,nan
1706175095486,nan,nan
1706175095505,nan,nan
1706175095527,nan,nan
1706175095528,nan,nan
1706175095529,nan,nan
1706175095544,nan,nan
1706175095553,nan,nan
1706175095563,nan,nan
1706175095574,nan,nan
1706175095586,nan,nan
1706175095596,nan,nan
1706175095608,nan,nan
1706175095619,nan,nan
1706175095629,nan,nan
1706175095641,nan,nan
1706175095675,nan,nan
1706175095676,nan,nan
1706175095691,nan,nan
1706175095695,nan,nan
1706175095707,nan,nan
1706175095718,nan,nan
1706175095728,nan,nan
1706175095740,nan,nan
1706175095752,nan,nan
1706175095762,nan,nan
1706175095774,nan,nan
1706175095785,nan,nan
1706175095827,nan,nan
1706175095828,nan,nan
1706175095829,nan,nan
1706175095845,nan,nan
1706175095852,nan,nan
1706175095863,nan,nan
1706175095874,nan,nan
1706175095885,nan,nan
1706175095895,nan,nan
1706175095907,nan,nan
1706175095919,nan,nan
1706175095929,nan,nan
1706175095941,nan,nan
1706175095978,nan,nan
1706175095979,nan,nan
1706175095986,nan,nan
1706175095996,nan,nan
1706175096008,nan,nan
1706175096019,nan,nan
1706175096028,nan,nan
1706175096040,nan,nan
1706175096052,nan,nan
1706175096062,nan,nan
1706175096073,nan,nan
1706175096109,nan,nan
1706175096110,nan,nan
1706175096127,nan,nan
1706175096128,nan,nan
1706175096141,nan,nan
1706175096152,nan,nan
1706175096162,nan,nan
1706175096174,nan,nan
1706175096185,nan,nan
1706175096195,nan,nan
1706175096207,nan,nan
1706175096219,nan,nan
1706175096241,nan,nan
1706175096262,nan,nan
1706175096279,nan,nan
1706175096287,nan,nan
1706175096296,nan,nan
1706175096307,nan,nan
1706175096319,nan,nan
1706175096329,nan,nan
1706175096340,nan,nan
1706175096352,nan,nan
1706175096362,nan,nan
1706175096374,nan,nan
1706175096410,nan,nan
1706175096411,nan,nan
1706175096418,nan,nan
1706175096428,nan,nan
1706175096440,nan,nan
1706175096451,nan,nan
1706175096461,nan,nan
1706175096473,nan,nan
1706175096485,nan,nan
1706175096495,nan,nan
1706175096507,nan,nan
1706175096518,nan,nan
1706175096528,nan,nan
1706175096562,nan,nan
1706175096578,nan,nan
1706175096585,nan,nan
1706175096596,nan,nan
1706175096606,nan,nan
1706175096618,nan,nan
1706175096629,nan,nan
1706175096640,nan,nan
1706175096652,nan,nan
1706175096662,nan,nan
1706175096674,nan,nan
1706175096710,nan,nan
1706175096711,nan,nan
1706175096726,nan,nan
1706175096729,nan,nan
1706175096742,nan,nan
1706175096752,nan,nan
1706175096762,nan,nan
1706175096773,nan,nan
1706175096784,nan,nan
1706175096795,nan,nan
1706175096806,nan,nan
1706175096844,nan,nan
1706175096845,nan,nan
1706175096852,nan,nan
1706175096862,nan,nan
1706175096875,nan,nan
1706175096885,nan,nan
1706175096895,nan,nan
1706175096907,nan,nan
1706175096919,nan,nan
1706175096928,nan,nan
1706175096940,nan,nan
1706175096952,nan,nan
1706175096961,nan,nan
1706175096994,nan,nan
1706175096995,nan,nan
1706175097012,nan,nan
1706175097018,nan,nan
1706175097029,nan,nan
1706175097040,nan,nan
1706175097051,nan,nan
1706175097061,nan,nan
1706175097073,nan,nan
1706175097085,nan,nan
1706175097095,nan,nan
1706175097107,nan,nan
1706175097145,nan,nan
1706175097146,nan,nan
1706175097152,nan,nan
1706175097163,nan,nan
1706175097173,nan,nan
1706175097184,nan,nan
1706175097194,nan,nan
1706175097206,nan,nan
1706175097218,nan,nan
1706175097228,nan,nan
1706175097239,nan,nan
1706175097251,nan,nan
1706175097261,nan,nan
1706175097294,nan,nan
1706175097295,nan,nan
1706175097313,nan,nan
1706175097319,nan,nan
1706175097330,nan,nan
1706175097340,nan,nan
1706175097351,nan,nan
1706175097362,nan,nan
1706175097374,nan,nan
1706175097385,nan,nan
1706175097396,nan,nan
1706175097407,nan,nan
1706175097444,nan,nan
1706175097445,nan,nan
1706175097463,nan,nan
1706175097474,nan,nan
1706175097485,nan,nan
1706175097496,nan,nan
1706175097508,nan,nan
1706175097519,0.6371636390686035,0.6055240631103516
1706175097530,0.6371636390686035,0.6055240631103516
1706175097541,0.6371636390686035,0.6055240631103516
1706175097553,0.6338475048542023,0.6771329641342163
1706175097595,0.6397242248058319,0.663887619972229
1706175097598,0.6443368494510651,0.6634409129619598
1706175097613,0.6441607177257538,0.656770646572113
1706175097621,0.6478581726551056,0.6543079912662506
1706175097632,0.6446249186992645,0.6385479867458344
1706175097643,0.6289676129817963,0.6279403865337372
1706175097654,0.6024188995361328,0.5767354667186737
1706175097665,0.543183833360672,0.49923476576805115
1706175097676,0.5329390168190002,0.48773960769176483
1706175097687,0.5354606211185455,0.503350093960762
1706175097698,0.5356561243534088,0.5048197358846664
1706175097710,0.5399482250213623,0.5120043903589249
1706175097744,0.5404474437236786,0.5061213821172714
1706175097745,0.5399737358093262,0.5012018084526062
1706175097761,0.5403757095336914,0.5000583976507187
1706175097765,0.5397956371307373,0.5047023892402649
1706175097777,0.5395404398441315,0.5058197528123856
1706175097787,0.5358864665031433,0.5054586082696915
1706175097798,0.5357528328895569,0.5102384239435196
1706175097810,0.5369302034378052,0.5153679996728897
1706175097821,0.5375585854053497,0.5191898345947266
1706175097832,0.5358717441558838,0.5220897197723389
1706175097843,0.5355491042137146,0.5204935967922211
1706175097854,0.5341967642307281,0.5182658731937408
1706175097876,0.5360442101955414,0.5124803334474564
1706175097896,0.5351728200912476,0.5106694102287292
1706175097897,0.5340922176837921,0.5090590268373489
1706175097899,0.534011721611023,0.515321210026741
1706175097913,0.5240230858325958,0.5057346522808075
1706175097920,0.5674260854721069,0.5764991343021393
1706175097931,0.6502285301685333,0.7327952682971954
1706175097941,0.7014144361019135,0.7964769005775452
1706175097952,nan,nan
1706175097962,nan,nan
1706175097974,nan,nan
1706175097985,nan,nan
1706175097996,nan,nan
1706175098008,nan,nan
1706175098045,nan,nan
1706175098052,0.6269639730453491,0.4892817735671997
1706175098063,0.5635122656822205,0.5369306802749634
1706175098076,0.5519412159919739,0.5116137266159058
1706175098087,0.524429440498352,0.48189833760261536
1706175098098,0.52399742603302,0.45668336749076843
1706175098110,0.5240936577320099,0.4594774842262268
1706175098120,0.5249784588813782,0.4652598798274994
1706175098131,0.5249334573745728,0.4621316194534302
1706175098143,0.5246411263942719,0.4640985131263733
1706175098154,0.5239452123641968,0.4576224982738495
1706175098195,0.5229228138923645,0.457759290933609
1706175098196,0.5228840410709381,0.46411600708961487
1706175098198,0.523187130689621,0.47210855782032013
1706175098213,0.5243340134620667,0.47407084703445435
1706175098221,0.5282796025276184,0.4679713398218155
1706175098233,0.5271850526332855,0.46529197692871094
1706175098243,0.5261865556240082,0.45722779631614685
1706175098254,0.5224237442016602,0.45365840196609497
1706175098265,0.5227570235729218,0.45705458521842957
1706175098277,0.5246029496192932,0.45929819345474243
1706175098287,0.5251811146736145,0.4628409892320633
1706175098298,0.5238018035888672,0.461703896522522
1706175098309,0.5230166614055634,0.4573027491569519
1706175098347,0.522322028875351,0.45926183462142944
1706175098348,0.5231730043888092,0.4591101258993149
1706175098353,0.5221525728702545,0.4635016620159149
1706175098364,0.5199333727359772,0.46002818644046783
1706175098375,0.5191633999347687,0.46065813302993774
1706175098387,0.5207774043083191,0.4537370204925537
1706175098398,0.5248735845088959,0.45644327998161316
1706175098409,0.5247121751308441,0.4517800211906433
1706175098420,0.5247655510902405,0.45538924634456635
1706175098431,0.5227081775665283,0.4540818780660629
1706175098442,0.5292273759841919,0.45675379037857056
1706175098454,0.551196277141571,0.4699244648218155
1706175098495,0.5893404483795166,0.480612650513649
1706175098496,0.6004241406917572,0.4823348969221115
1706175098498,0.601866602897644,0.4777499586343765
1706175098511,0.6021242737770081,0.4763385206460953
1706175098521,0.6037633717060089,0.48115523159503937
1706175098531,0.6020070016384125,0.4791293889284134
1706175098543,0.602749764919281,0.47760652005672455
1706175098554,0.5982250571250916,0.4750029891729355
1706175098565,0.5989010632038116,0.47380638122558594
1706175098576,0.5997985601425171,0.47736480832099915
1706175098587,0.601513534784317,0.47707195580005646
1706175098598,0.6027242839336395,0.4775804579257965
1706175098610,0.6018500030040741,0.47427771985530853
1706175098646,0.6232437491416931,0.4948197901248932
1706175098647,0.6936641931533813,0.5260695815086365
1706175098654,0.7664772570133209,0.542242020368576
1706175098664,0.7828375697135925,0.5426312386989594
1706175098675,0.780765563249588,0.540983259677887
1706175098687,0.778934895992279,0.5439291596412659
1706175098697,0.7802574336528778,0.5479752719402313
1706175098709,0.7797695696353912,0.5471385717391968
1706175098720,0.7816901504993439,0.5486429035663605
1706175098731,0.780607283115387,0.5484132766723633
1706175098742,0.7812383472919464,0.549463301897049
1706175098754,0.7795943021774292,0.5483883619308472
1706175098794,0.7804362177848816,0.5485524237155914
1706175098795,0.7809595167636871,0.5483009517192841
1706175098797,0.782430499792099,0.5471433103084564
1706175098809,0.7794739007949829,0.5478536784648895
1706175098822,0.7757264077663422,0.5485375821590424
1706175098831,0.7672472298145294,0.5481975674629211
1706175098842,0.76655513048172,0.5448347926139832
1706175098853,0.7661666870117188,0.5453930497169495
1706175098864,0.765834242105484,0.541816234588623
1706175098876,0.76559779047966,0.5455220639705658
1706175098887,0.7660185992717743,0.545642614364624
1706175098898,0.7675159871578217,0.5438856482505798
1706175098909,0.767554372549057,0.5438205301761627
1706175098946,0.7670092582702637,0.5429896712303162
1706175098947,0.7650429904460907,0.5475601553916931
1706175098961,0.7621569037437439,0.5460367798805237
1706175098964,0.763344943523407,0.5428571105003357
1706175098976,0.7611646354198456,0.5424334704875946
1706175098987,0.7398722767829895,0.5354050397872925
1706175098998,0.6752187311649323,0.5161504745483398
1706175099009,0.6368429958820343,0.516461193561554
1706175099020,0.6147725582122803,0.5102710127830505
1706175099031,0.5966998636722565,0.5120134353637695
1706175099042,0.5977320969104767,0.5031220614910126
1706175099053,0.5929911434650421,0.5031603127717972
1706175099074,0.5939695537090302,0.4978119730949402
1706175099096,0.5939898788928986,0.4958639442920685
1706175099097,0.5949651002883911,0.49632059037685394
1706175099113,0.5942145586013794,0.49733370542526245
1706175099120,0.59357550740242,0.4946919232606888
1706175099132,0.5930063724517822,0.5005360990762711
1706175099142,0.5924645364284515,0.5043472051620483
1706175099153,0.5926722288131714,0.5054329037666321
1706175099164,0.593756228685379,0.49751657247543335
1706175099175,0.5946519672870636,0.4952581077814102
1706175099186,0.5948984622955322,0.4910506159067154
1706175099197,0.5951602458953857,0.4915740340948105
1706175099228,0.5949079394340515,0.49480780959129333
1706175099229,0.5950219929218292,0.49605464935302734
1706175099230,0.5942471325397491,0.5015709698200226
1706175099247,0.5928636491298676,0.5015623271465302
1706175099253,0.5913625061511993,0.5020715594291687
1706175099263,0.5911040306091309,0.49465298652648926
1706175099275,0.5917592644691467,0.4967704266309738
1706175099286,0.5922538340091705,0.4999191462993622
1706175099297,0.5932414531707764,0.49888454377651215
1706175099308,0.5923618674278259,0.4991710036993027
1706175099319,0.5968688726425171,0.4917079359292984
1706175099330,0.597226619720459,0.49314644932746887
1706175099342,0.5972088277339935,0.49401724338531494
1706175099379,0.5923072397708893,0.49834443628787994
1706175099395,0.5810486674308777,0.49892212450504303
1706175099397,0.5620024502277374,0.5014828443527222
1706175099409,0.5548233389854431,0.4979191720485687
1706175099420,0.5534927546977997,0.49736227095127106
1706175099430,0.5561436712741852,0.5000111162662506
1706175099442,0.5551592409610748,0.5000893622636795
1706175099453,0.5563745498657227,0.49720214307308197
1706175099465,0.5558116436004639,0.49482305347919464
1706175099475,0.5583468675613403,0.49640414118766785
1706175099515,0.5574662089347839,0.4982462078332901
1706175099516,0.5565097630023956,0.5012190192937851
1706175099520,0.5553244352340698,0.5009508728981018
1706175099532,0.554477334022522,0.498466357588768
1706175099542,0.5535548627376556,0.5040357261896133
1706175099553,0.55337855219841,0.5016184747219086
1706175099564,0.5548769235610962,0.5065215080976486
1706175099575,0.5532533526420593,0.5034282356500626
1706175099586,0.5518399178981781,0.5055097937583923
1706175099597,0.5537102520465851,0.5022339224815369
1706175099608,0.5539067387580872,0.5044099986553192
1706175099619,0.5551775991916656,0.5057003200054169
1706175099636,0.5539385676383972,0.5042705833911896
1706175099661,0.5530165731906891,0.5045195966959
1706175099662,0.5553708374500275,0.5023039430379868
1706175099664,0.5557606518268585,0.5056770741939545
1706175099677,0.5573886036872864,0.5025985985994339
1706175099686,0.5566060841083527,0.4992339611053467
1706175099698,0.5538344085216522,0.4959818720817566
1706175099708,0.553555816411972,0.4975805729627609
1706175099719,0.5552617907524109,0.5021158307790756
1706175099730,0.55778568983078,0.49976329505443573
1706175099741,0.5561594069004059,0.5018710941076279
1706175099752,0.5552225112915039,0.5013806819915771
1706175099764,0.5559955835342407,0.5024996250867844
1706175099775,0.5563250184059143,0.500479519367218
1706175099811,0.5557741522789001,0.49698324501514435
1706175099812,0.5549883842468262,0.5027737468481064
1706175099819,0.5538422167301178,0.5090806782245636
1706175099830,0.5545088350772858,0.5085628032684326
1706175099842,0.5555514395236969,0.5115294754505157
1706175099853,0.6161810457706451,0.5294791758060455
1706175099863,0.7666714787483215,0.5940944254398346
1706175099874,0.7666714787483215,0.5940944254398346
1706175099885,0.793877363204956,0.5945215225219727
1706175099895,nan,nan
1706175099906,nan,nan
1706175099918,nan,nan
1706175099928,nan,nan
1706175099963,nan,nan
1706175099964,nan,nan
1706175099979,nan,nan
1706175099983,nan,nan
1706175099994,nan,nan
1706175100005,nan,nan
1706175100016,nan,nan
1706175100027,nan,nan
1706175100037,nan,nan
1706175100056,nan,nan
1706175100075,nan,nan
1706175100112,nan,nan
1706175100114,nan,nan
1706175100120,nan,nan
1706175100130,nan,nan
1706175100143,nan,nan
1706175100153,nan,nan
1706175100163,nan,nan
1706175100175,nan,nan
1706175100186,nan,nan
1706175100196,nan,nan
1706175100207,nan,nan
1706175100219,nan,nan
1706175100229,nan,nan
1706175100264,nan,nan
1706175100265,nan,nan
1706175100282,nan,nan
1706175100288,nan,nan
1706175100297,nan,nan
1706175100308,nan,nan
1706175100320,nan,nan
1706175100330,nan,nan
1706175100341,nan,nan
1706175100353,nan,nan
1706175100363,nan,nan
1706175100375,nan,nan
1706175100414,nan,nan
1706175100415,nan,nan
1706175100419,nan,nan
1706175100431,nan,nan
1706175100440,nan,nan
1706175100453,nan,nan
1706175100462,nan,nan
1706175100474,nan,nan
1706175100486,nan,nan
1706175100496,nan,nan
1706175100507,nan,nan
1706175100519,nan,nan
1706175100529,nan,nan
1706175100565,nan,nan
1706175100574,nan,nan
1706175100586,nan,nan
1706175100596,nan,nan
1706175100608,nan,nan
1706175100619,nan,nan
1706175100629,nan,nan
1706175100641,nan,nan
1706175100653,nan,nan
1706175100663,nan,nan
1706175100674,nan,nan
1706175100714,nan,nan
1706175100716,nan,nan
1706175100720,nan,nan
1706175100733,nan,nan
1706175100741,nan,nan
1706175100753,nan,nan
1706175100763,nan,nan
1706175100774,nan,nan
1706175100785,nan,nan
1706175100795,nan,nan
1706175100807,nan,nan
1706175100819,nan,nan
1706175100829,nan,nan
1706175100867,nan,nan
1706175100868,nan,nan
1706175100874,nan,nan
1706175100886,nan,nan
1706175100896,nan,nan
1706175100907,nan,nan
1706175100919,nan,nan
1706175100929,nan,nan
1706175100941,nan,nan
1706175100952,nan,nan
1706175100962,nan,nan
1706175100974,nan,nan
1706175101018,nan,nan
1706175101019,nan,nan
1706175101037,nan,nan
1706175101041,nan,nan
1706175101054,nan,nan
1706175101062,nan,nan
1706175101074,nan,nan
1706175101086,nan,nan
1706175101096,nan,nan
1706175101108,nan,nan
1706175101119,nan,nan
1706175101129,nan,nan
1706175101147,nan,nan
1706175101167,nan,nan
1706175101168,nan,nan
1706175101174,nan,nan
1706175101185,nan,nan
1706175101195,nan,nan
1706175101207,nan,nan
1706175101218,nan,nan
1706175101228,nan,nan
1706175101240,nan,nan
1706175101252,nan,nan
1706175101262,nan,nan
1706175101274,nan,nan
1706175101285,nan,nan
1706175101295,nan,nan
1706175101331,nan,nan
1706175101332,nan,nan
1706175101340,nan,nan
1706175101352,nan,nan
1706175101364,nan,nan
1706175101374,nan,nan
1706175101386,nan,nan
1706175101396,nan,nan
1706175101407,nan,nan
1706175101419,nan,nan
1706175101429,nan,nan
1706175101441,nan,nan
1706175101461,nan,nan
1706175101482,nan,nan
1706175101483,nan,nan
1706175101486,nan,nan
1706175101502,nan,nan
1706175101508,nan,nan
1706175101519,nan,nan
1706175101528,nan,nan
1706175101540,nan,nan
1706175101551,nan,nan
1706175101562,nan,nan
1706175101573,nan,nan
1706175101585,nan,nan
1706175101595,nan,nan
1706175101634,nan,nan
1706175101635,nan,nan
1706175101640,nan,nan
1706175101653,nan,nan
1706175101662,nan,nan
1706175101674,nan,nan
1706175101685,nan,nan
1706175101696,nan,nan
1706175101707,nan,nan
1706175101719,nan,nan
1706175101729,nan,nan
1706175101741,nan,nan
1706175101784,nan,nan
1706175101785,nan,nan
1706175101786,nan,nan
1706175101803,nan,nan
1706175101807,nan,nan
1706175101820,nan,nan
1706175101829,nan,nan
1706175101841,nan,nan
1706175101859,nan,nan
1706175101874,nan,nan
1706175101884,nan,nan
1706175101895,nan,nan
1706175101931,nan,nan
1706175101948,nan,nan
1706175101954,0.688157320022583,0.627835750579834
1706175101966,0.6974411010742188,0.614888608455658
1706175101975,0.6974411010742188,0.614888608455658
1706175101987,0.7051935791969299,0.6154325604438782
1706175101997,0.7133731842041016,0.6291346549987793
1706175102009,0.7133731842041016,0.6291346549987793
1706175102020,0.7015560269355774,0.6145292222499847
1706175102031,0.6983477175235748,0.607393354177475
1706175102043,0.6941401958465576,0.601931095123291
1706175102063,0.6932104825973511,0.6016996800899506
1706175102084,0.6923410296440125,0.5984779298305511
1706175102085,0.6933472454547882,0.6013795137405396
1706175102088,0.693892627954483,0.6015093326568604
1706175102103,0.699752688407898,0.572323739528656
1706175102111,0.7071506381034851,0.546975314617157
1706175102121,0.715989738702774,0.5146363377571106
1706175102132,0.7282537817955017,0.49734990298748016
1706175102143,0.7285131514072418,0.5041033178567886
1706175102154,0.7276888191699982,0.5095808655023575
1706175102165,0.7247022986412048,0.5036935955286026
1706175102177,0.7235024273395538,0.5045955628156662
1706175102188,0.7143094539642334,0.49990397691726685
1706175102199,0.6662648022174835,0.49474382400512695
1706175102210,0.6363524198532104,0.48603925108909607
1706175102253,0.612505704164505,0.48550383746623993
1706175102254,0.5980616807937622,0.4843331426382065
1706175102255,0.5991817116737366,0.48529304563999176
1706175102270,0.5979649126529694,0.48468203842639923
1706175102276,0.5977623760700226,0.48514188826084137
1706175102287,0.5990760922431946,0.48492418229579926
1706175102298,0.5984981060028076,0.4833134859800339
1706175102309,0.5959678292274475,0.48477305471897125
1706175102321,0.5960913002490997,0.4897364526987076
1706175102331,0.5953879058361053,0.49218426644802094
1706175102343,0.5984219014644623,0.4920794516801834
1706175102354,0.5997773706912994,0.49053648114204407
1706175102365,0.5987167656421661,0.4952658712863922
1706175102398,0.592665821313858,0.49950604140758514
1706175102418,0.5557370781898499,0.5057733505964279
1706175102421,0.5560240149497986,0.500346764922142
1706175102433,0.5587942898273468,0.5051184445619583
1706175102443,0.5602120757102966,0.504189521074295
1706175102454,0.5628701150417328,0.5034813433885574
1706175102465,0.5618935227394104,0.5017210096120834
1706175102477,0.5600315928459167,0.5008744448423386
1706175102488,0.5599348247051239,0.5031728893518448
1706175102499,0.5599734485149384,0.5023970156908035
1706175102510,0.5620653629302979,0.5089059472084045
1706175102553,0.5624634921550751,0.5107754319906235
1706175102554,0.5620244443416595,0.514697253704071
1706175102571,0.5595755279064178,0.5164698511362076
1706175102577,0.5591528713703156,0.5155091434717178
1706175102588,0.5601990818977356,0.5162168145179749
1706175102598,0.5593887865543365,0.5165989995002747
1706175102608,0.5612442195415497,0.5181988179683685
1706175102620,0.5582749247550964,0.5215049684047699
1706175102631,0.5545104742050171,0.521914541721344
1706175102641,0.554466038942337,0.5222902595996857
1706175102654,0.5550234317779541,0.5209260880947113
1706175102664,0.5742942094802856,0.5244199931621552
1706175102701,0.5790295302867889,0.5300769805908203
1706175102702,0.5852291882038116,0.5308773219585419
1706175102709,0.5828233063220978,0.5303687453269958
1706175102720,0.5815788805484772,0.5265126824378967
1706175102734,0.5790390074253082,0.5248753279447556
1706175102742,0.5811249911785126,0.5231404602527618
1706175102753,0.5821099281311035,0.5240191221237183
1706175102764,0.5829111337661743,0.5269345045089722
1706175102776,0.5828919410705566,0.5231661200523376
1706175102787,0.5828607678413391,0.5366789698600769
1706175102798,0.5829016864299774,0.5329951345920563
1706175102809,0.5888625383377075,0.5360333323478699
1706175102851,0.6237187683582306,0.537590891122818
1706175102852,0.708029717206955,0.5466773808002472
1706175102854,0.7467285990715027,0.5393270254135132
1706175102871,0.7427316606044769,0.5346333384513855
1706175102876,0.7447980344295502,0.5381745994091034
1706175102887,0.7460632622241974,0.536223828792572
1706175102898,0.7452473044395447,0.5349285006523132
1706175102910,0.7459524273872375,0.5367866456508636
1706175102921,0.7479146122932434,0.5384412705898285
1706175102932,0.7519738078117371,0.5386987924575806
1706175102943,0.751218318939209,0.5349245369434357
1706175102954,0.7534233927726746,0.5321225225925446
1706175102965,0.7531947195529938,0.528903990983963
1706175103002,0.7517974078655243,0.5304425060749054
1706175103003,0.7508832812309265,0.5318337380886078
1706175103009,0.7513457834720612,0.5343190729618073
1706175103022,0.7512254416942596,0.531536191701889
1706175103031,0.7501866519451141,0.531191498041153
1706175103043,0.7530053555965424,0.5309005677700043
1706175103054,0.7581559717655182,0.5567893385887146
1706175103064,0.7861306965351105,0.6178823411464691
1706175103074,0.7796905338764191,0.6304904222488403
1706175103085,0.8735591769218445,0.7039183974266052
1706175103096,nan,nan
1706175103107,nan,nan
1706175103118,nan,nan
1706175103157,nan,nan
1706175103158,nan,nan
1706175103162,nan,nan
1706175103176,nan,nan
1706175103184,nan,nan
1706175103195,nan,nan
1706175103213,nan,nan
1706175103231,nan,nan
1706175103243,nan,nan
1706175103254,nan,nan
1706175103264,nan,nan
1706175103276,nan,nan
1706175103287,nan,nan
1706175103322,nan,nan
1706175103330,nan,nan
1706175103342,nan,nan
1706175103354,nan,nan
1706175103364,nan,nan
1706175103375,nan,nan
1706175103386,nan,nan
1706175103397,nan,nan
1706175103409,nan,nan
1706175103420,nan,nan
1706175103430,nan,nan
1706175103468,nan,nan
1706175103475,nan,nan
1706175103487,nan,nan
1706175103497,nan,nan
1706175103508,nan,nan
1706175103520,nan,nan
1706175103530,nan,nan
1706175103542,nan,nan
1706175103553,nan,nan
1706175103563,nan,nan
1706175103575,nan,nan
1706175103616,nan,nan
1706175103617,nan,nan
1706175103620,nan,nan
1706175103633,nan,nan
1706175103641,nan,nan
1706175103653,nan,nan
1706175103662,nan,nan
1706175103674,nan,nan
1706175103687,nan,nan
1706175103696,nan,nan
1706175103708,nan,nan
1706175103720,nan,nan
1706175103730,nan,nan
1706175103783,nan,nan
1706175103784,nan,nan
1706175103787,nan,nan
1706175103800,nan,nan
1706175103808,nan,nan
1706175103820,nan,nan
1706175103830,nan,nan
1706175103841,nan,nan
1706175103853,nan,nan
1706175103863,nan,nan
1706175103874,nan,nan
1706175103886,nan,nan
1706175103919,nan,nan
1706175103920,nan,nan
1706175103933,nan,nan
1706175103945,nan,nan
1706175103953,nan,nan
1706175103964,nan,nan
1706175103975,nan,nan
1706175103986,nan,nan
1706175103996,nan,nan
1706175104008,nan,nan
1706175104020,nan,nan
1706175104030,nan,nan
1706175104042,nan,nan
1706175104060,nan,nan
1706175104084,nan,nan
1706175104085,nan,nan
1706175104086,nan,nan
1706175104102,nan,nan
1706175104109,nan,nan
1706175104121,nan,nan
1706175104130,nan,nan
1706175104141,nan,nan
1706175104153,nan,nan
1706175104163,nan,nan
1706175104175,nan,nan
1706175104186,nan,nan
1706175104196,nan,nan
1706175104235,nan,nan
1706175104236,nan,nan
1706175104242,nan,nan
1706175104254,nan,nan
1706175104263,nan,nan
1706175104275,nan,nan
1706175104286,nan,nan
1706175104296,nan,nan
1706175104308,nan,nan
1706175104319,nan,nan
1706175104330,nan,nan
1706175104341,nan,nan
1706175104386,nan,nan
1706175104387,nan,nan
1706175104393,nan,nan
1706175104408,nan,nan
1706175104419,nan,nan
1706175104430,nan,nan
1706175104441,nan,nan
1706175104452,nan,nan
1706175104463,nan,nan
1706175104475,nan,nan
1706175104485,nan,nan
1706175104502,nan,nan
1706175104536,nan,nan
1706175104538,nan,nan
1706175104556,nan,nan
1706175104568,0.8114623427391052,0.6015452742576599
1706175104578,0.8142715096473694,0.5938090682029724
1706175104589,0.8157989382743835,0.5928400754928589
1706175104600,0.8191862106323242,0.5730534195899963
1706175104612,0.8176941573619843,0.5730917155742645
1706175104623,0.8021771013736725,0.5700985193252563
1706175104634,0.7215395569801331,0.5435559153556824
1706175104645,0.6854257881641388,0.5379161536693573
1706175104683,0.6652116179466248,0.5386576354503632
1706175104684,0.6501008570194244,0.5431765019893646
1706175104690,0.6532695591449738,0.536122590303421
1706175104703,0.6516381204128265,0.5330648720264435
1706175104712,0.6515406370162964,0.5323927402496338
1706175104723,0.6501836180686951,0.5323209464550018
1706175104734,0.6500111818313599,0.5301393568515778
1706175104745,0.6492211520671844,0.5344065427780151
1706175104756,0.649810403585434,0.5349270105361938
1706175104767,0.6509609520435333,0.5333435535430908
1706175104779,0.6509211957454681,0.5258309245109558
1706175104790,0.65061154961586,0.5255768001079559
1706175104801,0.65089151263237,0.5297134816646576
1706175104836,0.6515705585479736,0.5326071977615356
1706175104837,0.65186807513237,0.531140923500061
1706175104846,0.64393749833107,0.5286223292350769
1706175104857,0.6406247317790985,0.5242733657360077
1706175104868,0.6321712732315063,0.5126150101423264
1706175104879,0.6336266696453094,0.5154072940349579
1706175104890,0.6343526244163513,0.5158941447734833
1706175104901,0.6339091956615448,0.5136052519083023
1706175104913,0.6344446539878845,0.5121695101261139
1706175104923,0.6330004632472992,0.512932687997818
1706175104934,0.632714033126831,0.5161691308021545
1706175104946,0.6313066482543945,0.5132355391979218
