timestamp,x,y
1706175075161,1338.8554382324219,722.9486060142517
1706175075162,1337.9181671142578,728.6174011230469
1706175075164,1350.118179321289,710.5356001853943
1706175075178,1345.7640838623047,711.2879920005798
1706175075187,1325.0184631347656,705.6197547912598
1706175075198,1237.8192520141602,620.0305938720703
1706175075209,1145.4984664916992,498.7536120414734
1706175075220,1016.8601989746094,359.10775780677795
1706175075231,814.3982696533203,173.243767619133
1706175075242,731.3499450683594,119.30160462856293
1706175075253,683.8605880737305,101.17953836917877
1706175075264,649.9704933166504,82.9074427485466
1706175075275,655.6583023071289,87.06870496273041
1706175075295,653.7685394287109,80.46620070934296
1706175075327,656.1579513549805,73.25271606445312
1706175075328,653.5316467285156,73.5452538728714
1706175075331,645.4487419128418,66.8811285495758
1706175075346,646.2673759460449,63.46267729997635
1706175075354,626.8672370910645,80.58484822511673
1706175075366,490.5421447753906,87.77519345283508
1706175075376,449.9732208251953,90.6889146566391
1706175075387,360.8779716491699,79.03139859437943
1706175075398,300.6427764892578,68.34228605031967
1706175075409,290.07920265197754,66.76545828580856
1706175075421,292.3412609100342,68.48319321870804
1706175075431,291.7841339111328,78.04070860147476
1706175075442,294.5076274871826,78.8254451751709
1706175075479,298.07332038879395,82.29698807001114
1706175075480,295.87218284606934,84.32637155056
1706175075487,296.8710517883301,90.1528349518776
1706175075498,299.0285301208496,85.36478608846664
1706175075511,295.86633682250977,87.35844790935516
1706175075520,291.78736686706543,78.73154103755951
1706175075531,285.1655101776123,80.85337489843369
1706175075542,282.6362419128418,79.14473533630371
1706175075554,287.7958106994629,91.56669706106186
1706175075564,293.93699645996094,94.10761803388596
1706175075576,297.38855361938477,91.91606014966965
1706175075587,290.7437324523926,87.42805391550064
1706175075624,289.5025825500488,90.41283220052719
1706175075625,292.3155117034912,93.29601913690567
1706175075630,292.2999858856201,89.78021442890167
1706175075642,292.88147926330566,91.4680078625679
1706175075654,294.0211868286133,97.5488868355751
1706175075664,347.683048248291,90.49165695905685
1706175075675,423.0722236633301,89.75184470415115
1706175075687,538.4028434753418,84.01682585477829
1706175075697,736.8650436401367,90.4879179596901
1706175075709,772.4880218505859,93.8084015250206
1706175075720,787.3346328735352,89.04236018657684
1706175075731,771.8628692626953,92.98225700855255
1706175075742,775.3287124633789,87.68184721469879
1706175075776,777.3418807983398,87.5867360830307
1706175075777,784.2639923095703,91.0613876581192
1706175075792,783.8751220703125,98.13988208770752
1706175075797,777.739143371582,96.30575805902481
1706175075809,779.5098876953125,93.51953834295273
1706175075820,779.0784072875977,95.03130108118057
1706175075831,807.7286911010742,94.424247443676
1706175075842,867.5894927978516,99.07061129808426
1706175075853,962.8517532348633,101.25018239021301
1706175075864,1139.6089553833008,106.73314332962036
1706175075875,1161.9053268432617,105.3567785024643
1706175075887,1168.3671188354492,100.2969628572464
1706175075897,1162.7397537231445,104.81416761875153
1706175075934,1165.0813293457031,105.19029915332794
1706175075935,1163.4140396118164,108.66993427276611
1706175075942,1166.4059829711914,110.04810154438019
1706175075954,1162.9107666015625,111.0707151889801
1706175075964,1166.3093566894531,117.94249713420868
1706175075977,1169.2715072631836,118.96133422851562
1706175075987,1170.9686660766602,120.58639347553253
1706175075997,1168.719367980957,140.62627136707306
1706175076008,1136.103858947754,237.17131733894348
1706175076018,1125.8987426757812,286.3681483268738
1706175076029,971.0354995727539,757.631413936615
1706175076040,nan,nan
1706175076077,nan,nan
1706175076085,1517.6332092285156,384.2798709869385
1706175076096,1338.0952453613281,667.8538656234741
1706175076108,1338.0952453613281,667.8538656234741
1706175076119,1435.8668518066406,306.7821943759918
1706175076130,1429.6887969970703,180.1366424560547
1706175076142,1415.9397888183594,150.98599255084991
1706175076153,1381.883316040039,142.54824042320251
1706175076164,1373.5299682617188,109.4876754283905
1706175076175,1377.466812133789,122.82651543617249
1706175076186,1383.2965087890625,119.60684537887573
1706175076227,1383.8080596923828,115.64546942710876
1706175076228,1387.0630645751953,119.86843585968018
1706175076230,1385.6883239746094,136.76554799079895
1706175076244,1384.3618774414062,138.26723098754883
1706175076253,1394.6996307373047,137.79438972473145
1706175076264,1479.3010711669922,139.1973727941513
1706175076274,1529.3515014648438,135.40803372859955
1706175076286,1574.0045928955078,139.20676589012146
1706175076297,1604.6204376220703,136.80489599704742
1706175076308,1601.6375732421875,140.68445920944214
1706175076319,1599.8513793945312,135.74308454990387
1706175076331,1599.2149353027344,135.75469315052032
1706175076342,1603.233413696289,133.97069692611694
1706175076353,1606.8563842773438,133.50113332271576
1706175076380,1611.0307312011719,131.5062940120697
1706175076410,1608.2444763183594,127.74138450622559
1706175076411,1605.3511810302734,131.32322251796722
1706175076419,1602.0194244384766,133.39477837085724
1706175076438,1608.8146209716797,139.4794875383377
1706175076441,1604.9971771240234,135.13419091701508
1706175076452,1582.0806121826172,134.0570479631424
1706175076463,1489.5893096923828,136.06146812438965
1706175076475,1457.037582397461,142.23618686199188
1706175076486,1441.7461395263672,145.39201498031616
1706175076497,1458.06396484375,149.750314950943
1706175076508,1458.854751586914,149.52098071575165
1706175076519,1457.1011352539062,147.4756944179535
1706175076530,1452.8345489501953,144.93188738822937
1706175076572,1454.947280883789,147.81764388084412
1706175076573,1458.1985473632812,146.94131791591644
1706175076575,1456.547622680664,141.09063684940338
1706175076589,1458.1167602539062,142.35776603221893
1706175076596,1459.4175720214844,145.95170080661774
1706175076610,1461.858901977539,146.2809258699417
1706175076619,1460.9398651123047,147.4994534254074
1706175076630,1459.9121856689453,140.4675704240799
1706175076641,1461.9058990478516,138.30458343029022
1706175076653,1461.3982391357422,136.59403681755066
1706175076664,1460.6072998046875,129.39759492874146
1706175076675,1459.5789337158203,127.85254061222076
1706175076686,1458.2061767578125,127.73362219333649
1706175076697,1464.3706512451172,133.2935357093811
1706175076738,1464.0369415283203,139.00933384895325
1706175076739,1467.7122497558594,139.67293918132782
1706175076742,1468.8702392578125,132.4846512079239
1706175076756,1467.8477478027344,135.44174909591675
1706175076764,1464.9453735351562,133.63384366035461
1706175076774,1466.5288543701172,137.12189555168152
1706175076785,1470.4584503173828,133.83920431137085
1706175076796,1468.9747619628906,136.6034996509552
1706175076807,1461.830062866211,131.5015035867691
1706175076818,1460.8879089355469,132.9914116859436
1706175076829,1456.6754913330078,105.91993778944016
1706175076840,1455.0581359863281,129.9754822254181
1706175076852,1437.3225402832031,132.70539164543152
1706175076863,1415.5081176757812,143.43947410583496
1706175076907,1409.7030639648438,145.63010931015015
1706175076908,1412.2038269042969,151.8036425113678
1706175076928,1420.5619812011719,153.99432063102722
1706175076930,1413.0633544921875,153.4974467754364
1706175076942,1412.4176025390625,151.08505725860596
1706175076952,1411.7098999023438,141.76949858665466
1706175076962,1414.2974853515625,135.09230017662048
1706175076973,1412.015380859375,134.80034708976746
1706175076985,1411.4079284667969,131.90534234046936
1706175076996,1399.949951171875,136.26614212989807
1706175077007,1398.8169860839844,136.4154016971588
1706175077018,1417.8453826904297,187.46798872947693
1706175077029,1508.0448150634766,158.26525032520294
1706175077066,1548.82568359375,141.3465142250061
1706175077074,1636.8962860107422,114.94634091854095
1706175077085,1636.4506530761719,118.7360018491745
1706175077098,1647.1373748779297,115.29525339603424
1706175077108,1649.0503692626953,115.03208577632904
1706175077119,1653.9044952392578,109.33381855487823
1706175077129,1648.7939453125,111.36066734790802
1706175077141,1648.6668395996094,109.5812737941742
1706175077152,1649.1533660888672,116.29494488239288
1706175077163,1713.2962036132812,120.14758944511414
1706175077174,1776.6608428955078,122.82690167427063
1706175077212,1858.4430694580078,118.35613667964935
1706175077213,1957.1749877929688,110.28451681137085
1706175077219,1967.3049926757812,107.76641607284546
1706175077230,1972.4748229980469,112.66080915927887
1706175077241,1970.7201385498047,112.84044206142426
1706175077252,1967.2879028320312,118.6126846075058
1706175077263,1968.672103881836,113.23252737522125
1706175077274,1971.1788177490234,119.41325962543488
1706175077285,1973.3370208740234,116.15639805793762
1706175077296,1975.2635192871094,126.2599629163742
1706175077307,1971.1003112792969,124.32916402816772
1706175077319,1974.1133880615234,130.47581613063812
1706175077360,1971.6057586669922,122.68248081207275
1706175077361,1973.125991821289,122.16118276119232
1706175077363,1966.9916534423828,124.972363114357
1706175077377,1968.553237915039,127.20246970653534
1706175077386,1970.8380889892578,127.93464303016663
1706175077396,1976.240005493164,124.44809317588806
1706175077408,1972.0177459716797,118.04308533668518
1706175077419,1971.0802459716797,114.50656056404114
1706175077430,1968.9181518554688,113.00680339336395
1706175077441,1941.9577026367188,116.13130331039429
1706175077452,1838.0277252197266,114.44783627986908
1706175077463,1500.4862976074219,116.06050908565521
1706175077473,1401.3141632080078,117.56705492734909
1706175077497,1144.6160888671875,140.9829729795456
1706175077519,632.4368095397949,260.16823410987854
1706175077520,599.2251205444336,262.0826983451843
1706175077536,320.336332321167,305.1193857192993
1706175077540,309.87610816955566,298.1600618362427
1706175077552,314.25872802734375,298.9454770088196
1706175077562,308.9110565185547,303.1947612762451
1706175077573,301.1921501159668,306.44344210624695
1706175077585,296.5725326538086,298.2467293739319
1706175077596,292.8398036956787,296.5585792064667
1706175077607,298.2409858703613,288.81409764289856
1706175077618,298.58240127563477,293.6047697067261
1706175077629,301.4634323120117,293.5572302341461
1706175077640,296.76493644714355,298.34405064582825
1706175077677,293.4437370300293,287.9511880874634
1706175077693,292.87129402160645,289.89033937454224
1706175077696,263.6477470397949,288.267023563385
1706175077708,248.89276504516602,284.1999578475952
1706175077718,235.01561164855957,286.2600016593933
1706175077729,240.27154922485352,278.66798758506775
1706175077740,243.51311683654785,276.5889644622803
1706175077752,245.3266143798828,276.78202986717224
1706175077763,240.16916275024414,273.686728477478
1706175077774,235.1520538330078,268.68058919906616
1706175077785,240.89422225952148,265.5682611465454
1706175077796,246.47483825683594,264.5617461204529
1706175077831,246.86394691467285,275.0525629520416
1706175077840,289.1518497467041,260.6453347206116
1706175077852,380.8010482788086,256.9396162033081
1706175077863,604.1079139709473,242.60165333747864
1706175077874,650.6343078613281,230.39674401283264
1706175077885,660.7464599609375,223.1426239013672
1706175077896,648.5890579223633,222.14406967163086
1706175077907,650.0283813476562,229.51382517814636
1706175077919,655.1823425292969,231.17140889167786
1706175077929,657.297248840332,228.14701437950134
1706175077940,660.3316497802734,225.49309730529785
1706175077951,658.133544921875,226.1798393726349
1706175077963,661.3072204589844,227.10976123809814
1706175078007,659.456787109375,216.53007745742798
1706175078008,660.0555801391602,208.40274810791016
1706175078009,660.1286315917969,205.11587262153625
1706175078018,644.0043640136719,186.9807118177414
1706175078029,670.3880310058594,251.30595803260803
1706175078039,687.8331756591797,299.78100657463074
1706175078050,736.320686340332,395.10473012924194
1706175078061,nan,nan
1706175078072,nan,nan
1706175078083,nan,nan
1706175078094,nan,nan
1706175078105,nan,nan
1706175078117,nan,nan
1706175078128,nan,nan
1706175078140,nan,nan
1706175078176,1419.615364074707,681.8644058704376
1706175078192,752.5246429443359,482.40354180336
1706175078195,664.2787933349609,202.81896829605103
1706175078206,657.726936340332,174.4425916671753
1706175078218,659.6546936035156,191.5873682498932
1706175078229,659.9437713623047,186.2234115600586
1706175078240,670.4222106933594,206.66598558425903
1706175078251,668.2881164550781,211.9417941570282
1706175078262,666.7835998535156,214.70293521881104
1706175078274,660.0822067260742,211.18618369102478
1706175078313,659.6270751953125,211.595059633255
1706175078314,664.6204376220703,212.22550749778748
1706175078318,650.1520538330078,222.94028878211975
1706175078331,579.9304389953613,228.35283637046814
1706175078340,553.4596633911133,231.39248728752136
1706175078351,537.7033233642578,231.58044576644897
1706175078362,544.3927955627441,236.62806272506714
1706175078373,547.4485778808594,240.23930311203003
1706175078385,550.3339195251465,242.79905319213867
1706175078395,545.6528472900391,242.98073530197144
1706175078407,543.898868560791,240.52058100700378
1706175078447,546.4496040344238,236.86347484588623
1706175078448,544.6450614929199,224.20784711837769
1706175078452,541.2971878051758,221.7079210281372
1706175078474,546.3926315307617,229.46109294891357
1706175078475,550.6989860534668,239.77849960327148
1706175078485,552.724781036377,249.31666016578674
1706175078497,546.7782783508301,253.07838320732117
1706175078506,541.0158348083496,247.56554245948792
1706175078518,538.4909057617188,239.26449179649353
1706175078528,536.9878768920898,232.10580468177795
1706175078539,537.2571182250977,231.12043619155884
1706175078551,537.4468803405762,229.00158762931824
1706175078562,538.6674308776855,230.87855458259583
1706175078573,542.1762847900391,232.32263445854187
1706175078584,541.8195343017578,234.06021237373352
1706175078617,540.8245277404785,242.51329064369202
1706175078618,537.9339027404785,236.47087454795837
1706175078636,535.5952072143555,243.64669561386108
1706175078640,537.8692817687988,251.68616652488708
1706175078651,539.3218994140625,250.25723576545715
1706175078661,538.513298034668,234.54195857048035
1706175078673,537.628345489502,231.79200768470764
1706175078684,536.5646553039551,234.04406547546387
1706175078695,540.2633476257324,250.07972717285156
1706175078706,535.9391593933105,251.42857789993286
1706175078718,541.4374542236328,251.84598326683044
1706175078729,621.2546157836914,247.2632896900177
1706175078740,697.4137115478516,240.21815657615662
1706175078774,786.6132736206055,229.91254091262817
1706175078775,910.427360534668,217.33490109443665
1706175078789,928.2820510864258,219.48654770851135
1706175078795,927.7948760986328,212.4986207485199
1706175078807,926.7868041992188,209.64155316352844
1706175078818,927.4942398071289,202.44516491889954
1706175078829,930.8859252929688,203.19576501846313
1706175078840,933.6297988891602,207.43536114692688
1706175078851,932.6082229614258,211.16218328475952
1706175078861,930.2210235595703,212.71015048027039
1706175078873,895.7460403442383,211.04376912117004
1706175078911,819.6650695800781,219.69642519950867
1706175078912,629.0378379821777,232.99858331680298
1706175078917,560.6000900268555,232.51593589782715
1706175078929,558.084602355957,222.85679697990417
1706175078940,554.3630790710449,219.73599314689636
1706175078951,555.6093978881836,220.13967633247375
1706175078962,555.3700256347656,228.85735988616943
1706175078973,555.5051803588867,236.30940556526184
1706175078984,551.3185882568359,235.03048539161682
1706175078995,551.820182800293,227.49415397644043
1706175079006,552.6862716674805,220.09720087051392
1706175079017,550.9161949157715,216.44495487213135
1706175079028,544.3198394775391,214.12325620651245
1706175079039,542.2222518920898,209.77216601371765
1706175079082,527.2318649291992,214.04624462127686
1706175079083,493.4145927429199,223.3898377418518
1706175079084,477.02749252319336,230.6637418270111
1706175079099,477.2401809692383,229.00811076164246
1706175079106,476.34727478027344,224.6222698688507
1706175079118,474.5144844055176,227.83608198165894
1706175079128,482.22787857055664,227.37977385520935
1706175079139,482.8215217590332,228.75523209571838
1706175079151,487.91046142578125,229.34698104858398
1706175079162,488.22017669677734,224.8090159893036
1706175079173,490.0211524963379,225.86000204086304
1706175079213,490.67649841308594,230.8617639541626
1706175079214,538.9061164855957,229.86072063446045
1706175079218,649.187126159668,214.76800560951233
1706175079229,948.3604049682617,194.31193470954895
1706175079240,1040.4492568969727,185.06063103675842
1706175079251,1083.2054138183594,174.88534927368164
1706175079262,1087.3600387573242,171.14639282226562
1706175079273,1082.5130462646484,165.37457406520844
1706175079284,1086.1272048950195,168.49285125732422
1706175079294,1090.5276107788086,169.9853128194809
1706175079305,1095.6423950195312,173.32752764225006
1706175079317,1099.3621444702148,177.9200381040573
1706175079328,1109.7165298461914,186.06877148151398
1706175079363,1109.7138214111328,189.2449414730072
1706175079364,1109.4670867919922,185.51182687282562
1706175079379,1090.8928680419922,179.41175401210785
1706175079384,1087.6155471801758,180.9718555212021
1706175079396,1094.6039581298828,179.95135009288788
1706175079406,1105.2436828613281,177.88067400455475
1706175079417,1151.725959777832,180.21045684814453
1706175079428,1274.2538833618164,182.1599292755127
1706175079439,1316.3926696777344,183.2543832063675
1706175079451,1330.2950286865234,178.59635710716248
1706175079462,1325.4703521728516,179.8380696773529
1706175079473,1327.5701141357422,180.3516161441803
1706175079515,1328.1389617919922,180.25861859321594
1706175079517,1337.0965576171875,179.40415263175964
1706175079535,1330.1199340820312,182.21560657024384
1706175079540,1333.1696319580078,181.76552653312683
1706175079551,1335.0650024414062,181.84393286705017
1706175079562,1338.7781524658203,187.3429173231125
1706175079573,1338.3879852294922,186.6185975074768
1706175079584,1335.654067993164,184.49885308742523
1706175079594,1334.1444396972656,184.68332469463348
1706175079606,1338.4100341796875,185.10584771633148
1706175079617,1341.609115600586,187.18570232391357
1706175079628,1373.2911682128906,194.83755111694336
1706175079648,1417.302474975586,201.125990152359
1706175079673,1484.3594360351562,205.53269863128662
1706175079674,1651.4447784423828,204.32510375976562
1706175079691,1704.1681671142578,196.74416184425354
1706175079695,1694.0624237060547,201.2161123752594
1706175079707,1689.7872924804688,199.851393699646
1706175079717,1689.0968322753906,197.48548686504364
1706175079728,1691.6865539550781,199.71596360206604
1706175079740,1695.9859466552734,205.56941270828247
1706175079751,1699.9223327636719,207.01074600219727
1706175079761,1692.5263214111328,199.80749130249023
1706175079773,1695.5857849121094,196.6003042459488
1706175079808,1693.2543182373047,197.7435153722763
1706175079809,1697.4358367919922,202.5545883178711
1706175079816,1694.9514770507812,206.00045442581177
1706175079827,1693.8020324707031,206.24721765518188
1706175079839,1699.1020965576172,207.1883726119995
1706175079850,1732.3956298828125,209.99677419662476
1706175079861,1862.6385498046875,196.9915795326233
1706175079872,1925.9101867675781,191.55792832374573
1706175079883,1960.3651428222656,187.4747908115387
1706175079894,1990.0952911376953,187.987961769104
1706175079905,1982.3336029052734,193.56658101081848
1706175079917,1983.8838958740234,194.89351272583008
1706175079927,1986.0701751708984,190.07686614990234
1706175079963,1992.4755096435547,194.50059056282043
1706175079964,1986.6846466064453,201.81610107421875
1706175079972,1973.963623046875,231.23725175857544
1706175079984,1909.2201232910156,304.1601848602295
1706175079996,1681.7034912109375,483.8569664955139
1706175080006,1569.1228485107422,542.3825097084045
1706175080017,1500.3544616699219,580.0448441505432
1706175080027,1463.3425903320312,610.0683760643005
1706175080038,1470.5339050292969,610.7179856300354
1706175080050,1468.9134216308594,615.8484506607056
1706175080060,1466.259536743164,619.3667578697205
1706175080072,1466.1473083496094,623.6464691162109
1706175080084,1466.1209869384766,624.1933608055115
1706175080130,1464.0119934082031,630.0648665428162
1706175080131,1456.0481262207031,617.3406386375427
1706175080139,1447.6200866699219,606.3181114196777
1706175080151,1448.016357421875,609.3925023078918
1706175080162,1453.3065795898438,615.175838470459
1706175080172,1462.6414489746094,625.1383352279663
1706175080183,1464.8526763916016,630.6765174865723
1706175080194,1455.4975891113281,615.575122833252
1706175080205,1400.5508422851562,560.5077624320984
1706175080216,1291.2261199951172,452.81209230422974
1706175080227,990.6438064575195,243.07156562805176
1706175080239,896.8783187866211,190.18612325191498
1706175080282,766.8521881103516,166.31665170192719
1706175080283,560.9532737731934,103.16766947507858
1706175080300,546.3330078125,107.02499985694885
1706175080305,540.8962249755859,109.5395278930664
1706175080317,543.425350189209,106.9558498263359
1706175080327,543.1131172180176,109.40670222043991
1706175080338,550.0789451599121,111.51834905147552
1706175080349,548.9386177062988,109.393031001091
1706175080360,548.8667106628418,107.85556733608246
1706175080371,521.5423393249512,106.08597457408905
1706175080383,463.3343505859375,104.95661437511444
1706175080394,312.1909427642822,119.54173743724823
1706175080436,269.320125579834,122.98458874225616
1706175080438,262.21092224121094,120.25570929050446
1706175080453,263.9362049102783,125.01612603664398
1706175080461,262.6195430755615,126.14167213439941
1706175080472,260.2728271484375,126.90587103366852
1706175080483,264.12431716918945,140.9187126159668
1706175080493,257.8401756286621,145.38662910461426
1706175080504,256.35448455810547,131.9424319267273
1706175080515,294.34974670410156,124.52927827835083
1706175080526,328.91199111938477,75.47158420085907
1706175080537,741.8695831298828,114.29135084152222
1706175080548,nan,nan
1706175080559,nan,nan
1706175080570,nan,nan
1706175080625,nan,nan
1706175080626,nan,nan
1706175080627,785.5774307250977,745.5323553085327
1706175080641,809.8566055297852,685.2395582199097
1706175080650,828.6518859863281,476.6689360141754
1706175080660,753.3816528320312,239.34328436851501
1706175080671,754.0327072143555,103.1572276353836
1706175080683,711.052360534668,106.6354975104332
1706175080693,708.6264419555664,90.33796906471252
1706175080705,714.8635482788086,100.79201281070709
1706175080716,718.7836837768555,121.03843152523041
1706175080727,717.7740097045898,117.72318363189697
1706175080738,713.8938903808594,117.93136596679688
1706175080749,710.0492858886719,118.02160084247589
1706175080781,702.4423599243164,114.89074409008026
1706175080782,700.1497268676758,115.99090039730072
1706175080783,700.3826904296875,110.10075330734253
1706175080798,702.6607513427734,108.14310282468796
1706175080805,729.6059799194336,116.26404583454132
1706175080816,810.8486557006836,120.38701951503754
1706175080827,1059.568099975586,108.33268940448761
1706175080838,1153.766212463379,97.35525280237198
1706175080850,1199.2557525634766,88.55265587568283
1706175080860,1224.8614501953125,84.87714171409607
1706175080872,1221.0487747192383,89.24996584653854
1706175080912,1220.6333541870117,93.05168062448502
1706175080913,1221.056137084961,88.69261890649796
1706175080916,1218.6854934692383,82.03599035739899
1706175080929,1218.0250930786133,81.9911277294159
1706175080938,1222.2904205322266,77.21254706382751
1706175080950,1224.5212936401367,67.77502030134201
1706175080961,1225.8038711547852,65.33681184053421
1706175080972,1226.4223861694336,75.17442226409912
1706175080983,1251.3216018676758,84.73559617996216
1706175080994,1311.714096069336,100.92785328626633
1706175081005,1330.9867858886719,100.49869179725647
1706175081015,1333.6067962646484,103.62812161445618
1706175081026,1330.1590728759766,102.44725227355957
1706175081065,1331.8943786621094,101.07518970966339
1706175081066,1334.397964477539,95.43740630149841
1706175081071,1331.852798461914,102.16055631637573
1706175081083,1328.3163452148438,148.12567949295044
1706175081093,1324.0946197509766,331.47114515304565
1706175081105,1329.3331909179688,444.0294885635376
1706175081116,1336.0884094238281,563.8828611373901
1706175081127,1363.5787200927734,695.1868629455566
1706175081138,1374.0550994873047,717.9540967941284
1706175081149,1375.4076385498047,711.5333819389343
1706175081160,1375.0824737548828,713.3852005004883
1706175081171,1366.3330841064453,714.4367122650146
1706175081182,1369.7760009765625,716.6682028770447
1706175081200,1367.1028137207031,719.6503472328186
1706175081222,1368.3024597167969,718.9926266670227
1706175081224,1366.8572998046875,718.3045220375061
1706175081227,1375.4578399658203,719.7005581855774
1706175081244,1375.2632904052734,714.1301894187927
1706175081249,1370.7969665527344,719.3323016166687
1706175081261,1373.8139343261719,736.4057421684265
1706175081271,1361.3976287841797,776.9058322906494
1706175081283,1346.4973449707031,816.8634510040283
1706175081294,1311.9709777832031,872.0241737365723
1706175081305,1316.7743682861328,866.6150379180908
1706175081316,1321.0372924804688,863.4179306030273
1706175081327,1316.002426147461,863.9038181304932
1706175081338,1314.7821807861328,867.8920698165894
1706175081358,1323.4072875976562,864.5192670822144
1706175081384,1326.9453430175781,866.0836601257324
1706175081385,1318.145980834961,862.064380645752
1706175081393,1314.751205444336,864.8544788360596
1706175081404,1312.5652313232422,870.1613903045654
1706175081417,1310.7080078125,869.4430732727051
1706175081426,1316.718521118164,867.5692176818848
1706175081437,1322.2604370117188,870.0990772247314
1706175081448,1321.6990661621094,875.2965545654297
1706175081459,1317.7633666992188,887.0559167861938
1706175081471,1317.7412414550781,881.5782451629639
1706175081482,1319.4290924072266,881.4426755905151
1706175081493,1304.8690795898438,889.9015474319458
1706175081531,1300.6169128417969,899.985237121582
1706175081532,1308.6905670166016,894.5392799377441
1706175081538,1311.5771484375,898.0818128585815
1706175081549,1312.43408203125,898.7845087051392
1706175081560,1311.9409942626953,901.3812303543091
1706175081571,1306.0533905029297,895.8566093444824
1706175081582,1304.051742553711,898.2536888122559
1706175081593,1301.6119384765625,894.7543287277222
1706175081604,1307.7452087402344,899.1769695281982
1706175081616,1305.2884674072266,901.1728763580322
1706175081627,1307.0803833007812,900.6757879257202
1706175081638,1303.7075805664062,897.1694755554199
1706175081683,1301.8547058105469,894.3102407455444
1706175081684,1303.0481719970703,894.5694923400879
1706175081693,1306.8184661865234,889.7401428222656
1706175081704,1310.166244506836,893.2510042190552
1706175081715,1304.9370574951172,892.6233243942261
1706175081726,1309.455337524414,894.5252895355225
1706175081737,1308.3759307861328,895.3608083724976
1706175081749,1312.8424835205078,895.9718799591064
1706175081759,1308.6814880371094,887.7239799499512
1706175081771,1309.8806762695312,881.3207101821899
1706175081782,1307.1418762207031,880.6038522720337
1706175081793,1310.3251647949219,890.0415372848511
1706175081804,1311.080322265625,897.4359798431396
1706175081816,1313.024673461914,893.7992477416992
1706175081858,1312.6679992675781,892.5868034362793
1706175081860,1307.7870178222656,889.8398351669312
1706175081876,1299.1671752929688,905.8190202713013
1706175081882,1302.2261047363281,897.3328542709351
1706175081893,1304.2852020263672,890.933575630188
1706175081904,1305.775146484375,889.6637964248657
1706175081915,1306.6230773925781,890.3859758377075
1706175081926,1329.1645812988281,794.2474937438965
1706175081937,1352.2015380859375,655.3734827041626
1706175081949,1380.0518798828125,475.4070854187012
1706175081959,1417.4545288085938,194.5947253704071
1706175081971,1423.0647277832031,142.2671663761139
1706175081982,1422.5206756591797,141.45051956176758
1706175082015,1421.4104461669922,149.03712630271912
1706175082016,1418.837890625,156.5310573577881
1706175082034,1423.1880950927734,150.0173717737198
1706175082037,1428.493881225586,154.13749158382416
1706175082049,1430.2581024169922,150.77711284160614
1706175082060,1426.7298126220703,145.79787611961365
1706175082071,1420.054702758789,136.12546026706696
1706175082082,1415.9227752685547,137.59496748447418
1706175082092,1414.8529815673828,132.02489376068115
1706175082104,1415.9864807128906,133.12355875968933
1706175082115,1440.8390045166016,126.14242315292358
1706175082126,1550.4657745361328,104.2711490392685
1706175082168,1604.8809814453125,98.83240699768066
1706175082171,1660.8110809326172,81.83986991643906
1706175082183,1655.7785034179688,84.33771461248398
1706175082193,1660.7357788085938,91.21027708053589
1706175082204,1660.1051330566406,84.91044670343399
1706175082215,1662.91259765625,84.80786830186844
1706175082225,1660.0399780273438,81.24161124229431
1706175082237,1662.0684814453125,90.13451546430588
1706175082248,1663.2495880126953,85.40386319160461
1706175082259,1662.096939086914,87.77969688177109
1706175082270,1662.7132415771484,80.55865377187729
1706175082281,1663.471908569336,84.14034694433212
1706175082293,1669.5802307128906,81.22888952493668
1706175082314,1683.3236694335938,87.42956131696701
1706175082335,1730.5401611328125,94.25397276878357
1706175082336,1896.177978515625,83.20526987314224
1706175082337,1947.135009765625,81.09189033508301
1706175082350,1970.0341033935547,77.49458134174347
1706175082359,1972.2322845458984,84.73066091537476
1706175082371,1975.4115295410156,90.24477571249008
1706175082382,1973.1391143798828,88.81908237934113
1706175082393,1967.2705078125,85.09149044752121
1706175082404,1965.2114868164062,76.99340790510178
1706175082415,1968.8134002685547,79.33065801858902
1706175082426,1972.4737548828125,80.05812406539917
1706175082437,1976.3815307617188,80.06752520799637
1706175082449,1972.524642944336,81.25179290771484
1706175082479,1969.648208618164,81.95455312728882
1706175082481,1967.2340393066406,80.01571297645569
1706175082497,1964.5417785644531,73.68127137422562
1706175082503,1969.557876586914,70.36589741706848
1706175082515,1964.9014282226562,76.70880675315857
1706175082525,1963.8611602783203,80.43364942073822
1706175082537,1963.9534759521484,83.74120205640793
1706175082549,1969.198226928711,79.63731497526169
1706175082559,1996.7781066894531,85.80825179815292
1706175082571,2003.9189147949219,81.85238778591156
1706175082582,2006.9119262695312,84.16733264923096
1706175082593,1975.9564208984375,78.80122750997543
1706175082612,1969.1134643554688,82.24876999855042
1706175082632,1778.90869140625,80.99675238132477
1706175082633,1302.0869445800781,86.51989951729774
1706175082635,1302.0869445800781,86.51989951729774
1706175082651,737.3346138000488,160.87216973304749
1706175082659,456.1259078979492,247.21460223197937
1706175082669,437.82928466796875,246.37394428253174
1706175082681,379.5684623718262,273.94816875457764
1706175082692,344.2616653442383,265.48758029937744
1706175082703,338.0339813232422,261.6080439090729
1706175082714,333.2733726501465,266.88589096069336
1706175082725,336.44283294677734,275.39141178131104
1706175082737,337.53589630126953,276.9863712787628
1706175082748,335.6393814086914,273.9334809780121
1706175082781,314.4152545928955,264.38281059265137
1706175082782,240.38888931274414,259.2109966278076
1706175082798,181.3817310333252,256.44068241119385
1706175082804,186.30084037780762,256.84447288513184
1706175082815,194.15581703186035,255.59500336647034
1706175082826,185.19559860229492,252.29509234428406
1706175082837,181.59092903137207,250.91617941856384
1706175082848,180.13050079345703,252.0948600769043
1706175082859,181.8639373779297,252.10769176483154
1706175082870,180.79954147338867,251.27058506011963
1706175082882,179.94108200073242,250.75578331947327
1706175082892,185.91863632202148,254.65295791625977
1706175082912,188.4445285797119,258.79433155059814
1706175082932,187.2475242614746,262.04423546791077
1706175082933,182.51836776733398,260.5602979660034
1706175082937,181.12507820129395,255.36195158958435
1706175082949,185.2084732055664,250.17592191696167
1706175082960,192.93543815612793,254.6738040447235
1706175082970,194.24240112304688,260.0451421737671
1706175082982,195.91705322265625,272.1136450767517
1706175082992,290.9427738189697,334.1015553474426
1706175083004,415.82963943481445,384.95518684387207
1706175083015,633.3071899414062,467.3951554298401
1706175083026,1118.7310028076172,608.1502962112427
1706175083065,1277.0090866088867,661.7380857467651
1706175083066,1362.382583618164,689.8609185218811
1706175083070,1424.6601867675781,722.8707790374756
1706175083081,1423.415756225586,724.4753193855286
1706175083094,1419.5159149169922,723.4711647033691
1706175083103,1415.8065795898438,722.3057126998901
1706175083115,1418.9012145996094,722.9790544509888
1706175083126,1428.4107971191406,722.6243162155151
1706175083137,1428.2878875732422,720.201530456543
1706175083148,1434.272232055664,717.678644657135
1706175083159,1435.5840301513672,719.3095135688782
1706175083170,1439.869384765625,716.3582253456116
1706175083182,1438.2361602783203,719.0447044372559
1706175083214,1433.9456176757812,719.6732425689697
1706175083215,1435.4454803466797,724.33438539505
1706175083229,1430.0767517089844,722.2886753082275
1706175083237,1428.4791564941406,716.3035082817078
1706175083248,1427.6280975341797,717.3119330406189
1706175083258,1389.8822021484375,723.1905198097229
1706175083269,1364.7343444824219,718.912353515625
1706175083281,1341.6850280761719,716.7549562454224
1706175083291,1337.9328155517578,714.1564321517944
1706175083303,1343.717041015625,723.1951975822449
1706175083314,1342.4634552001953,723.3798408508301
1706175083325,1341.5853881835938,719.0451550483704
1706175083365,1337.2100830078125,715.3917717933655
1706175083366,1339.1898345947266,713.7367844581604
1706175083370,1340.9342193603516,712.4345183372498
1706175083381,1346.2210083007812,709.9272966384888
1706175083394,1344.8628997802734,710.9532523155212
1706175083403,1346.3030242919922,712.5680065155029
1706175083414,1343.9165496826172,713.9622402191162
1706175083425,1341.395492553711,713.7702798843384
1706175083436,1340.8953857421875,716.3371968269348
1706175083448,1333.6119079589844,715.801956653595
1706175083459,1342.6945495605469,710.4162311553955
1706175083470,1339.4477081298828,710.6978631019592
1706175083510,1344.3023681640625,711.8319869041443
1706175083512,1337.6174926757812,712.1334028244019
1706175083514,1334.283676147461,708.274884223938
1706175083529,1335.0153350830078,711.3792514801025
1706175083536,1333.2328033447266,714.217221736908
1706175083548,1334.6542358398438,711.3993144035339
1706175083558,1335.0627899169922,719.1122961044312
1706175083570,1342.008285522461,725.2588677406311
1706175083581,1341.2340545654297,725.1744747161865
1706175083592,1304.6549224853516,728.3846712112427
1706175083603,1296.1138153076172,722.3877024650574
1706175083614,1285.3704452514648,721.8340730667114
1706175083625,1293.2024383544922,715.1463603973389
1706175083667,1286.8262481689453,716.3425612449646
1706175083668,1282.9533004760742,717.0322751998901
1706175083670,1285.4168319702148,716.751458644867
1706175083685,1295.3533935546875,716.0389995574951
1706175083692,1291.76025390625,706.4334511756897
1706175083703,1323.4711456298828,712.5120878219604
1706175083714,1384.9701690673828,716.1332416534424
1706175083725,1525.062484741211,712.7932476997375
1706175083736,1544.9684143066406,698.142421245575
1706175083748,1539.9825286865234,691.2529420852661
1706175083758,1536.2506103515625,687.68146276474
1706175083770,1537.1312713623047,691.6517114639282
1706175083781,1536.6512298583984,690.8384656906128
1706175083816,1540.0277709960938,690.9530067443848
1706175083817,1537.9676055908203,690.5200552940369
1706175083824,1538.220443725586,689.4689512252808
1706175083835,1519.0074157714844,691.7202043533325
1706175083849,1605.2827453613281,736.3808298110962
1706175083857,1752.6798248291016,835.5024862289429
1706175083867,1872.9339599609375,881.3897180557251
1706175083878,nan,nan
1706175083889,nan,nan
1706175083901,nan,nan
1706175083912,nan,nan
1706175083948,nan,nan
1706175083949,nan,nan
1706175083964,607.3959541320801,663.6585259437561
1706175083970,515.9344482421875,514.2099595069885
1706175083980,518.785228729248,394.7029995918274
1706175083991,463.0732727050781,215.75681805610657
1706175084002,540.9747314453125,96.78663723170757
1706175084014,429.166202545166,267.082496881485
1706175084025,437.77587890625,269.2047679424286
1706175084036,426.5357208251953,271.22750759124756
1706175084047,422.15782165527344,272.5195062160492
1706175084058,417.77374267578125,270.4549026489258
1706175084102,421.698055267334,269.96240615844727
1706175084103,426.3248634338379,266.1468243598938
1706175084120,429.73989486694336,266.19582295417786
1706175084125,434.09936904907227,270.60317516326904
1706175084136,431.27342224121094,268.49860668182373
1706175084147,427.81063079833984,265.3895616531372
1706175084158,434.08788681030273,273.3602178096771
1706175084169,435.4953956604004,275.7192635536194
1706175084181,451.17238998413086,271.9522297382355
1706175084191,532.9515075683594,246.30934596061707
1706175084202,587.809944152832,232.2389280796051
1706175084213,644.1471099853516,219.96511816978455
1706175084248,691.2262344360352,209.40122723579407
1706175084264,704.049186706543,213.2648742198944
1706175084269,707.390251159668,214.39595103263855
1706175084281,706.0649108886719,219.47351217269897
1706175084291,704.4654083251953,214.3757164478302
1706175084302,705.6624984741211,213.88208270072937
1706175084313,702.5799179077148,210.26493072509766
1706175084324,711.7195892333984,217.71816730499268
1706175084335,754.3679809570312,225.18978238105774
1706175084347,837.680778503418,219.1847026348114
1706175084382,1005.4789733886719,215.52067637443542
1706175084383,1031.5939712524414,201.32349729537964
1706175084391,1026.2443542480469,191.52196526527405
1706175084402,1026.619987487793,199.50387597084045
1706175084415,1024.6046829223633,206.30308270454407
1706175084425,1025.196533203125,199.79477763175964
1706175084436,1025.8202362060547,197.61417388916016
1706175084447,1025.6583786010742,194.95458126068115
1706175084458,1037.6707077026367,198.69691729545593
1706175084469,1046.020736694336,198.63266229629517
1706175084480,1051.338768005371,195.929274559021
1706175084491,1042.4760818481445,198.81301403045654
1706175084512,1068.7112426757812,232.88745403289795
1706175084533,1155.366096496582,311.9835555553436
1706175084536,1516.0707092285156,569.7844290733337
1706175084549,1564.7267150878906,619.7892165184021
1706175084558,1580.7621002197266,664.032576084137
1706175084568,1584.7827911376953,669.9674892425537
1706175084580,1583.7873077392578,672.4992156028748
1706175084591,1595.2757263183594,683.7260413169861
1706175084602,1594.9151611328125,687.4315667152405
1706175084613,1601.3090515136719,688.08922290802
1706175084624,1605.4936981201172,681.7178392410278
1706175084635,1607.4605560302734,683.6306190490723
1706175084667,1600.032730102539,680.9471225738525
1706175084668,1594.2736053466797,682.7820110321045
1706175084669,1593.0491638183594,671.5730381011963
1706175084684,1599.2345428466797,665.0444340705872
1706175084691,1601.9650268554688,668.4039974212646
1706175084702,1602.0050048828125,682.3075604438782
1706175084713,1604.9699401855469,689.8037981987
1706175084724,1607.3267364501953,687.1874213218689
1706175084735,1605.4434967041016,681.4603900909424
1706175084747,1604.2082977294922,684.1560530662537
1706175084757,1598.0420684814453,685.5820441246033
1706175084769,1597.9977416992188,690.1253414154053
1706175084780,1592.690200805664,685.1597571372986
1706175084818,1594.306411743164,684.0262341499329
1706175084824,1607.476806640625,690.6313133239746
1706175084836,1611.3793182373047,653.0199193954468
1706175084847,1639.0339660644531,559.6249079704285
1706175084858,1692.458267211914,337.7084505558014
1706175084869,1714.980239868164,275.32302618026733
1706175084880,1718.5658264160156,241.74727320671082
1706175084891,1721.417236328125,235.78714728355408
1706175084902,1723.6808013916016,234.74075317382812
1706175084913,1724.9189758300781,227.11185336112976
1706175084924,1722.5767517089844,225.0149130821228
1706175084946,1718.2270050048828,224.26864743232727
1706175084966,1717.1588134765625,230.61141729354858
1706175084969,1713.427734375,220.68504452705383
1706175084982,1715.2182006835938,222.81631708145142
1706175084990,1715.3781127929688,223.4005343914032
1706175085002,1712.1558380126953,229.62817311286926
1706175085013,1709.7196197509766,223.59870672225952
1706175085024,1710.3392028808594,218.2386338710785
1706175085035,1705.706558227539,208.08058261871338
1706175085046,1708.060531616211,210.16343593597412
1706175085057,1746.1579895019531,199.3682312965393
1706175085098,1789.0802001953125,198.00458550453186
1706175085099,1879.2166900634766,190.57028532028198
1706175085102,1873.6695098876953,188.39225113391876
1706175085114,1872.9656219482422,185.5384236574173
1706175085124,1867.415771484375,187.7297830581665
1706175085136,1866.6431427001953,191.75475418567657
1706175085147,1860.6969451904297,193.7351095676422
1706175085158,1870.5086517333984,185.53733468055725
1706175085168,1879.1521453857422,182.42278039455414
1706175085180,1885.5797576904297,180.85631132125854
1706175085190,1881.4142608642578,178.6963015794754
1706175085202,1851.47705078125,185.37753403186798
1706175085213,1799.1009521484375,191.44425630569458
1706175085248,1657.1260833740234,204.5231795310974
1706175085249,1627.4723815917969,197.2995400428772
1706175085265,1625.6582641601562,190.14168441295624
1706175085268,1626.1905670166016,188.8173222541809
1706175085280,1626.3368225097656,191.787611246109
1706175085291,1626.8844604492188,197.65653133392334
1706175085302,1627.6726531982422,203.41596364974976
1706175085313,1627.8911590576172,209.4775414466858
1706175085324,1626.7674255371094,208.71475338935852
1706175085335,1623.5379791259766,201.03731632232666
1706175085346,1608.5861206054688,170.57699739933014
1706175085382,1673.7718963623047,283.3949947357178
1706175085383,1696.5010833740234,326.13216519355774
1706175085389,nan,nan
1706175085401,nan,nan
1706175085412,nan,nan
1706175085422,nan,nan
1706175085433,nan,nan
1706175085445,nan,nan
1706175085456,nan,nan
1706175085468,nan,nan
1706175085480,1441.2178039550781,623.4724044799805
1706175085491,1422.0573425292969,747.9316663742065
1706175085502,1408.667221069336,741.0378313064575
1706175085537,1408.2652282714844,742.9478645324707
1706175085538,1401.6905975341797,679.884946346283
1706175085546,1406.5495300292969,700.1898264884949
1706175085557,1411.7308807373047,697.3756957054138
1706175085569,1413.3853149414062,695.7746529579163
1706175085579,1413.4368133544922,690.1195693016052
1706175085590,1405.879135131836,699.026370048523
1706175085601,1405.3414154052734,695.5756330490112
1706175085613,1401.2701416015625,700.33123254776
1706175085623,1402.10205078125,691.8166351318359
1706175085635,1408.014907836914,707.3559808731079
1706175085646,1406.0967254638672,690.455596446991
1706175085685,1412.233657836914,739.9084711074829
1706175085689,1967.0407104492188,1113.4307098388672
1706175085702,1967.0407104492188,1113.4307098388672
1706175085711,2193.1991577148438,1245.1685428619385
1706175085722,nan,nan
1706175085733,nan,nan
1706175085744,nan,nan
1706175085755,nan,nan
1706175085766,nan,nan
1706175085777,nan,nan
1706175085788,nan,nan
1706175085800,nan,nan
1706175085835,nan,nan
1706175085836,nan,nan
1706175085851,nan,nan
1706175085854,nan,nan
1706175085864,nan,nan
1706175085883,nan,nan
1706175085901,nan,nan
1706175085913,nan,nan
1706175085922,nan,nan
1706175085934,nan,nan
1706175085945,nan,nan
1706175085984,nan,nan
1706175085989,nan,nan
1706175086001,nan,nan
1706175086012,nan,nan
1706175086022,nan,nan
1706175086034,nan,nan
1706175086045,nan,nan
1706175086055,nan,nan
1706175086067,nan,nan
1706175086079,nan,nan
1706175086089,nan,nan
1706175086100,nan,nan
1706175086139,nan,nan
1706175086140,nan,nan
1706175086146,nan,nan
1706175086155,nan,nan
1706175086168,nan,nan
1706175086179,nan,nan
1706175086189,nan,nan
1706175086200,nan,nan
1706175086213,nan,nan
1706175086222,nan,nan
1706175086234,nan,nan
1706175086246,nan,nan
1706175086284,nan,nan
1706175086285,nan,nan
1706175086289,nan,nan
1706175086300,nan,nan
1706175086313,nan,nan
1706175086321,nan,nan
1706175086333,nan,nan
1706175086345,nan,nan
1706175086355,nan,nan
1706175086367,nan,nan
1706175086379,nan,nan
1706175086420,nan,nan
1706175086422,nan,nan
1706175086438,nan,nan
1706175086445,nan,nan
1706175086456,nan,nan
1706175086467,nan,nan
1706175086478,nan,nan
1706175086488,nan,nan
1706175086500,nan,nan
1706175086512,nan,nan
1706175086522,nan,nan
1706175086533,nan,nan
1706175086567,nan,nan
1706175086568,nan,nan
1706175086583,nan,nan
1706175086588,nan,nan
1706175086600,nan,nan
1706175086612,nan,nan
1706175086622,nan,nan
1706175086634,nan,nan
1706175086645,nan,nan
1706175086656,nan,nan
1706175086667,nan,nan
1706175086699,nan,nan
1706175086701,nan,nan
1706175086716,nan,nan
1706175086723,nan,nan
1706175086736,nan,nan
1706175086747,nan,nan
1706175086759,nan,nan
1706175086770,nan,nan
1706175086781,nan,nan
1706175086792,nan,nan
1706175086803,nan,nan
1706175086834,nan,nan
1706175086835,nan,nan
1706175086837,nan,nan
1706175086851,1383.9159393310547,575.2237343788147
1706175086858,1383.9159393310547,575.2237343788147
1706175086870,1360.2503967285156,587.9347443580627
1706175086881,1394.4813537597656,526.0430717468262
1706175086893,1369.3350982666016,524.5499181747437
1706175086903,1371.6029357910156,511.39469146728516
1706175086915,1366.7543029785156,526.5418124198914
1706175086926,1366.4545440673828,533.852698802948
1706175086938,1367.8408813476562,540.0967311859131
1706175086949,1363.6378479003906,540.020170211792
1706175086988,1371.0787200927734,535.4066205024719
1706175086993,1372.8170776367188,526.7540287971497
1706175087006,1372.5448608398438,530.1534390449524
1706175087016,1373.1783294677734,531.1471223831177
1706175087026,1371.6458129882812,532.2195553779602
1706175087037,1367.3934173583984,525.4986691474915
1706175087049,1365.329818725586,528.1413960456848
1706175087060,1361.7790985107422,531.8475222587585
1706175087071,1364.8253631591797,537.539598941803
1706175087082,1365.2729797363281,532.3960661888123
1706175087093,1370.7679748535156,538.579695224762
1706175087103,1379.4377899169922,536.9719576835632
1706175087142,1382.121810913086,541.8775033950806
1706175087149,1380.8660888671875,545.9811115264893
1706175087160,1377.022705078125,555.4922461509705
1706175087171,1376.8258666992188,559.198157787323
1706175087182,1375.4328918457031,553.255090713501
1706175087193,1371.7478942871094,556.4997696876526
1706175087205,1368.7767028808594,551.324737071991
1706175087216,1369.3122863769531,555.3697657585144
1706175087227,1374.0570831298828,550.1281929016113
1706175087239,1374.1973876953125,552.2293710708618
1706175087248,1374.277572631836,554.2704248428345
1706175087259,1372.5525665283203,553.7663197517395
1706175087270,1371.6444396972656,558.1145882606506
1706175087307,1369.4377899169922,555.9277296066284
1706175087315,1364.8998260498047,552.4522089958191
1706175087326,1253.2772827148438,582.0555782318115
1706175087338,1190.1384735107422,588.2318472862244
1706175087349,1012.0460510253906,608.032557964325
1706175087360,735.4170989990234,621.2708902359009
1706175087371,714.7963714599609,628.4677076339722
1706175087383,706.4926528930664,629.8125457763672
1706175087393,719.6686935424805,632.6703214645386
1706175087404,719.454345703125,632.9659652709961
1706175087416,721.0919952392578,630.3720760345459
1706175087452,717.3178863525391,622.5062727928162
1706175087459,724.2686080932617,635.955319404602
1706175087470,731.0403060913086,638.703339099884
1706175087484,778.486213684082,648.9933657646179
1706175087492,984.6319198608398,674.7820544242859
1706175087504,1108.2208633422852,692.6711225509644
1706175087515,1187.5385284423828,692.1486282348633
1706175087526,1257.4060440063477,692.3204398155212
1706175087538,1249.654197692871,683.4934616088867
1706175087549,1251.859474182129,685.7069063186646
1706175087587,1246.894302368164,676.2454462051392
1706175087588,1251.8814849853516,675.6586861610413
1706175087592,1264.0929794311523,690.522243976593
1706175087606,1267.008056640625,696.7184901237488
1706175087615,1267.8352355957031,690.096116065979
1706175087627,1270.7781600952148,689.4951939582825
1706175087637,1269.912452697754,687.3126268386841
1706175087648,1275.3142547607422,692.6010632514954
1706175087659,1358.6682891845703,663.9520025253296
1706175087671,1452.3423767089844,624.5846629142761
1706175087682,1615.2397155761719,570.2212643623352
1706175087693,1855.3228759765625,500.4892158508301
1706175087704,1963.493881225586,481.387574672699
1706175087743,2016.011962890625,474.2280077934265
1706175087744,2008.8899230957031,481.6801929473877
1706175087749,2012.08740234375,478.40989351272583
1706175087760,2015.2747344970703,476.21827125549316
1706175087771,2017.6139831542969,480.81589937210083
1706175087782,2021.151123046875,477.4862480163574
1706175087793,2018.027572631836,484.32491540908813
1706175087804,2014.023666381836,486.5336608886719
1706175087816,2015.6135559082031,488.1315493583679
1706175087826,2022.061538696289,484.3257737159729
1706175087837,2018.9208221435547,477.87225008010864
1706175087848,2014.8167419433594,474.91795778274536
1706175087865,2016.9598388671875,473.1702947616577
1706175087886,2020.0150299072266,472.7599811553955
1706175087887,2040.3180694580078,470.0200939178467
1706175087892,2072.8556060791016,460.8552646636963
1706175087903,2087.5930786132812,464.268536567688
1706175087915,2092.0469665527344,462.54018545150757
1706175087925,2087.3281860351562,467.3341727256775
1706175087937,2089.5205688476562,459.689576625824
1706175087948,2085.2921295166016,460.7443070411682
1706175087959,2085.898971557617,462.83218145370483
1706175087970,2083.161163330078,453.1066846847534
1706175087982,2104.9639892578125,475.27949810028076
1706175088020,2132.130126953125,467.71493911743164
1706175088021,nan,nan
1706175088024,nan,nan
1706175088035,nan,nan
1706175088050,nan,nan
1706175088056,nan,nan
1706175088068,nan,nan
1706175088079,nan,nan
1706175088090,nan,nan
1706175088101,nan,nan
1706175088111,nan,nan
1706175088122,nan,nan
1706175088134,nan,nan
1706175088173,nan,nan
1706175088174,nan,nan
1706175088178,nan,nan
1706175088189,nan,nan
1706175088199,nan,nan
1706175088219,nan,nan
1706175088238,nan,nan
1706175088248,nan,nan
1706175088259,nan,nan
1706175088270,nan,nan
1706175088302,nan,nan
1706175088304,nan,nan
1706175088319,nan,nan
1706175088327,nan,nan
1706175088337,nan,nan
1706175088348,nan,nan
1706175088358,nan,nan
1706175088371,nan,nan
1706175088382,nan,nan
1706175088392,nan,nan
1706175088404,nan,nan
1706175088415,nan,nan
1706175088434,nan,nan
1706175088454,nan,nan
1706175088458,nan,nan
1706175088473,nan,nan
1706175088482,nan,nan
1706175088492,nan,nan
1706175088503,nan,nan
1706175088515,nan,nan
1706175088525,nan,nan
1706175088536,nan,nan
1706175088548,nan,nan
1706175088558,nan,nan
1706175088570,nan,nan
1706175088603,nan,nan
1706175088604,nan,nan
1706175088619,nan,nan
1706175088624,nan,nan
1706175088636,nan,nan
1706175088648,nan,nan
1706175088658,nan,nan
1706175088669,nan,nan
1706175088681,nan,nan
1706175088691,nan,nan
1706175088703,nan,nan
1706175088715,nan,nan
1706175088751,nan,nan
1706175088752,nan,nan
1706175088758,nan,nan
1706175088769,nan,nan
1706175088781,nan,nan
1706175088792,nan,nan
1706175088803,nan,nan
1706175088815,nan,nan
1706175088825,nan,nan
1706175088837,nan,nan
1706175088849,nan,nan
1706175088886,nan,nan
1706175088887,nan,nan
1706175088890,nan,nan
1706175088904,nan,nan
1706175088916,nan,nan
1706175088926,nan,nan
1706175088937,nan,nan
1706175088949,nan,nan
1706175088960,nan,nan
1706175088971,nan,nan
1706175088982,nan,nan
1706175089019,nan,nan
1706175089020,nan,nan
1706175089021,nan,nan
1706175089040,nan,nan
1706175089058,nan,nan
1706175089073,nan,nan
1706175089086,1172.2360610961914,699.1789984703064
1706175089094,1172.2360610961914,699.1789984703064
1706175089107,1240.997085571289,697.1113157272339
1706175089119,1346.009750366211,679.845700263977
1706175089130,1330.7502746582031,665.6573724746704
1706175089170,1321.8538665771484,656.0308170318604
1706175089174,1310.9715270996094,676.5838122367859
1706175089186,1319.5525360107422,674.2283177375793
1706175089197,1325.6256103515625,665.8454489707947
1706175089208,1326.2545776367188,656.3335204124451
1706175089219,1323.6182403564453,652.2233462333679
1706175089230,1320.0194549560547,661.8168139457703
1706175089241,1324.4325256347656,664.9239921569824
1706175089253,1324.6742248535156,665.0405716896057
1706175089264,1331.6081237792969,661.8476486206055
1706175089303,1331.90673828125,661.619553565979
1706175089304,1330.7738494873047,664.7930574417114
1706175089308,1329.129638671875,672.1846675872803
1706175089319,1331.6793060302734,670.5056476593018
1706175089332,1377.9025268554688,655.8255529403687
1706175089341,1451.9889068603516,630.6051921844482
1706175089353,1541.6087341308594,595.673303604126
1706175089364,1829.0258026123047,513.0171918869019
1706175089374,2021.0490417480469,459.17587995529175
1706175089385,2056.5390014648438,456.17774963378906
1706175089396,2046.6575622558594,465.303418636322
1706175089407,2056.570053100586,463.0481743812561
1706175089419,2052.014846801758,466.9448447227478
1706175089455,2053.9328002929688,469.68275785446167
1706175089456,2052.1372985839844,465.292603969574
1706175089463,2050.7362365722656,473.41068506240845
1706175089474,2056.0943603515625,479.1668772697449
1706175089485,2053.607635498047,482.3907423019409
1706175089496,2051.137161254883,481.4221000671387
1706175089507,2053.1209564208984,499.2934012413025
1706175089518,2051.1831665039062,500.90015172958374
1706175089529,2063.9151763916016,511.4479923248291
1706175089540,2078.2654571533203,486.7612838745117
1706175089551,2107.9901123046875,475.78117847442627
1706175089562,2169.659957885742,553.5288047790527
1706175089605,2166.2091064453125,620.1073265075684
1706175089606,2166.2091064453125,620.1073265075684
1706175089621,nan,nan
1706175089628,nan,nan
1706175089639,nan,nan
1706175089650,nan,nan
1706175089660,nan,nan
1706175089671,nan,nan
1706175089682,nan,nan
1706175089693,nan,nan
1706175089710,nan,nan
1706175089754,nan,nan
1706175089755,nan,nan
1706175089761,nan,nan
1706175089773,nan,nan
1706175089785,nan,nan
1706175089794,nan,nan
1706175089806,nan,nan
1706175089818,nan,nan
1706175089828,nan,nan
1706175089839,nan,nan
1706175089851,nan,nan
1706175089861,nan,nan
1706175089873,nan,nan
1706175089903,nan,nan
1706175089904,nan,nan
1706175089906,nan,nan
1706175089920,nan,nan
1706175089928,nan,nan
1706175089940,nan,nan
1706175089951,nan,nan
1706175089961,nan,nan
1706175089973,nan,nan
1706175089985,nan,nan
1706175089995,nan,nan
1706175090035,nan,nan
1706175090037,nan,nan
1706175090040,nan,nan
1706175090051,nan,nan
1706175090061,nan,nan
1706175090073,nan,nan
1706175090085,nan,nan
1706175090095,nan,nan
1706175090106,nan,nan
1706175090117,nan,nan
1706175090127,nan,nan
1706175090139,nan,nan
1706175090151,nan,nan
1706175090186,nan,nan
1706175090187,nan,nan
1706175090194,nan,nan
1706175090206,nan,nan
1706175090218,nan,nan
1706175090227,nan,nan
1706175090239,nan,nan
1706175090251,nan,nan
1706175090261,nan,nan
1706175090272,nan,nan
1706175090284,nan,nan
1706175090294,nan,nan
1706175090337,nan,nan
1706175090339,nan,nan
1706175090353,nan,nan
1706175090361,nan,nan
1706175090373,nan,nan
1706175090385,nan,nan
1706175090394,nan,nan
1706175090406,nan,nan
1706175090418,nan,nan
1706175090428,nan,nan
1706175090476,nan,nan
1706175090477,nan,nan
1706175090491,nan,nan
1706175090493,nan,nan
1706175090506,nan,nan
1706175090517,nan,nan
1706175090527,nan,nan
1706175090539,nan,nan
1706175090551,nan,nan
1706175090561,nan,nan
1706175090573,nan,nan
1706175090585,nan,nan
1706175090623,nan,nan
1706175090624,nan,nan
1706175090627,nan,nan
1706175090639,nan,nan
1706175090652,nan,nan
1706175090661,nan,nan
1706175090673,nan,nan
1706175090684,nan,nan
1706175090693,nan,nan
1706175090705,nan,nan
1706175090718,nan,nan
1706175090727,nan,nan
1706175090738,nan,nan
1706175090774,nan,nan
1706175090775,nan,nan
1706175090784,nan,nan
1706175090793,nan,nan
1706175090806,nan,nan
1706175090817,nan,nan
1706175090827,nan,nan
1706175090839,nan,nan
1706175090850,nan,nan
1706175090860,nan,nan
1706175090872,nan,nan
1706175090907,nan,nan
1706175090908,nan,nan
1706175090925,nan,nan
1706175090927,nan,nan
1706175090939,nan,nan
1706175090950,nan,nan
1706175090960,nan,nan
1706175090972,nan,nan
1706175090984,nan,nan
1706175090993,nan,nan
1706175091005,nan,nan
1706175091017,nan,nan
1706175091036,nan,nan
1706175091056,nan,nan
1706175091060,nan,nan
1706175091073,nan,nan
1706175091084,nan,nan
1706175091094,nan,nan
1706175091105,nan,nan
1706175091117,nan,nan
1706175091127,nan,nan
1706175091139,nan,nan
1706175091150,nan,nan
1706175091186,nan,nan
1706175091188,nan,nan
1706175091193,nan,nan
1706175091205,nan,nan
1706175091218,nan,nan
1706175091227,nan,nan
1706175091239,nan,nan
1706175091250,nan,nan
1706175091260,nan,nan
1706175091272,nan,nan
1706175091283,nan,nan
1706175091294,nan,nan
1706175091305,nan,nan
1706175091340,nan,nan
1706175091341,nan,nan
1706175091360,nan,nan
1706175091372,nan,nan
1706175091384,nan,nan
1706175091394,nan,nan
1706175091406,nan,nan
1706175091417,nan,nan
1706175091427,nan,nan
1706175091439,nan,nan
1706175091450,nan,nan
1706175091494,nan,nan
1706175091495,nan,nan
1706175091510,nan,nan
1706175091517,nan,nan
1706175091528,nan,nan
1706175091539,nan,nan
1706175091550,nan,nan
1706175091560,nan,nan
1706175091572,nan,nan
1706175091583,nan,nan
1706175091593,nan,nan
1706175091605,nan,nan
1706175091641,nan,nan
1706175091642,nan,nan
1706175091657,nan,nan
1706175091660,nan,nan
1706175091672,nan,nan
1706175091683,nan,nan
1706175091694,nan,nan
1706175091705,nan,nan
1706175091717,nan,nan
1706175091727,nan,nan
1706175091738,nan,nan
1706175091750,nan,nan
1706175091761,nan,nan
1706175091798,nan,nan
1706175091805,nan,nan
1706175091817,nan,nan
1706175091829,nan,nan
1706175091839,nan,nan
1706175091850,nan,nan
1706175091861,nan,nan
1706175091872,nan,nan
1706175091883,nan,nan
1706175091895,nan,nan
1706175091905,nan,nan
1706175091917,nan,nan
1706175091955,nan,nan
1706175091956,nan,nan
1706175091961,nan,nan
1706175091973,nan,nan
1706175091985,nan,nan
1706175091994,nan,nan
1706175092006,nan,nan
1706175092017,nan,nan
1706175092027,nan,nan
1706175092040,nan,nan
1706175092057,nan,nan
1706175092071,nan,nan
1706175092104,nan,nan
1706175092105,nan,nan
1706175092122,nan,nan
1706175092127,nan,nan
1706175092140,nan,nan
1706175092148,nan,nan
1706175092165,nan,nan
1706175092188,nan,nan
1706175092202,nan,nan
1706175092243,nan,nan
1706175092244,nan,nan
1706175092260,1359.7661590576172,720.8593368530273
1706175092265,1362.5758361816406,712.6679134368896
1706175092275,1362.5758361816406,712.6679134368896
1706175092287,1363.0286407470703,725.9702324867249
1706175092298,1360.4139709472656,709.7890019416809
1706175092309,1358.0970001220703,719.2023324966431
1706175092321,1352.4852752685547,716.5771150588989
1706175092332,1345.6553649902344,709.9409866333008
1706175092343,1341.0678100585938,702.1749830245972
1706175092354,1343.5086822509766,699.325532913208
1706175092392,1343.2918548583984,690.8219003677368
1706175092398,1348.4981536865234,690.4923963546753
1706175092411,1351.8897247314453,690.2843642234802
1706175092420,1350.7438659667969,687.6481604576111
1706175092431,1347.6256561279297,688.1400990486145
1706175092442,1343.4383392333984,692.9571318626404
1706175092453,1341.667709350586,696.4561915397644
1706175092464,1345.2568054199219,698.8556528091431
1706175092476,1350.3538513183594,705.427622795105
1706175092487,1348.601303100586,708.7918424606323
1706175092498,1345.8404541015625,707.2354102134705
1706175092509,1345.1805877685547,704.074137210846
1706175092541,1347.6361083984375,701.307384967804
1706175092542,1348.063735961914,704.6510696411133
1706175092561,1344.4590759277344,692.2701859474182
1706175092564,1342.7080535888672,694.6854186058044
1706175092577,1340.0454711914062,694.8548054695129
1706175092587,1346.5345764160156,687.2815775871277
1706175092598,1421.214828491211,810.7686996459961
1706175092608,1457.6309967041016,858.0393075942993
1706175092619,1516.128921508789,987.9834938049316
1706175092629,nan,nan
1706175092641,nan,nan
1706175092652,nan,nan
1706175092692,nan,nan
1706175092693,nan,nan
1706175092696,nan,nan
1706175092711,nan,nan
1706175092720,nan,nan
1706175092730,nan,nan
1706175092742,nan,nan
1706175092753,1510.1283264160156,913.3756399154663
1706175092764,1398.6659240722656,884.3946075439453
1706175092775,1362.686538696289,761.5552711486816
1706175092787,1312.9423522949219,727.8881621360779
1706175092797,1301.5774536132812,660.9267067909241
1706175092820,1309.8727416992188,683.0372714996338
1706175092841,1310.3460693359375,709.8296642303467
1706175092842,1305.6612396240234,703.8830995559692
1706175092857,1298.6766052246094,704.9983620643616
1706175092864,1297.3080444335938,710.5183911323547
1706175092876,1303.0132293701172,715.0224423408508
1706175092887,1302.7515411376953,708.8518166542053
1706175092897,1300.574722290039,717.5945091247559
1706175092909,1342.055435180664,703.8231253623962
1706175092920,1464.3235778808594,666.4300203323364
1706175092931,1758.9188385009766,569.2777061462402
1706175092943,1895.6655883789062,536.7348074913025
1706175092953,1986.2786102294922,506.78144216537476
1706175092994,2051.558303833008,497.70697116851807
1706175092995,2042.6500701904297,495.1317071914673
1706175092998,2041.310806274414,501.3093066215515
1706175093012,2041.2864685058594,500.915322303772
1706175093020,2040.7536315917969,502.40572929382324
1706175093031,2048.7621307373047,505.6336283683777
1706175093043,2047.9204559326172,509.49358463287354
1706175093054,2047.098388671875,512.4184370040894
1706175093065,2048.4341430664062,513.1211113929749
1706175093076,2049.535675048828,514.2945885658264
1706175093087,2048.978271484375,515.2385973930359
1706175093098,2049.6705627441406,522.6994514465332
1706175093120,2052.748031616211,515.3297281265259
1706175093140,2055.933609008789,512.431890964508
1706175093141,2058.5228729248047,507.6628375053406
1706175093142,2057.593231201172,509.83094215393066
1706175093158,2056.0802459716797,510.8019018173218
1706175093164,2056.866226196289,504.4297242164612
1706175093176,2059.0865325927734,510.500807762146
1706175093186,2063.429412841797,509.7131824493408
1706175093197,2058.6861419677734,512.8748202323914
1706175093209,2057.622299194336,507.01597452163696
1706175093220,2053.9523315429688,505.2784824371338
1706175093230,2057.948760986328,503.1794500350952
1706175093243,2057.3673248291016,505.7004475593567
1706175093253,2058.2748413085938,510.0344252586365
1706175093292,2058.2972717285156,505.93053817749023
1706175093293,2061.398391723633,501.915442943573
1706175093298,2058.141555786133,507.28129863739014
1706175093310,2055.3992462158203,508.4240698814392
1706175093320,2056.8753051757812,505.3427481651306
1706175093331,2062.5296020507812,499.8684024810791
1706175093342,2065.7876586914062,496.4976167678833
1706175093353,2073.5145568847656,493.9994287490845
1706175093364,2064.686737060547,499.64828968048096
1706175093376,2060.5276489257812,500.71932792663574
1706175093387,2058.513412475586,503.3375072479248
1706175093398,2063.2056427001953,500.1212811470032
1706175093409,2066.247329711914,497.530996799469
1706175093445,2064.546432495117,500.82013607025146
1706175093446,2066.9100189208984,495.048987865448
1706175093453,2064.2919158935547,503.3246970176697
1706175093464,2067.061309814453,504.0054202079773
1706175093478,2065.9944915771484,500.36317348480225
1706175093487,2063.9282989501953,501.3441753387451
1706175093497,2058.1368255615234,504.0490221977234
1706175093508,2057.4473571777344,502.4740934371948
1706175093519,2058.5302734375,497.3200035095215
1706175093530,2058.689422607422,497.05852031707764
1706175093542,2060.6949615478516,497.06866979599
1706175093553,2062.871322631836,501.1762475967407
1706175093593,2068.1703186035156,500.3118896484375
1706175093594,2063.6270904541016,500.3087568283081
1706175093597,2060.9464263916016,498.84124517440796
1706175093610,2062.718048095703,498.86555671691895
1706175093619,2054.796829223633,504.04335737228394
1706175093630,1969.5219421386719,531.9615268707275
1706175093641,1906.611557006836,555.7127451896667
1706175093653,1700.4344177246094,608.2270503044128
1706175093664,1372.7375030517578,670.9722232818604
1706175093675,1333.6516571044922,682.4731063842773
1706175093686,1305.05126953125,687.0900249481201
1706175093697,1307.0567321777344,687.3076701164246
1706175093709,1305.2710723876953,686.1678385734558
1706175093745,1302.4188995361328,688.1506562232971
1706175093746,1301.3951110839844,687.3869132995605
1706175093753,1304.18701171875,691.1012148857117
1706175093763,1304.554672241211,690.9125804901123
1706175093776,1302.0574188232422,685.6683039665222
1706175093786,1300.1300811767578,685.4951620101929
1706175093797,1301.4949035644531,680.7866406440735
1706175093808,1298.8066864013672,685.6916499137878
1706175093819,1299.783706665039,683.5952138900757
1706175093830,1298.96484375,684.5230865478516
1706175093842,1299.3110656738281,681.147665977478
1706175093853,1300.4779815673828,678.3822441101074
1706175093873,1292.2246551513672,678.1929230690002
1706175093894,1296.1919403076172,667.5259065628052
1706175093897,1310.4535675048828,739.9521374702454
1706175093910,1312.3710632324219,774.7761154174805
1706175093918,1421.6223907470703,865.7110261917114
1706175093930,1940.0619506835938,793.7998867034912
1706175093940,2201.3482666015625,961.7006778717041
1706175093952,2491.5577697753906,1088.4203338623047
1706175093962,nan,nan
1706175093973,nan,nan
1706175093984,nan,nan
1706175093995,nan,nan
1706175094007,nan,nan
1706175094044,nan,nan
1706175094045,nan,nan
1706175094051,nan,nan
1706175094060,nan,nan
1706175094072,nan,nan
1706175094083,nan,nan
1706175094093,nan,nan
1706175094111,nan,nan
1706175094131,nan,nan
1706175094142,nan,nan
1706175094154,nan,nan
1706175094197,nan,nan
1706175094198,nan,nan
1706175094214,nan,nan
1706175094220,nan,nan
1706175094230,nan,nan
1706175094242,nan,nan
1706175094254,nan,nan
1706175094264,nan,nan
1706175094275,nan,nan
1706175094287,nan,nan
1706175094297,nan,nan
1706175094308,nan,nan
1706175094344,nan,nan
1706175094345,nan,nan
1706175094353,nan,nan
1706175094363,nan,nan
1706175094376,nan,nan
1706175094386,nan,nan
1706175094396,nan,nan
1706175094408,nan,nan
1706175094420,nan,nan
1706175094429,nan,nan
1706175094441,nan,nan
1706175094454,nan,nan
1706175094496,nan,nan
1706175094497,nan,nan
1706175094514,nan,nan
1706175094519,nan,nan
1706175094529,nan,nan
1706175094541,nan,nan
1706175094553,nan,nan
1706175094562,nan,nan
1706175094574,nan,nan
1706175094586,nan,nan
1706175094596,nan,nan
1706175094608,nan,nan
1706175094643,nan,nan
1706175094645,nan,nan
1706175094661,nan,nan
1706175094663,nan,nan
1706175094675,nan,nan
1706175094686,nan,nan
1706175094696,nan,nan
1706175094708,nan,nan
1706175094720,nan,nan
1706175094729,nan,nan
1706175094741,nan,nan
1706175094753,nan,nan
1706175094792,nan,nan
1706175094793,nan,nan
1706175094796,nan,nan
1706175094810,nan,nan
1706175094820,nan,nan
1706175094830,nan,nan
1706175094842,nan,nan
1706175094853,nan,nan
1706175094863,nan,nan
1706175094875,nan,nan
1706175094887,nan,nan
1706175094896,nan,nan
1706175094907,nan,nan
1706175094947,nan,nan
1706175094953,nan,nan
1706175094965,nan,nan
1706175094974,nan,nan
1706175094987,nan,nan
1706175094996,nan,nan
1706175095008,nan,nan
1706175095019,nan,nan
1706175095029,nan,nan
1706175095041,nan,nan
1706175095053,nan,nan
1706175095068,nan,nan
1706175095098,nan,nan
1706175095099,nan,nan
1706175095114,nan,nan
1706175095120,nan,nan
1706175095130,nan,nan
1706175095141,nan,nan
1706175095153,nan,nan
1706175095163,nan,nan
1706175095174,nan,nan
1706175095186,nan,nan
1706175095196,nan,nan
1706175095208,nan,nan
1706175095243,nan,nan
1706175095259,nan,nan
1706175095263,nan,nan
1706175095276,nan,nan
1706175095286,nan,nan
1706175095295,nan,nan
1706175095307,nan,nan
1706175095319,nan,nan
1706175095329,nan,nan
1706175095340,nan,nan
1706175095377,nan,nan
1706175095378,nan,nan
1706175095393,nan,nan
1706175095395,nan,nan
1706175095408,nan,nan
1706175095419,nan,nan
1706175095429,nan,nan
1706175095440,nan,nan
1706175095453,nan,nan
1706175095462,nan,nan
1706175095474,nan,nan
1706175095486,nan,nan
1706175095505,nan,nan
1706175095527,nan,nan
1706175095528,nan,nan
1706175095529,nan,nan
1706175095544,nan,nan
1706175095553,nan,nan
1706175095563,nan,nan
1706175095574,nan,nan
1706175095586,nan,nan
1706175095596,nan,nan
1706175095608,nan,nan
1706175095619,nan,nan
1706175095629,nan,nan
1706175095641,nan,nan
1706175095675,nan,nan
1706175095676,nan,nan
1706175095691,nan,nan
1706175095695,nan,nan
1706175095707,nan,nan
1706175095718,nan,nan
1706175095728,nan,nan
1706175095740,nan,nan
1706175095752,nan,nan
1706175095762,nan,nan
1706175095774,nan,nan
1706175095785,nan,nan
1706175095827,nan,nan
1706175095828,nan,nan
1706175095829,nan,nan
1706175095845,nan,nan
1706175095852,nan,nan
1706175095863,nan,nan
1706175095874,nan,nan
1706175095885,nan,nan
1706175095895,nan,nan
1706175095907,nan,nan
1706175095919,nan,nan
1706175095929,nan,nan
1706175095941,nan,nan
1706175095978,nan,nan
1706175095979,nan,nan
1706175095986,nan,nan
1706175095996,nan,nan
1706175096008,nan,nan
1706175096019,nan,nan
1706175096028,nan,nan
1706175096040,nan,nan
1706175096052,nan,nan
1706175096062,nan,nan
1706175096073,nan,nan
1706175096109,nan,nan
1706175096110,nan,nan
1706175096127,nan,nan
1706175096128,nan,nan
1706175096141,nan,nan
1706175096152,nan,nan
1706175096162,nan,nan
1706175096174,nan,nan
1706175096185,nan,nan
1706175096195,nan,nan
1706175096207,nan,nan
1706175096219,nan,nan
1706175096241,nan,nan
1706175096262,nan,nan
1706175096279,nan,nan
1706175096287,nan,nan
1706175096296,nan,nan
1706175096307,nan,nan
1706175096319,nan,nan
1706175096329,nan,nan
1706175096340,nan,nan
1706175096352,nan,nan
1706175096362,nan,nan
1706175096374,nan,nan
1706175096410,nan,nan
1706175096411,nan,nan
1706175096418,nan,nan
1706175096428,nan,nan
1706175096440,nan,nan
1706175096451,nan,nan
1706175096461,nan,nan
1706175096473,nan,nan
1706175096485,nan,nan
1706175096495,nan,nan
1706175096507,nan,nan
1706175096518,nan,nan
1706175096528,nan,nan
1706175096562,nan,nan
1706175096578,nan,nan
1706175096585,nan,nan
1706175096596,nan,nan
1706175096606,nan,nan
1706175096618,nan,nan
1706175096629,nan,nan
1706175096640,nan,nan
1706175096652,nan,nan
1706175096662,nan,nan
1706175096674,nan,nan
1706175096710,nan,nan
1706175096711,nan,nan
1706175096726,nan,nan
1706175096729,nan,nan
1706175096742,nan,nan
1706175096752,nan,nan
1706175096762,nan,nan
1706175096773,nan,nan
1706175096784,nan,nan
1706175096795,nan,nan
1706175096806,nan,nan
1706175096844,nan,nan
1706175096845,nan,nan
1706175096852,nan,nan
1706175096862,nan,nan
1706175096875,nan,nan
1706175096885,nan,nan
1706175096895,nan,nan
1706175096907,nan,nan
1706175096919,nan,nan
1706175096928,nan,nan
1706175096940,nan,nan
1706175096952,nan,nan
1706175096961,nan,nan
1706175096994,nan,nan
1706175096995,nan,nan
1706175097012,nan,nan
1706175097018,nan,nan
1706175097029,nan,nan
1706175097040,nan,nan
1706175097051,nan,nan
1706175097061,nan,nan
1706175097073,nan,nan
1706175097085,nan,nan
1706175097095,nan,nan
1706175097107,nan,nan
1706175097145,nan,nan
1706175097146,nan,nan
1706175097152,nan,nan
1706175097163,nan,nan
1706175097173,nan,nan
1706175097184,nan,nan
1706175097194,nan,nan
1706175097206,nan,nan
1706175097218,nan,nan
1706175097228,nan,nan
1706175097239,nan,nan
1706175097251,nan,nan
1706175097261,nan,nan
1706175097294,nan,nan
1706175097295,nan,nan
1706175097313,nan,nan
1706175097319,nan,nan
1706175097330,nan,nan
1706175097340,nan,nan
1706175097351,nan,nan
1706175097362,nan,nan
1706175097374,nan,nan
1706175097385,nan,nan
1706175097396,nan,nan
1706175097407,nan,nan
1706175097444,nan,nan
1706175097445,nan,nan
1706175097463,nan,nan
1706175097474,nan,nan
1706175097485,nan,nan
1706175097496,nan,nan
1706175097508,nan,nan
1706175097519,1631.138916015625,871.9546508789062
1706175097530,1631.138916015625,871.9546508789062
1706175097541,1631.138916015625,871.9546508789062
1706175097553,1622.6496124267578,975.0714683532715
1706175097595,1637.6940155029297,955.9981727600098
1706175097598,1649.5023345947266,955.3549146652222
1706175097613,1649.0514373779297,945.7497310638428
1706175097621,1658.5169219970703,942.2035074234009
1706175097632,1650.2397918701172,919.5091009140015
1706175097643,1610.1570892333984,904.2341566085815
1706175097654,1542.1923828125,830.4990720748901
1706175097665,1390.5506134033203,718.8980627059937
1706175097676,1364.3238830566406,702.3450350761414
1706175097687,1370.7791900634766,724.8241353034973
1706175097698,1371.2796783447266,726.9404196739197
1706175097710,1382.2674560546875,737.2863221168518
1706175097744,1383.5454559326172,728.8147902488708
1706175097745,1382.332763671875,721.7306041717529
1706175097761,1383.36181640625,720.0840926170349
1706175097765,1381.8768310546875,726.7714405059814
1706175097777,1381.2235260009766,728.3804440498352
1706175097787,1371.8693542480469,727.8603959083557
1706175097798,1371.5272521972656,734.7433304786682
1706175097810,1374.5413208007812,742.1299195289612
1706175097821,1376.1499786376953,747.6333618164062
1706175097832,1371.8316650390625,751.809196472168
1706175097843,1371.0057067871094,749.5107793807983
1706175097854,1367.543716430664,746.3028573989868
1706175097876,1372.273178100586,737.9716801643372
1706175097896,1370.0424194335938,735.3639507293701
1706175097897,1367.2760772705078,733.0449986457825
1706175097899,1367.0700073242188,742.0625424385071
1706175097913,1341.4990997314453,728.2578992843628
1706175097920,1452.6107788085938,830.1587533950806
1706175097931,1664.5850372314453,1055.2251863479614
1706175097941,1795.6209564208984,1146.926736831665
1706175097952,nan,nan
1706175097962,nan,nan
1706175097974,nan,nan
1706175097985,nan,nan
1706175097996,nan,nan
1706175098008,nan,nan
1706175098045,nan,nan
1706175098052,1605.0277709960938,704.5657539367676
1706175098063,1442.5914001464844,773.1801795959473
1706175098076,1412.9695129394531,736.7237663269043
1706175098087,1342.5393676757812,693.9336061477661
1706175098098,1341.4334106445312,657.6240491867065
1706175098110,1341.6797637939453,661.6475772857666
1706175098120,1343.9448547363281,669.9742269515991
1706175098131,1343.8296508789062,665.4695320129395
1706175098143,1343.081283569336,668.3018589019775
1706175098154,1341.2997436523438,658.9763975143433
1706175098195,1338.6824035644531,659.173378944397
1706175098196,1338.5831451416016,668.3270502090454
1706175098198,1339.3590545654297,679.836323261261
1706175098213,1342.2950744628906,682.6620197296143
1706175098221,1352.3957824707031,673.8787293434143
1706175098233,1349.593734741211,670.0204467773438
1706175098243,1347.037582397461,658.4080266952515
1706175098254,1337.40478515625,653.2680988311768
1706175098265,1338.2579803466797,658.1586027145386
1706175098277,1342.9835510253906,661.3893985748291
1706175098287,1344.4636535644531,666.4910244941711
1706175098298,1340.9326171875,664.8536109924316
1706175098309,1338.9226531982422,658.5159587860107
1706175098347,1337.1443939208984,661.3370418548584
1706175098348,1339.3228912353516,661.1185812950134
1706175098353,1336.7105865478516,667.4423933029175
1706175098364,1331.0294342041016,662.4405884742737
1706175098375,1329.0583038330078,663.3477115631104
1706175098387,1333.1901550292969,653.3813095092773
1706175098398,1343.6763763427734,657.278323173523
1706175098409,1343.263168334961,650.5632305145264
1706175098420,1343.3998107910156,655.7605147361755
1706175098431,1338.1329345703125,653.8779044151306
1706175098442,1354.8220825195312,657.7254581451416
1706175098454,1411.0624694824219,676.6912293434143
1706175098495,1508.7115478515625,692.0822167396545
1706175098496,1537.0858001708984,694.5622515678406
1706175098498,1540.7785034179688,687.9599404335022
1706175098511,1541.4381408691406,685.9274697303772
1706175098521,1545.6342315673828,692.8635334968567
1706175098531,1541.137924194336,689.9463200569153
1706175098543,1543.0393981933594,687.7533888816833
1706175098554,1531.4561462402344,684.0043044090271
1706175098565,1533.1867218017578,682.2811889648438
1706175098576,1535.4843139648438,687.4053239822388
1706175098587,1539.8746490478516,686.9836163520813
1706175098598,1542.9741668701172,687.715859413147
1706175098610,1540.7360076904297,682.9599165916443
1706175098646,1595.5039978027344,712.5404977798462
1706175098647,1775.7803344726562,757.5401973724365
1706175098654,1962.1817779541016,780.8285093307495
1706175098664,2004.0641784667969,781.3889837265015
1706175098675,1998.7598419189453,779.0158939361572
1706175098687,1994.0733337402344,783.2579898834229
1706175098697,1997.4590301513672,789.0843915939331
1706175098709,1996.2100982666016,787.8795433044434
1706175098720,2001.1267852783203,790.0457811355591
1706175098731,1998.3546447753906,789.7151184082031
1706175098742,1999.9701690673828,791.2271547317505
1706175098754,1995.7614135742188,789.6792411804199
1706175098794,1997.9167175292969,789.9154901504517
1706175098795,1999.256362915039,789.553370475769
1706175098797,2003.0220794677734,787.8863668441772
1706175098809,1995.4531860351562,788.9092969894409
1706175098822,1985.859603881836,789.894118309021
1706175098831,1964.1529083251953,789.4044971466064
1706175098842,1962.3811340332031,784.5621013641357
1706175098853,1961.38671875,785.3659915924072
1706175098864,1960.535659790039,780.2153778076172
1706175098876,1959.9303436279297,785.5517721176147
1706175098887,1961.0076141357422,785.7253646850586
1706175098898,1964.8409271240234,783.195333480835
1706175098909,1964.939193725586,783.1015634536743
1706175098946,1963.543701171875,781.9051265716553
1706175098947,1958.5100555419922,788.4866237640381
1706175098961,1951.1216735839844,786.2929630279541
1706175098964,1954.1630554199219,781.7142391204834
1706175098976,1948.5814666748047,781.1041975021362
1706175098987,1894.0730285644531,770.9832572937012
1706175098998,1728.5599517822266,743.2566833496094
1706175099009,1630.3180694580078,743.7041187286377
1706175099020,1573.8177490234375,734.7902584075928
1706175099031,1527.5516510009766,737.2993469238281
1706175099042,1530.1941680908203,724.4957685470581
1706175099053,1518.0573272705078,724.5508503913879
1706175099074,1520.5620574951172,716.8492412567139
1706175099096,1520.6140899658203,714.0440797805786
1706175099097,1523.1106567382812,714.7016501426697
1706175099113,1521.1892700195312,716.1605358123779
1706175099120,1519.5532989501953,712.3563694953918
1706175099132,1518.0963134765625,720.7719826698303
1706175099142,1516.709213256836,726.2599754333496
1706175099153,1517.2409057617188,727.8233814239502
1706175099164,1520.0159454345703,716.423864364624
1706175099175,1522.3090362548828,713.1716752052307
1706175099186,1522.9400634765625,707.1128869056702
1706175099197,1523.6102294921875,707.8666090965271
1706175099228,1522.9643249511719,712.5232458114624
1706175099229,1523.2563018798828,714.3186950683594
1706175099230,1521.2726593017578,722.2621965408325
1706175099247,1517.730941772461,722.2497510910034
1706175099253,1513.8880157470703,722.9830455780029
1706175099263,1513.226318359375,712.3003005981445
1706175099275,1514.9037170410156,715.3494143486023
1706175099286,1516.1698150634766,719.8835706710815
1706175099297,1518.6981201171875,718.3937430381775
1706175099308,1516.4463806152344,718.8062453269958
1706175099319,1527.9843139648438,708.0594277381897
1706175099330,1528.900146484375,710.1308870315552
1706175099342,1528.8545989990234,711.3848304748535
1706175099379,1516.3065338134766,717.6159882545471
1706175099395,1487.4845886230469,718.447859287262
1706175099397,1438.7262725830078,722.1352958679199
1706175099409,1420.3477478027344,717.003607749939
1706175099420,1416.9414520263672,716.2016701698303
1706175099430,1423.727798461914,720.0160074234009
1706175099442,1421.2076568603516,720.1286816596985
1706175099453,1424.31884765625,715.971086025238
1706175099465,1422.8778076171875,712.5451970100403
1706175099475,1429.3679809570312,714.8219633102417
1706175099515,1427.1134948730469,717.4745392799377
1706175099516,1424.6649932861328,721.7553877830505
1706175099520,1421.6305541992188,721.3692569732666
1706175099532,1419.4619750976562,717.7915549278259
1706175099542,1417.1004486083984,725.8114457130432
1706175099553,1416.6490936279297,722.3306035995483
1706175099564,1420.4849243164062,729.390971660614
1706175099575,1416.3285827636719,724.9366593360901
1706175099586,1412.710189819336,727.934103012085
1706175099597,1417.4982452392578,723.2168483734131
1706175099608,1418.0012512207031,726.3503980636597
1706175099619,1421.254653930664,728.2084608078003
1706175099636,1418.0827331542969,726.149640083313
1706175099661,1415.722427368164,726.508219242096
1706175099662,1421.7493438720703,723.3176779747009
1706175099664,1422.7472686767578,728.1749868392944
1706175099677,1426.9148254394531,723.7419819831848
1706175099686,1424.9115753173828,718.8969039916992
1706175099698,1417.8160858154297,714.2138957977295
1706175099708,1417.1028900146484,716.5160250663757
1706175099719,1421.4701843261719,723.0467963218689
1706175099730,1427.9313659667969,719.6591448783875
1706175099741,1423.768081665039,722.6943755149841
1706175099752,1421.36962890625,721.9881820678711
1706175099764,1423.3486938476562,723.5994601249695
1706175099775,1424.1920471191406,720.690507888794
1706175099811,1422.7818298339844,715.6558728218079
1706175099812,1420.770263671875,723.9941954612732
1706175099819,1417.8360748291016,733.0761766433716
1706175099830,1419.5426177978516,732.330436706543
1706175099842,1422.211685180664,736.6024446487427
1706175099853,1577.4234771728516,762.4500131607056
1706175099863,1962.6789855957031,855.4959726333618
1706175099874,1962.6789855957031,855.4959726333618
1706175099885,2032.3260498046875,856.1109924316406
1706175099895,nan,nan
1706175099906,nan,nan
1706175099918,nan,nan
1706175099928,nan,nan
1706175099963,nan,nan
1706175099964,nan,nan
1706175099979,nan,nan
1706175099983,nan,nan
1706175099994,nan,nan
1706175100005,nan,nan
1706175100016,nan,nan
1706175100027,nan,nan
1706175100037,nan,nan
1706175100056,nan,nan
1706175100075,nan,nan
1706175100112,nan,nan
1706175100114,nan,nan
1706175100120,nan,nan
1706175100130,nan,nan
1706175100143,nan,nan
1706175100153,nan,nan
1706175100163,nan,nan
1706175100175,nan,nan
1706175100186,nan,nan
1706175100196,nan,nan
1706175100207,nan,nan
1706175100219,nan,nan
1706175100229,nan,nan
1706175100264,nan,nan
1706175100265,nan,nan
1706175100282,nan,nan
1706175100288,nan,nan
1706175100297,nan,nan
1706175100308,nan,nan
1706175100320,nan,nan
1706175100330,nan,nan
1706175100341,nan,nan
1706175100353,nan,nan
1706175100363,nan,nan
1706175100375,nan,nan
1706175100414,nan,nan
1706175100415,nan,nan
1706175100419,nan,nan
1706175100431,nan,nan
1706175100440,nan,nan
1706175100453,nan,nan
1706175100462,nan,nan
1706175100474,nan,nan
1706175100486,nan,nan
1706175100496,nan,nan
1706175100507,nan,nan
1706175100519,nan,nan
1706175100529,nan,nan
1706175100565,nan,nan
1706175100574,nan,nan
1706175100586,nan,nan
1706175100596,nan,nan
1706175100608,nan,nan
1706175100619,nan,nan
1706175100629,nan,nan
1706175100641,nan,nan
1706175100653,nan,nan
1706175100663,nan,nan
1706175100674,nan,nan
1706175100714,nan,nan
1706175100716,nan,nan
1706175100720,nan,nan
1706175100733,nan,nan
1706175100741,nan,nan
1706175100753,nan,nan
1706175100763,nan,nan
1706175100774,nan,nan
1706175100785,nan,nan
1706175100795,nan,nan
1706175100807,nan,nan
1706175100819,nan,nan
1706175100829,nan,nan
1706175100867,nan,nan
1706175100868,nan,nan
1706175100874,nan,nan
1706175100886,nan,nan
1706175100896,nan,nan
1706175100907,nan,nan
1706175100919,nan,nan
1706175100929,nan,nan
1706175100941,nan,nan
1706175100952,nan,nan
1706175100962,nan,nan
1706175100974,nan,nan
1706175101018,nan,nan
1706175101019,nan,nan
1706175101037,nan,nan
1706175101041,nan,nan
1706175101054,nan,nan
1706175101062,nan,nan
1706175101074,nan,nan
1706175101086,nan,nan
1706175101096,nan,nan
1706175101108,nan,nan
1706175101119,nan,nan
1706175101129,nan,nan
1706175101147,nan,nan
1706175101167,nan,nan
1706175101168,nan,nan
1706175101174,nan,nan
1706175101185,nan,nan
1706175101195,nan,nan
1706175101207,nan,nan
1706175101218,nan,nan
1706175101228,nan,nan
1706175101240,nan,nan
1706175101252,nan,nan
1706175101262,nan,nan
1706175101274,nan,nan
1706175101285,nan,nan
1706175101295,nan,nan
1706175101331,nan,nan
1706175101332,nan,nan
1706175101340,nan,nan
1706175101352,nan,nan
1706175101364,nan,nan
1706175101374,nan,nan
1706175101386,nan,nan
1706175101396,nan,nan
1706175101407,nan,nan
1706175101419,nan,nan
1706175101429,nan,nan
1706175101441,nan,nan
1706175101461,nan,nan
1706175101482,nan,nan
1706175101483,nan,nan
1706175101486,nan,nan
1706175101502,nan,nan
1706175101508,nan,nan
1706175101519,nan,nan
1706175101528,nan,nan
1706175101540,nan,nan
1706175101551,nan,nan
1706175101562,nan,nan
1706175101573,nan,nan
1706175101585,nan,nan
1706175101595,nan,nan
1706175101634,nan,nan
1706175101635,nan,nan
1706175101640,nan,nan
1706175101653,nan,nan
1706175101662,nan,nan
1706175101674,nan,nan
1706175101685,nan,nan
1706175101696,nan,nan
1706175101707,nan,nan
1706175101719,nan,nan
1706175101729,nan,nan
1706175101741,nan,nan
1706175101784,nan,nan
1706175101785,nan,nan
1706175101786,nan,nan
1706175101803,nan,nan
1706175101807,nan,nan
1706175101820,nan,nan
1706175101829,nan,nan
1706175101841,nan,nan
1706175101859,nan,nan
1706175101874,nan,nan
1706175101884,nan,nan
1706175101895,nan,nan
1706175101931,nan,nan
1706175101948,nan,nan
1706175101954,1761.6827392578125,904.0834808349609
1706175101966,1785.44921875,885.4395961761475
1706175101975,1785.44921875,885.4395961761475
1706175101987,1805.2955627441406,886.2228870391846
1706175101997,1826.2353515625,905.9539031982422
1706175102009,1826.2353515625,905.9539031982422
1706175102020,1795.9834289550781,884.922080039978
1706175102031,1787.7701568603516,874.646430015564
1706175102043,1776.9989013671875,866.7807769775391
1706175102063,1774.6188354492188,866.4475393295288
1706175102084,1772.3930358886719,861.8082189559937
1706175102085,1774.9689483642578,865.986499786377
1706175102088,1776.3651275634766,866.1734390258789
1706175102103,1791.3668823242188,824.1461849212646
1706175102111,1810.3056335449219,787.644453048706
1706175102121,1832.9337310791016,741.0763263702393
1706175102132,1864.3296813964844,716.1838603019714
1706175102143,1864.993667602539,725.9087777137756
1706175102154,1862.8833770751953,733.7964463233948
1706175102165,1855.2378845214844,725.3187775611877
1706175102177,1852.1662139892578,726.6176104545593
1706175102188,1828.6322021484375,719.8617267608643
1706175102199,1705.6378936767578,712.4311065673828
1706175102210,1629.0621948242188,699.8965215682983
1706175102253,1568.0146026611328,699.1255259513855
1706175102254,1531.0379028320312,697.4397253990173
1706175102255,1533.9051818847656,698.8219857215881
1706175102270,1530.7901763916016,697.9421353340149
1706175102276,1530.2716827392578,698.6043190956116
1706175102287,1533.6347961425781,698.2908225059509
1706175102298,1532.1551513671875,695.9714198112488
1706175102309,1525.6776428222656,698.0731987953186
1706175102321,1525.9937286376953,705.2204918861389
1706175102331,1524.1930389404297,708.7453436851501
1706175102343,1531.9600677490234,708.5944104194641
1706175102354,1535.4300689697266,706.3725328445435
1706175102365,1532.7149200439453,713.1828546524048
1706175102398,1517.2245025634766,719.2886996269226
1706175102418,1422.6869201660156,728.3136248588562
1706175102421,1423.4214782714844,720.4993414878845
1706175102433,1430.5133819580078,727.37056016922
1706175102443,1434.1429138183594,726.0329103469849
1706175102454,1440.947494506836,725.0131344795227
1706175102465,1438.4474182128906,722.4782538414001
1706175102477,1433.6808776855469,721.2592005729675
1706175102488,1433.4331512451172,724.5689606666565
1706175102499,1433.5320281982422,723.4517025947571
1706175102510,1438.8873291015625,732.8245639801025
1706175102553,1439.9065399169922,735.5166220664978
1706175102554,1438.7825775146484,741.1640453338623
1706175102571,1432.5133514404297,743.7165856361389
1706175102577,1431.4313507080078,742.3331665992737
1706175102588,1434.1096496582031,743.3522129058838
1706175102598,1432.0352935791016,743.9025592803955
1706175102608,1436.7852020263672,746.2062978744507
1706175102620,1429.1838073730469,750.9671545028687
1706175102631,1419.5468139648438,751.5569400787354
1706175102641,1419.4330596923828,752.0979738235474
1706175102654,1420.8599853515625,750.1335668563843
1706175102664,1470.1931762695312,755.1647901535034
1706175102701,1482.3155975341797,763.3108520507812
1706175102702,1498.1867218017578,764.4633436203003
1706175102709,1492.0276641845703,763.730993270874
1706175102720,1488.8419342041016,758.1782627105713
1706175102734,1482.339859008789,755.820472240448
1706175102742,1487.6799774169922,753.322262763977
1706175102753,1490.201416015625,754.5875358581543
1706175102764,1492.2525024414062,758.7856864929199
1706175102776,1492.203369140625,753.3592128753662
1706175102787,1492.1235656738281,772.8177165985107
1706175102798,1492.2283172607422,767.512993812561
1706175102809,1507.4880981445312,771.8879985809326
1706175102851,1596.7200469970703,774.1308832168579
1706175102852,1812.5560760498047,787.215428352356
1706175102854,1911.6252136230469,776.630916595459
1706175102871,1901.393051147461,769.8720073699951
1706175102876,1906.6829681396484,774.9714231491089
1706175102887,1909.9219512939453,772.1623134613037
1706175102898,1907.8330993652344,770.297040939331
1706175102910,1909.6382141113281,772.9727697372437
1706175102921,1914.6614074707031,775.355429649353
1706175102932,1925.0529479980469,775.726261138916
1706175102943,1923.118896484375,770.2913331985474
1706175102954,1928.7638854980469,766.2564325332642
1706175102965,1928.178482055664,761.6217470169067
1706175103002,1924.6013641357422,763.8372087478638
1706175103003,1922.2611999511719,765.8405828475952
1706175103009,1923.4452056884766,769.4194650650024
1706175103022,1923.1371307373047,765.4121160507202
1706175103031,1920.4778289794922,764.9157571792603
1706175103043,1927.6937103271484,764.4968175888062
1706175103054,1940.8792877197266,801.776647567749
1706175103064,2012.4945831298828,889.7505712509155
1706175103074,1996.0077667236328,907.9062080383301
1706175103085,2236.311492919922,1013.6424922943115
1706175103096,nan,nan
1706175103107,nan,nan
1706175103118,nan,nan
1706175103157,nan,nan
1706175103158,nan,nan
1706175103162,nan,nan
1706175103176,nan,nan
1706175103184,nan,nan
1706175103195,nan,nan
1706175103213,nan,nan
1706175103231,nan,nan
1706175103243,nan,nan
1706175103254,nan,nan
1706175103264,nan,nan
1706175103276,nan,nan
1706175103287,nan,nan
1706175103322,nan,nan
1706175103330,nan,nan
1706175103342,nan,nan
1706175103354,nan,nan
1706175103364,nan,nan
1706175103375,nan,nan
1706175103386,nan,nan
1706175103397,nan,nan
1706175103409,nan,nan
1706175103420,nan,nan
1706175103430,nan,nan
1706175103468,nan,nan
1706175103475,nan,nan
1706175103487,nan,nan
1706175103497,nan,nan
1706175103508,nan,nan
1706175103520,nan,nan
1706175103530,nan,nan
1706175103542,nan,nan
1706175103553,nan,nan
1706175103563,nan,nan
1706175103575,nan,nan
1706175103616,nan,nan
1706175103617,nan,nan
1706175103620,nan,nan
1706175103633,nan,nan
1706175103641,nan,nan
1706175103653,nan,nan
1706175103662,nan,nan
1706175103674,nan,nan
1706175103687,nan,nan
1706175103696,nan,nan
1706175103708,nan,nan
1706175103720,nan,nan
1706175103730,nan,nan
1706175103783,nan,nan
1706175103784,nan,nan
1706175103787,nan,nan
1706175103800,nan,nan
1706175103808,nan,nan
1706175103820,nan,nan
1706175103830,nan,nan
1706175103841,nan,nan
1706175103853,nan,nan
1706175103863,nan,nan
1706175103874,nan,nan
1706175103886,nan,nan
1706175103919,nan,nan
1706175103920,nan,nan
1706175103933,nan,nan
1706175103945,nan,nan
1706175103953,nan,nan
1706175103964,nan,nan
1706175103975,nan,nan
1706175103986,nan,nan
1706175103996,nan,nan
1706175104008,nan,nan
1706175104020,nan,nan
1706175104030,nan,nan
1706175104042,nan,nan
1706175104060,nan,nan
1706175104084,nan,nan
1706175104085,nan,nan
1706175104086,nan,nan
1706175104102,nan,nan
1706175104109,nan,nan
1706175104121,nan,nan
1706175104130,nan,nan
1706175104141,nan,nan
1706175104153,nan,nan
1706175104163,nan,nan
1706175104175,nan,nan
1706175104186,nan,nan
1706175104196,nan,nan
1706175104235,nan,nan
1706175104236,nan,nan
1706175104242,nan,nan
1706175104254,nan,nan
1706175104263,nan,nan
1706175104275,nan,nan
1706175104286,nan,nan
1706175104296,nan,nan
1706175104308,nan,nan
1706175104319,nan,nan
1706175104330,nan,nan
1706175104341,nan,nan
1706175104386,nan,nan
1706175104387,nan,nan
1706175104393,nan,nan
1706175104408,nan,nan
1706175104419,nan,nan
1706175104430,nan,nan
1706175104441,nan,nan
1706175104452,nan,nan
1706175104463,nan,nan
1706175104475,nan,nan
1706175104485,nan,nan
1706175104502,nan,nan
1706175104536,nan,nan
1706175104538,nan,nan
1706175104556,nan,nan
1706175104568,2077.3435974121094,866.2251949310303
1706175104578,2084.5350646972656,855.0850582122803
1706175104589,2088.445281982422,853.6897087097168
1706175104600,2097.11669921875,825.1969242095947
1706175104612,2093.2970428466797,825.2520704269409
1706175104623,2053.5733795166016,820.9418678283691
1706175104634,1847.1412658691406,782.7205181121826
1706175104645,1754.6900177001953,774.5992612838745
1706175104683,1702.9417419433594,775.666995048523
1706175104684,1664.2581939697266,782.1741628646851
1706175104690,1672.3700714111328,772.0165300369263
1706175104703,1668.193588256836,767.6134157180786
1706175104712,1667.9440307617188,766.6455459594727
1706175104723,1664.4700622558594,766.5421628952026
1706175104734,1664.0286254882812,763.400673866272
1706175104745,1662.0061492919922,769.5454216003418
1706175104756,1663.514633178711,770.2948951721191
1706175104767,1666.4600372314453,768.0147171020508
1706175104779,1666.3582611083984,757.1965312957764
1706175104790,1665.5655670166016,756.8305921554565
1706175104801,1666.2822723388672,762.7874135971069
1706175104836,1668.0206298828125,766.9543647766113
1706175104837,1668.7822723388672,764.8429298400879
1706175104846,1648.479995727539,761.2161540985107
1706175104857,1639.9993133544922,754.9536466598511
1706175104868,1618.3584594726562,738.16561460495
1706175104879,1622.0842742919922,742.1865034103394
1706175104890,1623.9427185058594,742.8875684738159
1706175104901,1622.8075408935547,739.5915627479553
1706175104913,1624.1783142089844,737.524094581604
1706175104923,1620.481185913086,738.6230707168579
1706175104934,1619.7479248046875,743.2835483551025
1706175104946,1616.14501953125,739.0591764450073
1706175104983,1617.8087615966797,734.874050617218
1706175104984,1623.7975311279297,733.3577227592468
1706175104989,1626.0041046142578,735.4067158699036
1706175105001,1622.7870178222656,738.6816930770874
1706175105012,1625.8319854736328,739.3712568283081
1706175105023,1621.3643646240234,743.7636852264404
1706175105034,1616.8058013916016,744.9330425262451
1706175105046,1614.9945831298828,746.3433694839478
1706175105056,1611.8675231933594,742.2074460983276
1706175105067,1613.724594116211,738.3133506774902
1706175105079,1643.0231475830078,753.3629035949707
1706175105090,1699.5867919921875,783.5900688171387
1706175105100,1849.406967163086,872.5991106033325
1706175105134,2066.0272216796875,927.8023624420166
1706175105135,2072.0635986328125,941.9747257232666
1706175105152,2072.7418518066406,946.1709022521973
1706175105156,2077.450714111328,954.2323350906372
1706175105169,2082.993850708008,955.6796979904175
1706175105179,2078.387222290039,954.6639347076416
1706175105190,2077.291259765625,956.0739183425903
1706175105200,2076.6320037841797,954.8672246932983
1706175105212,2084.8580169677734,957.7536249160767
1706175105223,2089.3626403808594,951.9071817398071
1706175105234,2076.306915283203,960.6647443771362
1706175105245,2065.9434509277344,963.8252449035645
1706175105284,2047.7084350585938,977.2491645812988
1706175105290,2028.0325317382812,971.8433332443237
1706175105301,2028.7281799316406,971.1496496200562
1706175105314,2030.3495025634766,973.1532382965088
1706175105323,2029.5234680175781,972.2290563583374
1706175105334,2025.2326965332031,968.9603233337402
1706175105345,2021.4474487304688,972.7242136001587
1706175105356,2020.4664611816406,969.4231224060059
1706175105367,2020.6571197509766,967.2841787338257
1706175105378,2021.5821838378906,960.762505531311
1706175105418,2021.9302368164062,963.0599784851074
1706175105422,2021.0972595214844,968.6871242523193
1706175105434,2023.8711547851562,966.7049932479858
1706175105447,2019.7013854980469,960.7867527008057
1706175105456,2017.6178741455078,966.1644315719604
1706175105467,2018.4613037109375,963.1637477874756
1706175105478,2017.656021118164,967.7440166473389
1706175105489,2023.3174896240234,966.6944789886475
1706175105500,2020.1197814941406,969.4304180145264
1706175105512,2018.69873046875,970.1626396179199
1706175105523,2015.7490539550781,971.7410230636597
1706175105534,1981.6676330566406,957.0349216461182
1706175105568,1931.7359161376953,924.7139167785645
1706175105569,1837.0671081542969,856.3908004760742
1706175105579,1641.4449310302734,716.0411238670349
1706175105589,1631.9251251220703,713.5261988639832
1706175105601,1637.3994445800781,727.0156502723694
