timestamp,x,y
1706175075161,1329.934349771187,876.94526091218
1706175075162,1329.1012210681597,880.6850910186768
1706175075164,1339.2100476241324,868.7561251223087
1706175075178,1335.679254196882,869.2524947226048
1706175075187,1318.977800528003,865.5130326747894
1706175075198,1248.0788917034856,809.0479612350464
1706175075209,1169.5267761838786,729.0388412773609
1706175075220,1054.7492363957945,636.9113679975271
1706175075231,863.9383282598884,514.2927633598447
1706175075242,783.9107397906904,478.7059197202325
1706175075253,738.7319942626867,466.7503898963332
1706175075264,705.7306375996396,454.6958823688328
1706175075275,711.4012420772895,457.44115952402353
1706175075295,708.9598635760401,453.0853407457471
1706175075327,710.3882789484795,448.3264446258545
1706175075328,708.0015975711596,448.5194383189082
1706175075331,699.8377792678565,444.12296675145626
1706175075346,700.2222815337702,441.8677384965122
1706175075354,684.2399061647515,453.1636151485145
1706175075366,559.880629709247,457.9072456806898
1706175075376,523.0499312920297,459.8294923081994
1706175075387,439.447075716805,452.1387699060142
1706175075398,382.2425349361131,445.0869248248637
1706175075409,372.23798860325076,444.0466565079987
1706175075421,374.61637761661314,445.1798844151199
1706175075431,375.73514740260765,451.4851897023618
1706175075442,378.3739430877505,452.0028978586197
1706175075479,382.2422914922987,454.29315185174346
1706175075480,380.56436634734473,455.6319812312722
1706175075487,382.47183314894846,459.4758286140859
1706175075498,383.6401890183684,456.31704637780786
1706175075511,381.07461202065883,457.63230938464403
1706175075520,375.85609682779483,451.94094721227884
1706175075531,370.13072876178563,453.3407681621611
1706175075542,367.5109311222387,452.2135406732559
1706175075554,374.38595042772056,460.40858486667275
1706175075564,380.45312929339946,462.0848868973553
1706175075576,383.2461135233798,460.6390674598515
1706175075587,376.38298562555485,457.67823001369834
1706175075624,375.7543114614269,459.6473545767367
1706175075625,378.8277034865048,461.5494570694864
1706175075630,378.2133767543842,459.23000257462263
1706175075642,379.034954300231,460.343477409333
1706175075654,381.11665283807366,464.3551683984697
1706175075664,429.15640581489026,459.6993570216
1706175075675,498.22715739078535,459.2112864367664
1706175075687,603.343946990012,455.4277670569718
1706175075697,786.2842169145767,459.6968903206289
1706175075709,819.258844750354,461.8874871172011
1706175075720,832.4765046884231,458.7432237342
1706175075731,818.6143953994563,461.3424612209201
1706175075742,821.3400068203252,457.84566309303045
1706175075776,823.1802643096066,457.7829161658883
1706175075777,829.8274565626748,460.07522102445364
1706175075792,830.0652923421179,464.74506109952927
1706175075797,824.2868978613593,463.53504871949553
1706175075809,825.6737798835078,461.6969176568091
1706175075820,825.4063438094029,462.6942611299455
1706175075831,851.6255544249109,462.2937743552029
1706175075842,906.836327927991,465.35908384248614
1706175075853,994.2228049554633,466.79699532687664
1706175075864,1156.2032991480235,470.4142265021801
1706175075875,1176.5755627192655,469.5062080398202
1706175075887,1182.4061849956013,466.1681352183223
1706175075897,1177.3297425370104,469.14823558181524
1706175075934,1179.4788632055358,469.39637791365385
1706175075935,1178.0126644405025,471.6919705271721
1706175075942,1180.771413612852,472.60117810219526
1706175075954,1177.5936847230196,473.2758190482855
1706175075964,1180.8139217017824,477.8092863038182
1706175075977,1183.5341200955818,478.48143577575684
1706175075987,1185.108576741486,479.5535234734416
1706175075997,1183.3800992299532,492.7742762491107
1706175076008,1155.8535352537244,556.4671885222197
1706175076018,1147.9188097083852,588.9234311878681
1706175076029,1035.1960939089345,899.826280027628
1706175076040,nan,nan
1706175076077,nan,nan
1706175076085,1489.4170985764626,653.5179704427719
1706175076096,1330.0772107565042,840.5980363488197
1706175076108,1330.0772107565042,840.5980363488197
1706175076119,1421.019797485814,602.391031011939
1706175076130,1419.3685792301053,518.8401460647583
1706175076142,1407.7692339220878,499.6088145300746
1706175076153,1377.0618669098549,494.04224194586277
1706175076164,1370.1332059187648,472.2314525395632
1706175076175,1373.4570639251772,481.0313817113638
1706175076186,1378.8431984637846,478.90729382634163
1706175076227,1379.3962539504394,476.29388608038425
1706175076228,1382.2743499634212,479.0798708796501
1706175076230,1380.6464023906067,490.22727124392986
1706175076244,1379.4071801123828,491.217964887619
1706175076253,1388.8176142861917,490.9060209989548
1706175076264,1465.6913030546268,491.8316001072526
1706175076274,1511.369405618292,489.3316889181733
1706175076286,1551.7810144745008,491.8377969413996
1706175076297,1579.7581144386238,490.2532299980521
1706175076308,1576.8117935541375,492.81266406178474
1706175076319,1575.4843607579805,489.5527293905616
1706175076331,1574.9047199520828,489.56038784235716
1706175076342,1578.6680278726506,488.3834458887577
1706175076353,1581.9935205335182,488.0736643448472
1706175076380,1585.9157654911992,486.75762452185154
1706175076410,1583.6101175850852,484.2738300561905
1706175076411,1580.756206538265,486.6368481889367
1706175076419,1577.5980324013024,488.00349961966276
1706175076438,1583.4082520771713,492.0177174732089
1706175076441,1580.2022887556075,489.1510287299752
1706175076452,1559.4146814909673,488.44041358679533
1706175076463,1475.1706034283752,489.7627741098404
1706175076475,1445.3472690060237,493.83637327700853
1706175076486,1431.3538161514025,495.9183432161808
1706175076497,1446.017740815967,498.7936105579138
1706175076508,1446.7431626783437,498.6423136666417
1706175076519,1445.2232000905594,497.29299284517765
1706175076530,1441.4372426237016,495.61478681862354
1706175076572,1443.2566472402973,497.51858450472355
1706175076573,1446.2378465782265,496.94045279175043
1706175076575,1444.9417717364447,493.08062847703695
1706175076589,1446.3234768421532,493.91658175736666
1706175076596,1447.3790796534781,496.28758039325476
1706175076610,1449.5837629208538,496.5047774836421
1706175076619,1448.706353483658,497.30866719037294
1706175076630,1448.0211331786898,492.6695777103305
1706175076641,1449.9099584312112,491.2426071241498
1706175076653,1449.50904123195,490.11412151157856
1706175076664,1449.043835760872,485.36646887660027
1706175076675,1448.1615101077284,484.3471622094512
1706175076686,1446.9150090251158,484.2687090858817
1706175076697,1452.3312325514155,487.93670758605003
1706175076738,1451.8222016794318,491.7075466364622
1706175076739,1455.139093985952,492.1453418210149
1706175076742,1456.4560131409146,487.40306850522757
1706175076756,1455.4170943352533,489.35393169522285
1706175076764,1452.842002936058,488.16121630370617
1706175076774,1454.1561879831352,490.4623616486788
1706175076785,1457.8514637472774,488.2966972887516
1706175076796,1456.3996085575516,490.1203643530607
1706175076807,1450.0827427253478,486.75446417182684
1706175076818,1449.1723056057212,487.7373896539211
1706175076829,1446.275729352453,469.877736736089
1706175076840,1443.9699359729175,485.74771396815777
1706175076852,1427.7333492202965,487.5486958771944
1706175076863,1407.5842350221621,494.63020861148834
1706175076907,1402.2537877450213,496.0754193365574
1706175076908,1404.3589245439923,500.14823637902737
1706175076928,1411.8764246356388,501.5934754163027
1706175076930,1405.0927458058093,501.2656766921282
1706175076942,1404.5720549792338,499.6741697192192
1706175076952,1404.1788877272575,493.528488650918
1706175076962,1406.7112583037722,489.12339247763157
1706175076973,1404.6428691591268,488.93078453838825
1706175076985,1404.1673239923605,487.0208855718374
1706175076996,1393.629345492134,489.89780209958553
1706175077007,1392.5951927868941,489.9962719529867
1706175077018,1408.4841691053718,523.676798120141
1706175077029,1490.9878797706156,504.41110264509916
1706175077066,1528.7833155985745,493.24943646788597
1706175077074,1610.5635295583725,475.832655467093
1706175077085,1609.9051799293266,478.3327789977193
1706175077098,1619.8931836757827,476.0628407821059
1706175077108,1621.6582921631475,475.8892232552171
1706175077119,1626.4870805887465,472.1299497410655
1706175077129,1621.6755872216613,473.46710693091154
1706175077141,1621.6812653628476,472.29320146143436
1706175077152,1621.6657752011054,476.7223594710231
1706175077163,1679.9261213822876,479.2640347033739
1706175077174,1737.4966415561219,481.0316365212202
1706175077212,1812.5483460160513,478.08217350393534
1706175077213,1903.6552057729832,472.7571465075016
1706175077219,1913.229436683748,471.0958994925022
1706175077230,1917.3431232231817,474.32483937591314
1706175077241,1915.7173159236854,474.4433471933007
1706175077252,1911.8617385278815,478.2514238730073
1706175077263,1913.797060143594,474.7020145878196
1706175077274,1915.3125499930504,478.77958100289106
1706175077285,1917.691458877138,476.6309570521116
1706175077296,1918.1768759352462,483.29650331288576
1706175077307,1914.624801276216,482.022712379694
1706175077319,1916.598114390631,486.07779536396265
1706175077360,1915.2921282640943,480.9363588690758
1706175077361,1916.7440432906321,480.5924469605088
1706175077363,1910.7989088266586,482.4470451101661
1706175077377,1911.9438869749508,483.9182959869504
1706175077386,1913.9340339722844,484.40132699906826
1706175077396,1919.2955011970937,482.10117258131504
1706175077408,1916.2500492747315,477.87564657628536
1706175077419,1915.8375369560908,475.5425225943327
1706175077430,1914.0500595569642,474.55309946089983
1706175077441,1889.0416237328684,476.61440148949623
1706175077452,1794.3128781694077,475.5037808790803
1706175077463,1485.9295596148092,476.56769696623087
1706175077473,1395.3350990168017,477.5615987367928
1706175077497,1161.4823639530412,493.00960022956133
1706175077519,709.2419059093793,571.6387655586004
1706175077520,679.982387320847,572.9017801582813
1706175077536,439.6342735150454,601.2940391898155
1706175077540,429.26516243757516,596.7028185725212
1706175077552,433.25735857861974,597.2209744155407
1706175077562,429.2595218717121,600.0243216753006
1706175077573,423.01525556682725,602.1675486117601
1706175077585,417.5591598737197,596.7599950730801
1706175077596,413.9826266839128,595.6462848931551
1706175077607,417.42896999002227,590.5370783060789
1706175077618,418.5427051911663,593.6975911259651
1706175077629,421.07523085359065,593.6662282794714
1706175077640,417.74520317016913,596.824200078845
1706175077677,413.04747758769923,589.9677976965904
1706175077693,412.8728972139067,591.2470988929272
1706175077696,386.79845203039633,590.176161378622
1706175077708,373.0479578941049,587.4930277466774
1706175077718,361.1601568770976,588.852084428072
1706175077729,364.43630271518543,583.8434640318155
1706175077740,366.9305951768504,582.4718862771988
1706175077752,368.56977431002167,582.5992558151484
1706175077763,363.44974376294005,580.5572167038918
1706175077774,358.10300892460384,577.2545553743839
1706175077785,362.6323963861511,575.2012833952904
1706175077796,367.401179182132,574.5372630655766
1706175077831,369.62094575392825,581.4582880586386
1706175077840,404.5827126358718,571.9535194337368
1706175077852,485.3591450937566,569.5087745785713
1706175077863,682.0612643679823,560.0497018545866
1706175077874,722.19575457969,551.9978519529104
1706175077885,730.4587130738844,547.2121477127075
1706175077896,719.4792711735622,546.5533792972565
1706175077907,721.5596727570754,551.4153707772493
1706175077919,726.3396652101372,552.5089155882597
1706175077929,727.9063537908979,550.5136553198099
1706175077940,730.3364264251852,548.7628072500229
1706175077951,728.4446023105673,549.21586625278
1706175077963,731.3791734821601,549.8293563723564
1706175078007,728.6048635507669,542.8497038781643
1706175078008,728.2808452511144,537.4879240989685
1706175078009,727.9985248848396,535.3194992989302
1706175078018,711.5574441060361,523.3553307130933
1706175078029,742.0101343260334,565.7921250909567
1706175078039,762.4169104801767,597.77219183743
1706175078050,813.9286588781638,660.6593705713749
1706175078061,nan,nan
1706175078072,nan,nan
1706175078083,nan,nan
1706175078094,nan,nan
1706175078105,nan,nan
1706175078117,nan,nan
1706175078128,nan,nan
1706175078140,nan,nan
1706175078176,1396.1906431411403,849.8411010950804
1706175078192,835.7439325953809,718.2523366063833
1706175078195,731.4816008242144,533.8041804730892
1706175078206,722.5841636292046,515.0836542248726
1706175078218,726.1404042481554,526.3944443315268
1706175078229,725.8326999020516,522.8557229042053
1706175078240,737.3974886632086,536.3421432673931
1706175078251,736.0336048164287,539.8227114230394
1706175078262,734.9741819548352,541.6442975401878
1706175078274,728.599307439129,539.3242184072733
1706175078313,728.2346530873399,539.5939629524946
1706175078314,732.7763448291748,540.0098834186792
1706175078318,720.9629141520209,547.078662738204
1706175078331,658.8141677473194,550.6494406610727
1706175078340,635.545881573159,552.6547659188509
1706175078351,621.5026678894551,552.7787663042545
1706175078362,628.1119401093324,556.1087913811207
1706175078373,631.2912138124702,558.4912069141865
1706175078385,634.1831709316945,560.1799309253693
1706175078395,630.0362475742126,560.2997906506062
1706175078407,628.1631237198392,558.6767721921206
1706175078447,629.9759784648395,556.2640979886055
1706175078448,626.7696422392494,547.9148991405964
1706175078452,623.4595031055263,546.2656423449516
1706175078474,628.9933553747114,551.3805821537971
1706175078475,634.130431445529,558.1872045993805
1706175078485,637.1260692717425,564.4797410815954
1706175078497,632.3091331835972,566.961433365941
1706175078506,626.4873096663282,563.3244898170233
1706175078518,623.1837656145688,557.8481022268534
1706175078528,620.930948942429,553.1253572553396
1706175078539,621.0456664304845,552.4752877652645
1706175078551,620.945030708603,551.0774362832308
1706175078562,622.274074822472,552.3157130926847
1706175078573,625.5899302969422,553.2684046775103
1706175078584,625.4916119536683,554.4147234410048
1706175078617,625.676118718231,559.9914070218801
1706175078618,622.3314222064329,556.0050908476114
1706175078636,621.1624990831004,560.7391394674778
1706175078640,624.2119575465933,566.0429570823908
1706175078651,625.3219920612682,565.100259706378
1706175078661,622.6026916809913,554.7325421124697
1706175078673,621.4626889916965,552.9183384031057
1706175078684,620.8005000746082,554.4040709733963
1706175078695,626.1368429401294,564.9831533432007
1706175078706,622.4627627324755,565.8730201423168
1706175078718,627.4050891722428,566.148391738534
1706175078729,697.861117505766,563.1250869482756
1706175078740,764.9431179543591,558.4772560745478
1706175078774,843.5803573441262,551.6784124076366
1706175078775,953.3771670902831,543.3806639164686
1706175078789,969.4879454621249,544.8001530021429
1706175078795,968.6422743646145,540.1900622993708
1706175078807,967.5708982690788,538.3051913231611
1706175078818,967.7829003909975,533.5575740784407
1706175078829,970.8718860307537,534.052761644125
1706175078840,973.5794464184373,536.8497174233198
1706175078851,972.8784147568123,539.3083848059177
1706175078861,970.8287176975452,540.3296131640673
1706175078873,939.8289862110854,539.2302643507719
1706175078911,872.3036700627339,544.9386138468981
1706175078912,703.2003747113594,553.7143431603909
1706175078917,642.0594154285686,553.3959299325943
1706175078929,638.6181206741117,547.023581340909
1706175078940,634.901505366611,544.9647177010775
1706175078951,636.0669322812458,545.2310364693403
1706175078962,636.9363316124168,550.9822860360146
1706175078973,637.9831487193023,555.8985661715269
1706175078984,634.0891351902433,555.054834112525
1706175078995,633.5951712785802,550.0829488039017
1706175079006,633.446083887832,545.2030144631863
1706175079017,631.4054126893184,542.7935466170311
1706175079028,625.2057379394246,541.2618704140186
1706175079039,622.7757221012637,538.3913595229387
1706175079082,609.8877141541295,541.2110641598701
1706175079083,580.8558875011288,547.3752401769161
1706175079084,567.2070693429005,552.1739963442087
1706175079099,567.1683849323233,551.0817397385836
1706175079106,565.7645698759794,548.1883030384779
1706175079118,564.5713648162379,550.3085263073444
1706175079128,571.4000691043246,550.0074896961451
1706175079139,572.1190506707585,550.9149100631475
1706175079151,576.7453820910516,551.3052999973297
1706175079162,576.4042189227985,548.3115036040545
1706175079173,578.1569542307925,549.0048624575138
1706175079213,579.4214427895247,552.3046359419823
1706175079214,622.3577247320618,551.6442254185677
1706175079218,719.2193895825689,541.6872259229422
1706175079229,986.071227306716,528.191901370883
1706175079240,1068.5310340858105,522.088610753417
1706175079251,1106.7350092738898,515.3757512569427
1706175079262,1110.3716086076254,512.9090785980225
1706175079273,1105.8118120751144,509.1012815013528
1706175079284,1109.1763500675747,511.1584782600403
1706175079294,1113.1984872589328,512.1430883184075
1706175079305,1117.9173544550376,514.3480217084289
1706175079317,1121.40673587002,517.3778029158711
1706175079328,1130.9650641019755,522.7537034079432
1706175079363,1131.046962118371,524.8490933328867
1706175079364,1130.7255565037988,522.3862746730447
1706175079379,1113.8101268604805,518.3619210496545
1706175079384,1110.9016218627316,519.3911546841264
1706175079396,1117.173144325705,518.7179045751691
1706175079406,1126.7121141953548,517.3518335446715
1706175079417,1168.6943846374122,518.8888430595398
1706175079428,1279.187521922085,520.1749533414841
1706175079439,1317.1637451999463,520.8969889208674
1706175079451,1329.751168231597,517.8239855915308
1706175079462,1325.3845463082441,518.6431709676981
1706175079473,1327.2721974272924,518.9819689840078
1706175079515,1327.786292804847,518.9206164330244
1706175079517,1335.8759103304715,518.3569062501192
1706175079535,1329.54866350616,520.2116848900914
1706175079540,1332.303641116152,519.9147570878267
1706175079551,1334.0113678024397,519.9664834886789
1706175079562,1337.2828001090645,523.5942857339978
1706175079573,1336.9414028247327,523.1164358556271
1706175079584,1334.5071567033967,521.7179933562875
1706175079594,1333.144486020767,521.8396933749318
1706175079606,1336.9820945915426,522.1184412017465
1706175079617,1339.834508094243,523.4905675053596
1706175079628,1368.2145613813348,528.5386621952057
1706175079648,1407.6171800815523,532.6872851699591
1706175079673,1467.668989086837,535.5944886803627
1706175079674,1617.6868809072832,534.7978115081787
1706175079691,1665.6029301841588,529.7964956611395
1706175079695,1656.1768258794837,532.7467408031225
1706175079707,1652.4406149554359,531.8464055657387
1706175079717,1651.999212541818,530.2855642512441
1706175079728,1654.157127501449,531.7570593208075
1706175079740,1657.5699474119433,535.6187097728252
1706175079751,1660.9905273169409,536.5695893764496
1706175079761,1654.9045816472903,531.8174421787262
1706175079773,1657.899241487375,529.7015896067023
1706175079808,1655.7161484344024,530.4557913914323
1706175079809,1659.1033728100608,533.6297631263733
1706175079816,1656.6086350524058,535.9030775725842
1706175079827,1655.5584103618824,536.0658727586269
1706175079839,1660.240956344843,536.6867735981941
1706175079850,1689.8735314091102,538.5395385324955
1706175079861,1808.0261673841933,529.9597226083279
1706175079872,1865.536177863903,526.3750221580267
1706175079883,1897.043360698182,523.6812856048346
1706175079894,1923.7504394208493,524.0198358893394
1706175079905,1916.0512346092803,527.700174972415
1706175079917,1917.2763714777095,528.5755813121796
1706175079927,1919.8587204224955,525.3979325294495
1706175079963,1925.0529287728848,528.3163618296385
1706175079964,1918.908260802778,533.1425666809082
1706175079972,1903.7824738489194,552.5523535907269
1706175079984,1837.6343628175096,600.6612330675125
1706175079996,1624.0762790074957,719.2111931741238
1706175080006,1525.3897663810922,757.8217945992947
1706175080017,1466.1705962952724,782.6684735715389
1706175080027,1434.3271207810765,802.4756647646427
1706175080038,1440.243240992526,802.9042266309261
1706175080050,1438.7161585837302,806.2889084219933
1706175080060,1436.3989256857196,808.610013872385
1706175080072,1436.1510766816705,811.4334344863892
1706175080084,1436.1095509980828,811.7942310869694
1706175080130,1434.161831699507,815.6677938997746
1706175080131,1428.050724362465,807.2733379900455
1706175080139,1421.4638148617405,800.0015318393707
1706175080151,1421.6896514656307,802.0297758281231
1706175080162,1425.8633247386135,805.84517121315
1706175080172,1433.2103213755834,812.4176517128944
1706175080183,1434.8312321557441,816.0713136196136
1706175080194,1427.6574364230921,806.1085879802704
1706175080205,1383.6851631903485,769.7794266045094
1706175080216,1293.0120605250272,698.7301997840405
1706175080227,1026.416471138974,560.359713435173
1706175080239,939.5073560364676,525.4700118675828
1706175080282,820.3992795938797,509.72279105335474
1706175080283,626.4243664797822,468.06200416758657
1706175080300,613.5265356489735,470.6067707389593
1706175080305,608.8723532432855,472.26566076278687
1706175080317,610.8580944264286,470.5611509270966
1706175080327,610.8824150579555,472.17803271487355
1706175080338,617.5157326734444,473.5711330547929
1706175080349,616.2069713536798,472.1690135076642
1706175080360,615.9483608325671,471.15471456199884
1706175080371,590.7276292901031,469.9872748926282
1706175080383,537.3151194601458,469.24221087247133
1706175080394,401.4439667194303,478.8643406704068
1706175080436,362.92525854989185,481.13566618412733
1706175080438,355.9620640059518,479.33536376804113
1706175080453,358.372523345345,482.4759164825082
1706175080461,357.37032141579385,483.21846425533295
1706175080472,355.3663883657931,483.72262325137854
1706175080483,361.3372995767002,492.9672062397003
1706175080493,356.41635224542864,495.9147900342941
1706175080504,352.68750328407214,487.0453543961048
1706175080515,386.0130799792347,482.1547321975231
1706175080526,409.46466730217367,449.7902812436223
1706175080537,793.0525178999786,475.4005439579487
1706175080548,nan,nan
1706175080559,nan,nan
1706175080570,nan,nan
1706175080625,nan,nan
1706175080626,nan,nan
1706175080627,885.8158870764258,891.8442621827126
1706175080641,900.502381998291,852.0677641034126
1706175080650,899.9040594783125,714.4690897315741
1706175080660,814.7456514430711,557.900083437562
1706175080671,803.1688953106334,468.0551154538989
1706175080683,764.161344165753,470.34980738535523
1706175080693,760.3568004170485,459.5979657024145
1706175080705,767.0857900134175,466.4947306737304
1706175080716,772.6091354419526,479.8517430201173
1706175080727,771.3709165643012,477.6646003127098
1706175080738,767.8490600758431,477.8019428253174
1706175080749,764.3484613759073,477.8614727780223
1706175080781,757.0970165896968,475.7959770038724
1706175080782,755.1117343186477,476.52177456766367
1706175080783,754.7429400795795,472.6359136402607
1706175080798,756.63300988257,471.3444081135094
1706175080805,782.0350297931718,476.7019746825099
1706175080816,856.5439467873167,479.4219920411706
1706175080827,1083.040609216504,471.46948259323835
1706175080838,1168.9778209287335,464.22742372378707
1706175080850,1210.570936534132,458.4201549179852
1706175080860,1234.053477974973,455.99533654749393
1706175080872,1230.5813178599155,458.88018580153584
1706175080912,1230.2266162830635,461.38826152309775
1706175080913,1230.5842180692161,458.5124916397035
1706175080916,1228.3592207086583,454.12096586078405
1706175080929,1227.7518931845527,454.0913689881563
1706175080938,1231.6402799627663,450.9388331323862
1706175080950,1233.6330864052811,444.7126870043576
1706175080961,1234.8003318283688,443.10414670035243
1706175080972,1235.4294256303285,449.59423691034317
1706175080983,1258.3602870314637,455.9019558131695
1706175080994,1313.6932544887388,466.58434765413404
1706175081005,1331.348489210871,466.30122028291225
1706175081015,1333.7076412017173,468.3657746762037
1706175081026,1330.5664094795961,467.5867289304733
1706175081065,1332.1724525189732,466.6815487667918
1706175081066,1334.538817092735,462.96217776834965
1706175081071,1332.120682532103,467.3975892364979
1706175081083,1328.3315824493488,497.7218024432659
1706175081093,1322.4383549016488,618.6788804829121
1706175081105,1325.6529481102252,692.9361209273338
1706175081116,1329.829217920418,772.0060542225838
1706175081127,1350.3698168608646,858.6302220821381
1706175081138,1358.4096976333835,873.6502721905708
1706175081149,1359.6315060020866,869.414383918047
1706175081160,1359.331253218855,870.6360697746277
1706175081171,1352.2437774642171,871.3297754526138
1706175081182,1354.9812794409795,872.8019393980503
1706175081200,1352.767252242351,874.7693262994289
1706175081222,1353.7475337444607,874.3354134261608
1706175081224,1352.5944799347992,873.8814555108547
1706175081227,1359.5062514708952,874.8024515807629
1706175081244,1359.4622176866521,871.1275555193424
1706175081249,1355.75352987266,874.5595045387745
1706175081261,1357.845788552684,885.8232326805592
1706175081271,1347.1443127227715,912.5420421361923
1706175081283,1334.6673983632616,938.9029711484909
1706175081294,1306.9042304550856,975.2937257289886
1706175081305,1310.7039388128926,971.7251986265182
1706175081316,1314.0666175919293,969.6159958839417
1706175081327,1310.127839963119,969.9365466833115
1706175081338,1309.136194832632,972.5676849484444
1706175081358,1315.9061660911655,970.3425720334053
1706175081384,1318.651566636949,971.374636888504
1706175081385,1311.8212874882367,968.7230288982391
1706175081393,1309.14117652462,970.5637186765671
1706175081404,1307.3848143987868,974.0648061037064
1706175081417,1305.9422597394018,973.5909163951874
1706175081426,1310.6508431470666,972.3546922206879
1706175081437,1314.9493416668017,974.0236967802048
1706175081448,1314.4551129540716,977.4525880813599
1706175081459,1311.2690553067403,985.2105006575584
1706175081471,1311.307331742555,981.5967589616776
1706175081482,1312.6221471140561,981.507320702076
1706175081493,1301.2254539503692,987.0878264307976
1706175081531,1297.8511990087773,993.7402606010437
1706175081532,1304.1539733092202,990.1474416255951
1706175081538,1306.3615467920017,992.4845293164253
1706175081549,1307.0194179125654,992.9481133818626
1706175081560,1306.6135763471802,994.6612283587456
1706175081571,1302.0972541787787,991.0165131092072
1706175081582,1300.5262211777758,992.5979197025299
1706175081593,1298.6603455879874,990.2893140912056
1706175081604,1303.381711405802,993.2070285081863
1706175081616,1301.4617903695994,994.5237725973129
1706175081627,1302.8540791732107,994.1958323121071
1706175081638,1300.2677201429556,991.8826401233673
1706175081683,1298.8519443756459,989.9963393807411
1706175081684,1299.7760076913391,990.167373418808
1706175081693,1302.7408329377217,986.9813442230225
1706175081704,1305.310225670359,989.2975375056267
1706175081715,1301.2568329719275,988.8834431767464
1706175081726,1304.7474533705413,990.1382118463516
1706175081737,1303.9028950829647,990.6894221901894
1706175081749,1307.3620304671622,991.0925596952438
1706175081759,1304.2050600105476,985.6512367725372
1706175081771,1305.1928798065878,981.4268574118614
1706175081782,1303.067476508109,980.9539303183556
1706175081793,1305.4618676461696,987.1801808476448
1706175081804,1305.9821687593026,992.0584589242935
1706175081816,1307.523534456995,989.6592259407043
1706175081858,1307.257950553039,988.859349489212
1706175081860,1303.4922834374424,987.0471134781837
1706175081876,1296.68781799707,997.588936984539
1706175081882,1299.1177740951432,991.9904246926308
1706175081893,1300.7639635705063,987.7686783671379
1706175081904,1301.9310866991736,986.9309768080711
1706175081915,1302.5837980360184,987.4074146151543
1706175081926,1321.2567018005939,923.9827215671539
1706175081937,1341.7878418351681,832.3644503951073
1706175081949,1368.3701841681832,713.6366188526154
1706175081959,1407.9347172791986,528.378464654088
1706175081971,1414.481561599257,493.85681115090847
1706175081982,1414.0106432685159,493.3180510997772
1706175082015,1412.7863232611223,498.32310415804386
1706175082016,1410.242729941749,503.2670170068741
1706175082034,1414.3710583796571,498.9697938784957
1706175082037,1419.0619773748713,501.68792847543955
1706175082049,1420.7617931783523,499.47101194411516
1706175082060,1417.7077171569454,496.1860988289118
1706175082071,1411.9199224322062,489.8049911484122
1706175082082,1408.121234641438,490.7744577154517
1706175082092,1407.3002210435882,487.09975630044937
1706175082104,1408.3019036738149,487.8245700150728
1706175082115,1431.142928271289,483.21895971894264
1706175082126,1532.1704600231965,468.78999415785074
1706175082168,1582.3021459507952,465.201935172081
1706175082171,1634.7434547907696,453.99158084765077
1706175082183,1629.9435165744467,455.6394645012915
1706175082193,1634.0126422741107,460.17344668507576
1706175082204,1633.8781166972008,456.01730858907104
1706175082215,1636.4643974148041,455.9496353380382
1706175082225,1634.0768518491147,453.5968963056803
1706175082237,1635.3116188157085,459.4637428410351
1706175082248,1636.7316258834555,456.34282641112804
1706175082259,1635.5045615427816,457.9102166928351
1706175082270,1636.5827582883712,453.1463340856135
1706175082281,1637.0256552358833,455.50925666466355
1706175082293,1642.8478277035795,453.5885035060346
1706175082314,1655.0192802927072,457.6792244799435
1706175082335,1697.8065830219512,462.1814403682947
1706175082336,1850.9310133626348,454.8923655413091
1706175082337,1898.0125238797175,453.4981220960617
1706175082350,1919.5137266785964,451.12489741295576
1706175082359,1920.627559054552,455.8986999094486
1706175082371,1922.852910578583,459.53648397699
1706175082382,1920.9467515001238,458.59592240303755
1706175082393,1916.0244254305062,456.1367471702397
1706175082404,1915.1395503817932,450.79426215961576
1706175082415,1918.1613912623855,452.3361979983747
1706175082426,1921.4361256128916,452.8161235153675
1706175082437,1925.0280509975175,452.82232565805316
1706175082449,1921.333014171334,453.60361337661743
1706175082479,1918.6009059003975,454.06723991036415
1706175082481,1916.6236109721433,452.78814397752285
1706175082497,1914.934685404221,448.60917208716273
1706175082503,1919.9671281873927,446.42194621264935
1706175082515,1914.8896487896138,450.6065044552088
1706175082525,1913.4704526826704,453.0638659372926
1706175082537,1913.1449624031882,455.24593191221356
1706175082549,1918.4769497572875,452.5385064072907
1706175082559,1943.036736867667,456.60961056128144
1706175082571,1950.1139884342356,453.99983916431665
1706175082582,1952.5602997376966,455.52705973386765
1706175082593,1924.7969616109958,451.9869209267199
1706175082612,1918.0726283172091,454.2613413184881
1706175082632,1743.3715561206325,453.43535747379065
1706175082633,1304.9828693593377,457.07910037599504
1706175082635,1304.9828693593377,457.07910037599504
1706175082651,793.2054269362305,506.1309453099966
1706175082659,550.8904314757947,563.0929667502642
1706175082669,534.484450468913,562.5383660197258
1706175082681,486.9056001988899,580.7296946644783
1706175082692,454.28227959272766,575.148056447506
1706175082703,448.12879613815176,572.5886400789022
1706175082714,444.76662503856284,576.0705530643463
1706175082725,448.96200765355985,581.6818341612816
1706175082737,450.1889181997838,582.7340643852949
1706175082748,448.0132218442537,580.720004811883
1706175082781,427.63076334304503,574.4192153215408
1706175082782,361.04101876388484,571.0072547197342
1706175082798,308.12220510023894,569.1796168684959
1706175082804,312.56869647558074,569.4460064172745
1706175082815,319.3114338635369,568.6217036098242
1706175082826,310.72448740637674,566.4446789771318
1706175082837,307.25727244732127,565.5349794775248
1706175082848,306.18293136942293,566.3125813007355
1706175082859,307.7266451333778,566.3210466504097
1706175082870,306.6209095456439,565.76878875494
1706175082882,305.75942436511025,565.429162606597
1706175082892,311.81402098378226,568.0002152919769
1706175082912,314.8414609621545,570.7323715090752
1706175082932,314.3934678476756,572.8764053434134
1706175082933,309.9148585106026,571.8974187970161
1706175082937,307.68893368500886,568.4679541736841
1706175082949,310.3342125850367,565.0466151535511
1706175082960,318.0537225886775,568.0139679461718
1706175082970,320.2248705629577,571.5575590729713
1706175082982,323.97651398455,579.5194186270237
1706175082992,418.7276917598416,620.4142205417156
1706175083004,535.5363827549522,653.96349132061
1706175083015,732.924553255234,708.3509705960751
1706175083026,1149.6217333819297,801.2102648615837
1706175083065,1280.2589805289526,836.5633204579353
1706175083066,1349.4955888942932,855.1165781915188
1706175083070,1399.1055904323368,876.8939167261124
1706175083081,1398.05626580679,877.9524676501751
1706175083094,1394.941761588906,877.290004491806
1706175083103,1391.983885857439,876.5211299061775
1706175083115,1394.460056844994,876.9653484225273
1706175083126,1402.1363919015798,876.7313197255135
1706175083137,1402.1090652008072,875.132954120636
1706175083148,1407.013455139079,873.4685502946377
1706175083159,1408.02173907187,874.544470757246
1706175083170,1411.5724426628642,872.5974403321743
1706175083182,1410.1696857321433,874.3697702884674
1706175083214,1406.6887934256397,874.7844308614731
1706175083215,1407.754789448513,877.85949036479
1706175083229,1403.489494850398,876.509889960289
1706175083237,1402.3789302916066,872.5613422691822
1706175083248,1401.662125738399,873.226622492075
1706175083258,1371.062554194412,877.1048568189144
1706175083269,1350.870191320978,874.2824554443359
1706175083281,1332.304211953989,872.8591725230217
1706175083291,1329.3109443666092,871.1448684334755
1706175083303,1333.849761850857,877.1079428493977
1706175083314,1332.8366001169136,877.2297561168671
1706175083325,1332.1909600806114,874.3700675666332
1706175083365,1328.7104634005857,871.959849447012
1706175083366,1330.3320389701562,870.8680175244808
1706175083370,1331.759570508547,870.0088836252689
1706175083381,1336.069142485521,868.3548137545586
1706175083394,1334.9559288314995,869.0316595137119
1706175083403,1336.095404437994,870.0969487428665
1706175083414,1334.1466956282227,871.0167557001114
1706175083425,1332.1131692038107,870.8901152014732
1706175083436,1331.6727387156745,872.5835673511028
1706175083448,1325.7998038154954,872.2304575145245
1706175083459,1333.2111917753027,868.6773747205734
1706175083470,1330.5827409437009,868.8631735742092
1706175083510,1334.4898728354767,869.6113802492619
1706175083512,1329.0838442675501,869.8102310299873
1706175083514,1326.4403576459283,867.2646805644035
1706175083529,1326.9911631058496,869.3127006292343
1706175083536,1325.5140992191268,871.1849726736546
1706175083548,1326.6990738941317,869.3259365856647
1706175083558,1326.9275841882468,874.41436201334
1706175083570,1332.4426442139916,878.4693919122219
1706175083581,1331.8200402115256,878.4137159585953
1706175083592,1302.3220983856152,880.5315539240837
1706175083603,1295.482983360306,876.5752203762531
1706175083614,1286.8239142528366,876.2099787592888
1706175083625,1293.1777748476302,871.7979460954666
1706175083667,1288.023430732214,872.5871063768864
1706175083668,1284.8941021462913,873.0421259999275
1706175083670,1286.8838191183029,872.8568650782108
1706175083685,1294.9091475420503,872.3868399858475
1706175083692,1292.0615363983288,866.0498462617397
1706175083703,1317.6489865992266,870.0600579380989
1706175083714,1367.2581978423132,872.4490135908127
1706175083725,1480.5137855529945,870.2455453574657
1706175083736,1497.3313728785063,860.5800695717335
1706175083748,1493.630082456973,856.0349270701408
1706175083758,1490.7746206049128,853.6787427961826
1706175083770,1491.2962258770501,856.298004090786
1706175083781,1490.9462315851194,855.7614877820015
1706175083816,1493.6815992674192,855.8370530605316
1706175083817,1492.0304311153932,855.5514253675938
1706175083824,1492.2872017447994,854.8579886555672
1706175083835,1476.583071693739,856.3431903719902
1706175083849,1543.8898752563207,885.8067974448204
1706175083857,1653.7551794610924,951.1995568871498
1706175083867,1743.3512087519766,981.4723834395409
1706175083878,nan,nan
1706175083889,nan,nan
1706175083901,nan,nan
1706175083912,nan,nan
1706175083948,nan,nan
1706175083949,nan,nan
1706175083964,733.4640035983123,837.8302775323391
1706175083970,639.1635973492209,739.2357371747494
1706175083980,625.9412935682554,660.3943400084972
1706175083991,552.6515490434219,542.3395674675703
1706175084002,607.3266106927776,463.8522953959182
1706175084014,529.8078278280614,576.200258359313
1706175084025,537.7481094597847,577.6003677397966
1706175084036,528.085277699926,578.9348140358925
1706175084047,524.398405431911,579.7871742397547
1706175084058,520.2094040405118,578.4251093864441
1706175084102,523.6131526817646,578.100198507309
1706175084103,527.1513869772525,575.5829744040966
1706175084120,530.1865541198483,575.6152998656034
1706175084125,534.6939766906343,578.5229280591011
1706175084136,531.8828844260438,577.1344974637032
1706175084147,528.3576081288076,575.0833913683891
1706175084158,535.08545685207,580.3418103605509
1706175084169,536.6747420398895,581.8981252610683
1706175084181,550.0110933774994,579.412929341197
1706175084191,619.1494182510244,562.4957490712404
1706175084202,666.3139662828826,553.2131817191839
1706175084213,715.2695547612709,545.115876570344
1706175084248,756.3363551497688,538.1466429680586
1706175084264,768.2132815536139,540.6955767422915
1706175084269,771.3171136625067,541.441773250699
1706175084281,770.6260969256759,544.7915531694889
1706175084291,768.6950836592549,541.4284240454435
1706175084302,769.7191541177391,541.1027628928423
1706175084313,766.6018148253526,538.716447353363
1706175084324,775.5166492974153,543.6335131525993
1706175084335,814.3622336248814,548.56270365417
1706175084347,888.3870029501251,544.6010190993547
1706175084382,1038.3927388303332,542.1837795525789
1706175084383,1061.2085914425688,532.8175850212574
1706175084391,1055.9996054161797,526.3512965291739
1706175084402,1056.6665014129999,531.6171403974295
1706175084415,1055.1384939455597,536.1027281731367
1706175084425,1055.3997061660975,531.8090546876192
1706175084436,1055.8698606032824,530.3704619407654
1706175084447,1055.6143524702593,528.6158695816994
1706175084458,1066.5629723484785,531.0847718268633
1706175084469,1074.0635362209687,531.0423813760281
1706175084480,1078.7425505373376,529.2588964104652
1706175084491,1070.8853425173193,531.1613634228706
1706175084512,1095.6097761704386,553.6410287022591
1706175084533,1174.415416564686,605.8224845677614
1706175084536,1479.698511530914,775.8994497358799
1706175084549,1517.551080916892,808.8887192308903
1706175084558,1528.2692969330612,838.0770467221737
1706175084568,1531.2126750337263,841.9924408197403
1706175084580,1530.2564931501245,843.6626769602299
1706175084591,1538.956651634946,851.069263368845
1706175084602,1538.444875708222,853.5138808190823
1706175084613,1543.5996222645804,853.947751224041
1706175084624,1547.3864647726912,849.7444078326225
1706175084635,1548.8692049149379,851.0063111782074
1706175084667,1542.9907314457594,849.2359489202499
1706175084668,1538.197480914314,850.4464656114578
1706175084669,1537.8593944217184,843.0516570806503
1706175084684,1543.2917433216458,838.7445919215679
1706175084691,1545.3183330950962,840.9609705209732
1706175084702,1544.5132638793955,850.1334600150585
1706175084713,1546.4690438230734,855.0788946449757
1706175084724,1548.5427698583928,853.3528126776218
1706175084735,1547.361298644456,849.5745629072189
1706175084747,1546.193084014679,851.3529516756535
1706175084757,1541.0952629376397,852.2937096655369
1706175084769,1540.7887175627275,855.291023850441
1706175084780,1536.7704990975808,852.0151175558567
1706175084818,1538.1508844895152,851.2673072516918
1706175084824,1548.4538758244212,855.6248247623444
1706175084836,1553.95023993116,830.8117523789406
1706175084847,1582.8209828407932,769.1969878971577
1706175084858,1644.3356083846072,622.7937694638968
1706175084869,1669.02230073113,581.636718660593
1706175084880,1674.9086976098079,559.4860482960939
1706175084891,1677.9337980052371,555.5540207773447
1706175084902,1680.0384350211264,554.863691329956
1706175084913,1681.7681133127649,549.830736592412
1706175084924,1679.8461419643859,548.4473384916782
1706175084946,1676.0180789510562,547.955010458827
1706175084966,1674.552128772448,552.1394766867161
1706175084969,1672.0136067155433,545.590827986598
1706175084982,1673.44455154676,546.9968758523464
1706175084990,1673.5406844506554,547.3822969943285
1706175085002,1670.1631511392557,551.4908086508512
1706175085013,1668.4651398626686,547.513035684824
1706175085024,1669.4444797883,543.9768765121698
1706175085035,1666.095495526528,537.2753843665123
1706175085046,1668.0423439553206,538.6494889855385
1706175085057,1703.1229145759237,531.5276525914669
1706175085098,1741.813101990933,530.6280251592398
1706175085099,1823.6283308198283,525.7234521210194
1706175085102,1818.8714698368935,524.2865545675159
1706175085114,1818.5459942674966,522.4038211628795
1706175085124,1813.3116712626875,523.8495096564293
1706175085136,1812.1856096756571,526.5048725530505
1706175085147,1806.6256771019357,527.8113570064306
1706175085158,1816.3326787774731,522.4031027406454
1706175085168,1824.4592724105119,520.3483620658517
1706175085180,1830.426007625626,519.3149276077747
1706175085190,1826.9065157995265,517.8899211809039
1706175085202,1799.2041643212567,522.2976787015796
1706175085213,1751.441804526852,526.3000302016735
1706175085248,1622.7723701079085,534.9284864962101
1706175085249,1596.624897645697,530.1628910005093
1706175085265,1595.4554685864182,525.440694577992
1706175085268,1596.020016659765,524.5669834315777
1706175085280,1595.959989205307,526.5265490859747
1706175085291,1596.073396534298,530.3984060883522
1706175085302,1596.4087103548484,534.1980315744877
1706175085313,1596.2119955602755,538.1969891488552
1706175085324,1595.2536790302859,537.6937609165907
1706175085335,1592.849246314874,532.6287850737572
1706175085346,1581.2908542515968,512.5334357842803
1706175085382,1631.9624735962066,586.9619756937027
1706175085383,1648.7595694291206,615.1566367596388
1706175085389,nan,nan
1706175085401,nan,nan
1706175085412,nan,nan
1706175085422,nan,nan
1706175085433,nan,nan
1706175085445,nan,nan
1706175085456,nan,nan
1706175085468,nan,nan
1706175085480,1415.623940319688,811.3186001777649
1706175085491,1396.2926037657687,893.4271410107613
1706175085502,1385.7378723935444,888.8791248202324
1706175085537,1385.3652700787707,890.1392161846161
1706175085538,1381.6606146013476,848.5352076590061
1706175085546,1385.090815432958,861.930788308382
1706175085557,1389.3635378012252,860.0742436945438
1706175085569,1390.7478856217467,859.018000215292
1706175085579,1390.9423352997483,855.2872158586979
1706175085590,1384.5775692411755,861.163230240345
1706175085601,1384.2300794316143,858.8867023587227
1706175085613,1380.8102906708266,862.0240770280361
1706175085623,1381.6971070949558,856.4068078994751
1706175085635,1386.0913298344626,866.6584596037865
1706175085646,1384.9742120655153,855.5089004337788
1706175085685,1388.6317290695415,888.1340608000755
1706175085689,1787.6680363350983,1134.5549821853638
1706175085702,1787.6680363350983,1134.5549821853638
1706175085711,1932.7380647467235,1221.4653581380844
1706175085722,nan,nan
1706175085733,nan,nan
1706175085744,nan,nan
1706175085755,nan,nan
1706175085766,nan,nan
1706175085777,nan,nan
1706175085788,nan,nan
1706175085800,nan,nan
1706175085835,nan,nan
1706175085836,nan,nan
1706175085851,nan,nan
1706175085854,nan,nan
1706175085864,nan,nan
1706175085883,nan,nan
1706175085901,nan,nan
1706175085913,nan,nan
1706175085922,nan,nan
1706175085934,nan,nan
1706175085945,nan,nan
1706175085984,nan,nan
1706175085989,nan,nan
1706175086001,nan,nan
1706175086012,nan,nan
1706175086022,nan,nan
1706175086034,nan,nan
1706175086045,nan,nan
1706175086055,nan,nan
1706175086067,nan,nan
1706175086079,nan,nan
1706175086089,nan,nan
1706175086100,nan,nan
1706175086139,nan,nan
1706175086140,nan,nan
1706175086146,nan,nan
1706175086155,nan,nan
1706175086168,nan,nan
1706175086179,nan,nan
1706175086189,nan,nan
1706175086200,nan,nan
1706175086213,nan,nan
1706175086222,nan,nan
1706175086234,nan,nan
1706175086246,nan,nan
1706175086284,nan,nan
1706175086285,nan,nan
1706175086289,nan,nan
1706175086300,nan,nan
1706175086313,nan,nan
1706175086321,nan,nan
1706175086333,nan,nan
1706175086345,nan,nan
1706175086355,nan,nan
1706175086367,nan,nan
1706175086379,nan,nan
1706175086420,nan,nan
1706175086422,nan,nan
1706175086438,nan,nan
1706175086445,nan,nan
1706175086456,nan,nan
1706175086467,nan,nan
1706175086478,nan,nan
1706175086488,nan,nan
1706175086500,nan,nan
1706175086512,nan,nan
1706175086522,nan,nan
1706175086533,nan,nan
1706175086567,nan,nan
1706175086568,nan,nan
1706175086583,nan,nan
1706175086588,nan,nan
1706175086600,nan,nan
1706175086612,nan,nan
1706175086622,nan,nan
1706175086634,nan,nan
1706175086645,nan,nan
1706175086656,nan,nan
1706175086667,nan,nan
1706175086699,nan,nan
1706175086701,nan,nan
1706175086716,nan,nan
1706175086723,nan,nan
1706175086736,nan,nan
1706175086747,nan,nan
1706175086759,nan,nan
1706175086770,nan,nan
1706175086781,nan,nan
1706175086792,nan,nan
1706175086803,nan,nan
1706175086834,nan,nan
1706175086835,nan,nan
1706175086837,nan,nan
1706175086851,1369.4782276631508,779.4878803193569
1706175086858,1369.4782276631508,779.4878803193569
1706175086870,1349.5605205451627,787.8736160695553
1706175086881,1379.433945268571,747.04230427742
1706175086893,1358.318676276551,746.0572376847267
1706175086903,1360.4843196510021,737.3784422874451
1706175086915,1356.1105752984724,747.3713345825672
1706175086926,1355.721720304207,752.1944887936115
1706175086938,1356.7671079412655,756.3138157129288
1706175086949,1353.2448399513664,756.2633067369461
1706175086988,1359.5731936327832,753.2196454703808
1706175086993,1361.2036546752443,747.511338442564
1706175087006,1360.9075234620534,749.7540049254894
1706175087016,1361.4199339497497,750.409559905529
1706175087026,1360.111658711768,751.117067784071
1706175087037,1356.6676083120167,746.6831497848034
1706175087049,1354.8833165217163,748.426615446806
1706175087060,1351.8327338472732,750.871629267931
1706175087071,1354.2861377989195,754.6268187463284
1706175087082,1354.7568001537672,751.2335158884525
1706175087093,1359.2506184368704,755.3129933774471
1706175087103,1366.5551510016073,754.2523331940174
1706175087142,1368.701445755797,757.4886307120323
1706175087149,1367.5618589038086,760.1958721876144
1706175087160,1364.1479646280038,766.4705790579319
1706175087171,1363.907339498567,768.9154513180256
1706175087182,1362.8648542784815,764.994677901268
1706175087193,1359.7202860786801,767.135264724493
1706175087205,1357.3369219176443,763.7211807072163
1706175087216,1357.707128492912,766.3897760212421
1706175087227,1361.7773361189693,762.9317939281464
1706175087239,1361.8525192155505,764.3179878592491
1706175087248,1361.8785554683348,765.66451638937
1706175087259,1360.4466641909632,765.3319470584393
1706175087270,1359.602151898644,768.200596421957
1706175087307,1357.8012714222882,766.7578771710396
1706175087315,1354.073578659095,764.4649989902973
1706175087326,1260.7733708007563,783.9949995279312
1706175087338,1208.3837403460516,788.0696214735508
1706175087349,1061.4561479287731,801.1325903236866
1706175087360,834.0798605503747,809.8662123084068
1706175087371,817.7796099345193,814.61411267519
1706175087383,811.078801298748,815.50133228302
1706175087393,822.189083561221,817.3866704106331
1706175087404,822.0410754568741,817.5817131996155
1706175087416,823.1405837049339,815.8704668283463
1706175087452,819.2835020199009,810.6812216341496
1706175087459,826.280878682042,819.5538565516472
1706175087470,832.1000075679103,821.366786211729
1706175087484,871.9261246843508,828.1553454697132
1706175087492,1042.046144490401,845.1687164604664
1706175087504,1143.2031043112124,856.9705322384834
1706175087515,1207.5594616707267,856.6258311271667
1706175087526,1264.2606355334638,856.7391790449619
1706175087538,1257.953266824794,850.9158253669739
1706175087549,1259.7496249267106,852.3760840296745
1706175087587,1255.692115490012,846.1341485381126
1706175087588,1259.7525837769267,845.7470498979092
1706175087592,1269.6884255065029,855.5528692901134
1706175087606,1272.0476762466137,859.6406705677509
1706175087615,1272.7270978122012,855.2717432379723
1706175087627,1275.1176070399297,854.8753015697002
1706175087637,1274.4183321651442,853.4354135394096
1706175087648,1278.7927854987506,856.9243125617504
1706175087659,1346.9290959024315,838.0238905549049
1706175087671,1424.7491527169138,812.0523817837238
1706175087682,1562.2915699682376,776.187639683485
1706175087693,1769.6088504258862,730.1838576793671
1706175087704,1863.419116348941,717.5820805132389
1706175087743,1908.9459327573463,712.8587551414967
1706175087744,1901.9087341689049,717.7751272916794
1706175087749,1905.0558134605724,715.6176380813122
1706175087760,1908.054365084913,714.171776175499
1706175087771,1909.4279231654227,717.2049336135387
1706175087782,1912.876987381082,715.0082886219025
1706175087793,1909.3101651903137,719.5199094712734
1706175087804,1905.6205309600043,720.9770679473877
1706175087816,1906.7556450950701,722.0312304794788
1706175087826,1912.7316427695093,719.5204757153988
1706175087837,1910.9309340677958,715.2629427611828
1706175087848,1907.8382340587686,713.3139304816723
1706175087865,1909.8927202562322,712.1609583497047
1706175087886,1912.545092674167,711.8902653455734
1706175087887,1930.1842745972692,710.0827008485794
1706175087892,1959.177602641425,704.0364593267441
1706175087903,1971.2409573567475,706.2882706522942
1706175087915,1975.2879490250916,705.1480390131474
1706175087925,1970.5682983906916,708.3107389509678
1706175087937,1973.5521523027953,703.2674290239811
1706175087948,1969.7938148592984,703.9632581174374
1706175087959,1970.007124081987,705.3406752645969
1706175087970,1969.085610450088,698.9245489239693
1706175087982,1984.3964251998118,713.5524466633797
1706175088020,2008.6448024929377,708.5619390010834
1706175088021,nan,nan
1706175088024,nan,nan
1706175088035,nan,nan
1706175088050,nan,nan
1706175088056,nan,nan
1706175088068,nan,nan
1706175088079,nan,nan
1706175088090,nan,nan
1706175088101,nan,nan
1706175088111,nan,nan
1706175088122,nan,nan
1706175088134,nan,nan
1706175088173,nan,nan
1706175088174,nan,nan
1706175088178,nan,nan
1706175088189,nan,nan
1706175088199,nan,nan
1706175088219,nan,nan
1706175088238,nan,nan
1706175088248,nan,nan
1706175088259,nan,nan
1706175088270,nan,nan
1706175088302,nan,nan
1706175088304,nan,nan
1706175088319,nan,nan
1706175088327,nan,nan
1706175088337,nan,nan
1706175088348,nan,nan
1706175088358,nan,nan
1706175088371,nan,nan
1706175088382,nan,nan
1706175088392,nan,nan
1706175088404,nan,nan
1706175088415,nan,nan
1706175088434,nan,nan
1706175088454,nan,nan
1706175088458,nan,nan
1706175088473,nan,nan
1706175088482,nan,nan
1706175088492,nan,nan
1706175088503,nan,nan
1706175088515,nan,nan
1706175088525,nan,nan
1706175088536,nan,nan
1706175088548,nan,nan
1706175088558,nan,nan
1706175088570,nan,nan
1706175088603,nan,nan
1706175088604,nan,nan
1706175088619,nan,nan
1706175088624,nan,nan
1706175088636,nan,nan
1706175088648,nan,nan
1706175088658,nan,nan
1706175088669,nan,nan
1706175088681,nan,nan
1706175088691,nan,nan
1706175088703,nan,nan
1706175088715,nan,nan
1706175088751,nan,nan
1706175088752,nan,nan
1706175088758,nan,nan
1706175088769,nan,nan
1706175088781,nan,nan
1706175088792,nan,nan
1706175088803,nan,nan
1706175088815,nan,nan
1706175088825,nan,nan
1706175088837,nan,nan
1706175088849,nan,nan
1706175088886,nan,nan
1706175088887,nan,nan
1706175088890,nan,nan
1706175088904,nan,nan
1706175088916,nan,nan
1706175088926,nan,nan
1706175088937,nan,nan
1706175088949,nan,nan
1706175088960,nan,nan
1706175088971,nan,nan
1706175088982,nan,nan
1706175089019,nan,nan
1706175089020,nan,nan
1706175089021,nan,nan
1706175089040,nan,nan
1706175089058,nan,nan
1706175089073,nan,nan
1706175089086,1195.249897069314,861.2639226019382
1706175089094,1195.249897069314,861.2639226019382
1706175089107,1250.9607306063713,859.8998263478279
1706175089119,1336.3529304122435,848.5093161463737
1706175089130,1324.1122068910374,839.1489610075951
1706175089170,1316.9552261468232,832.798108458519
1706175089174,1307.8707391628914,846.3573761284351
1706175089186,1314.8828259512327,844.8034040629864
1706175089197,1319.9271743661009,839.2730392515659
1706175089208,1320.5511355195254,832.9978086054325
1706175089219,1318.440845984048,830.2862353622913
1706175089230,1315.3939058823219,836.6152592003345
1706175089241,1318.9638099806461,838.6651337146759
1706175089253,1319.1597984794355,838.7420438230038
1706175089264,1324.8602983680562,836.6356015205383
1706175089303,1325.107114455145,836.4851221442223
1706175089304,1324.1421881903934,838.5787531733513
1706175089308,1322.71019892373,843.4551626443863
1706175089319,1324.8094900389221,842.3474758863449
1706175089332,1362.802797613426,832.6626911759377
1706175089341,1424.2546012122539,816.0242587327957
1706175089353,1499.6908449452606,792.9789155721664
1706175089364,1746.1224482205143,738.4488418698311
1706175089374,1915.2463734331882,702.9285319149494
1706175089385,1945.9271031417852,700.9505987167358
1706175089396,1936.2313727442884,706.9710053503513
1706175089407,1944.988987529866,705.4831705987453
1706175089419,1940.5642289073899,708.0538906157017
1706175089455,1941.8137766831017,709.8601527512074
1706175089456,1940.899150443174,706.9638706743717
1706175089463,1938.5746459080801,712.3195491731167
1706175089474,1942.3220085534065,716.1170370876789
1706175089485,1939.7595708085623,718.2438924908638
1706175089496,1937.798351982071,717.6048576831818
1706175089507,1936.983751992667,729.3949522078037
1706175089518,1935.121179626244,730.4549612104893
1706175089529,1944.3886281305845,737.4136060476303
1706175089540,1960.0522964646993,721.1272358894348
1706175089551,1986.8930118855706,713.8834163546562
1706175089562,2026.8279280089025,765.1752531528473
1706175089605,2013.3083206222843,809.0985834598541
1706175089606,2013.3083206222843,809.0985834598541
1706175089621,nan,nan
1706175089628,nan,nan
1706175089639,nan,nan
1706175089650,nan,nan
1706175089660,nan,nan
1706175089671,nan,nan
1706175089682,nan,nan
1706175089693,nan,nan
1706175089710,nan,nan
1706175089754,nan,nan
1706175089755,nan,nan
1706175089761,nan,nan
1706175089773,nan,nan
1706175089785,nan,nan
1706175089794,nan,nan
1706175089806,nan,nan
1706175089818,nan,nan
1706175089828,nan,nan
1706175089839,nan,nan
1706175089851,nan,nan
1706175089861,nan,nan
1706175089873,nan,nan
1706175089903,nan,nan
1706175089904,nan,nan
1706175089906,nan,nan
1706175089920,nan,nan
1706175089928,nan,nan
1706175089940,nan,nan
1706175089951,nan,nan
1706175089961,nan,nan
1706175089973,nan,nan
1706175089985,nan,nan
1706175089995,nan,nan
1706175090035,nan,nan
1706175090037,nan,nan
1706175090040,nan,nan
1706175090051,nan,nan
1706175090061,nan,nan
1706175090073,nan,nan
1706175090085,nan,nan
1706175090095,nan,nan
1706175090106,nan,nan
1706175090117,nan,nan
1706175090127,nan,nan
1706175090139,nan,nan
1706175090151,nan,nan
1706175090186,nan,nan
1706175090187,nan,nan
1706175090194,nan,nan
1706175090206,nan,nan
1706175090218,nan,nan
1706175090227,nan,nan
1706175090239,nan,nan
1706175090251,nan,nan
1706175090261,nan,nan
1706175090272,nan,nan
1706175090284,nan,nan
1706175090294,nan,nan
1706175090337,nan,nan
1706175090339,nan,nan
1706175090353,nan,nan
1706175090361,nan,nan
1706175090373,nan,nan
1706175090385,nan,nan
1706175090394,nan,nan
1706175090406,nan,nan
1706175090418,nan,nan
1706175090428,nan,nan
1706175090476,nan,nan
1706175090477,nan,nan
1706175090491,nan,nan
1706175090493,nan,nan
1706175090506,nan,nan
1706175090517,nan,nan
1706175090527,nan,nan
1706175090539,nan,nan
1706175090551,nan,nan
1706175090561,nan,nan
1706175090573,nan,nan
1706175090585,nan,nan
1706175090623,nan,nan
1706175090624,nan,nan
1706175090627,nan,nan
1706175090639,nan,nan
1706175090652,nan,nan
1706175090661,nan,nan
1706175090673,nan,nan
1706175090684,nan,nan
1706175090693,nan,nan
1706175090705,nan,nan
1706175090718,nan,nan
1706175090727,nan,nan
1706175090738,nan,nan
1706175090774,nan,nan
1706175090775,nan,nan
1706175090784,nan,nan
1706175090793,nan,nan
1706175090806,nan,nan
1706175090817,nan,nan
1706175090827,nan,nan
1706175090839,nan,nan
1706175090850,nan,nan
1706175090860,nan,nan
1706175090872,nan,nan
1706175090907,nan,nan
1706175090908,nan,nan
1706175090925,nan,nan
1706175090927,nan,nan
1706175090939,nan,nan
1706175090950,nan,nan
1706175090960,nan,nan
1706175090972,nan,nan
1706175090984,nan,nan
1706175090993,nan,nan
1706175091005,nan,nan
1706175091017,nan,nan
1706175091036,nan,nan
1706175091056,nan,nan
1706175091060,nan,nan
1706175091073,nan,nan
1706175091084,nan,nan
1706175091094,nan,nan
1706175091105,nan,nan
1706175091117,nan,nan
1706175091127,nan,nan
1706175091139,nan,nan
1706175091150,nan,nan
1706175091186,nan,nan
1706175091188,nan,nan
1706175091193,nan,nan
1706175091205,nan,nan
1706175091218,nan,nan
1706175091227,nan,nan
1706175091239,nan,nan
1706175091250,nan,nan
1706175091260,nan,nan
1706175091272,nan,nan
1706175091283,nan,nan
1706175091294,nan,nan
1706175091305,nan,nan
1706175091340,nan,nan
1706175091341,nan,nan
1706175091360,nan,nan
1706175091372,nan,nan
1706175091384,nan,nan
1706175091394,nan,nan
1706175091406,nan,nan
1706175091417,nan,nan
1706175091427,nan,nan
1706175091439,nan,nan
1706175091450,nan,nan
1706175091494,nan,nan
1706175091495,nan,nan
1706175091510,nan,nan
1706175091517,nan,nan
1706175091528,nan,nan
1706175091539,nan,nan
1706175091550,nan,nan
1706175091560,nan,nan
1706175091572,nan,nan
1706175091583,nan,nan
1706175091593,nan,nan
1706175091605,nan,nan
1706175091641,nan,nan
1706175091642,nan,nan
1706175091657,nan,nan
1706175091660,nan,nan
1706175091672,nan,nan
1706175091683,nan,nan
1706175091694,nan,nan
1706175091705,nan,nan
1706175091717,nan,nan
1706175091727,nan,nan
1706175091738,nan,nan
1706175091750,nan,nan
1706175091761,nan,nan
1706175091798,nan,nan
1706175091805,nan,nan
1706175091817,nan,nan
1706175091829,nan,nan
1706175091839,nan,nan
1706175091850,nan,nan
1706175091861,nan,nan
1706175091872,nan,nan
1706175091883,nan,nan
1706175091895,nan,nan
1706175091905,nan,nan
1706175091917,nan,nan
1706175091955,nan,nan
1706175091956,nan,nan
1706175091961,nan,nan
1706175091973,nan,nan
1706175091985,nan,nan
1706175091994,nan,nan
1706175092006,nan,nan
1706175092017,nan,nan
1706175092027,nan,nan
1706175092040,nan,nan
1706175092057,nan,nan
1706175092071,nan,nan
1706175092104,nan,nan
1706175092105,nan,nan
1706175092122,nan,nan
1706175092127,nan,nan
1706175092140,nan,nan
1706175092148,nan,nan
1706175092165,nan,nan
1706175092188,nan,nan
1706175092202,nan,nan
1706175092243,nan,nan
1706175092244,nan,nan
1706175092260,1346.8275542974027,875.5669236183167
1706175092265,1349.2412385373325,870.1628595590591
1706175092275,1349.2412385373325,870.1628595590591
1706175092287,1349.3661409402812,878.9386950433254
1706175092298,1347.5454113144851,868.2635776698589
1706175092309,1345.5099668355172,874.4737610220909
1706175092321,1341.0252002381671,872.7418467402458
1706175092332,1335.6116609787803,868.3638453483582
1706175092343,1332.0136034601871,863.2404401898384
1706175092354,1334.0319840562106,861.3605946302414
1706175092392,1333.9807176955178,855.7505592703819
1706175092398,1338.2122389781434,855.5331781506538
1706175092411,1340.9690232663008,855.3959347307682
1706175092420,1340.0807602580423,853.6567725241184
1706175092431,1337.5401240107137,853.9813153445721
1706175092442,1334.0683335433957,857.1592189371586
1706175092453,1332.581432170228,859.467626363039
1706175092464,1335.4555019527072,861.0506042838097
1706175092476,1339.4816443052828,865.3862789273262
1706175092487,1338.0110895601586,867.6057294011116
1706175092498,1335.802093700589,866.5789164602757
1706175092509,1335.3156423463358,864.4933544099331
1706175092541,1337.3458630736695,862.6680664718151
1706175092542,1337.640475848538,864.8739695549011
1706175092561,1334.9067612363672,856.7060254514217
1706175092564,1333.4506627267854,858.299408107996
1706175092577,1331.2886494709512,858.411156386137
1706175092587,1336.666938308948,853.4149296581745
1706175092598,1393.8343501835461,934.882128238678
1706175092608,1420.9816053052034,966.067598760128
1706175092619,1460.8831509289623,1051.7946660518646
1706175092629,nan,nan
1706175092641,nan,nan
1706175092652,nan,nan
1706175092692,nan,nan
1706175092693,nan,nan
1706175092696,nan,nan
1706175092711,nan,nan
1706175092720,nan,nan
1706175092730,nan,nan
1706175092742,nan,nan
1706175092753,1459.6127916641044,1002.5742068886757
1706175092764,1374.2102094547179,983.4547758102417
1706175092775,1348.4481727425853,902.4149358272552
1706175092787,1308.9994316429058,880.2039958536625
1706175092797,1300.3351176014896,836.0280357301235
1706175092820,1306.9196026932088,850.6148666143417
1706175092841,1307.0681047606279,868.2904034852982
1706175092842,1303.3282837566376,864.3673226237297
1706175092857,1297.6667998715861,865.1030860841274
1706175092864,1296.523230195087,868.7447719275951
1706175092876,1301.1008867411272,871.7161945998669
1706175092887,1300.9357488071503,867.6452957093716
1706175092897,1299.113485916948,873.4130442142487
1706175092909,1332.7896096450897,864.3277563154697
1706175092920,1433.1099510725494,839.6586939692497
1706175092931,1682.0664437848448,775.5651533603668
1706175092943,1799.6518379018917,754.0958799421787
1706175092953,1879.5062614679296,734.3349792063236
1706175092994,1935.8837738792054,728.3483490347862
1706175092995,1928.7041138800266,726.6493901610374
1706175092998,1926.7199942161103,730.7248897850513
1706175093012,1926.7536775730127,730.4649695754051
1706175093020,1926.0981895998932,731.4482241868973
1706175093031,1932.416679719076,733.5777409374714
1706175093043,1931.1698861980474,736.1242398619652
1706175093054,1930.0704959258176,738.0538299679756
1706175093065,1931.0992129345325,738.5173998773098
1706175093076,1931.8646340097462,739.2915688455105
1706175093087,1931.2635170294948,739.9143524467945
1706175093098,1930.8085145806558,744.8364436626434
1706175093120,1934.4277299295582,739.9744734168053
1706175093140,1937.5188390618393,738.0627058446407
1706175093141,1940.373426693321,734.9164552986622
1706175093142,1939.2839410137544,736.3468021154404
1706175093158,1937.8711988795296,736.9873657822609
1706175093164,1939.429181058905,732.7834986150265
1706175093176,1940.4494906951336,736.7887273430824
1706175093186,1944.2245941819579,736.2691134214401
1706175093197,1939.7775319270427,738.354916125536
1706175093209,1939.7042093478997,734.4897054135799
1706175093220,1936.8491837425734,733.343443274498
1706175093230,1940.519387353385,731.9586649537086
1706175093243,1939.673846231666,733.6218230426311
1706175093253,1939.8303841979412,736.4810444414616
1706175093292,1940.4267434587118,733.7736189365387
1706175093293,1943.6124238696536,731.124771386385
1706175093298,1940.1052380257447,734.6647456288338
1706175093310,1937.6301137500689,735.4186572134495
1706175093320,1939.3086119281697,733.3858408033848
1706175093331,1944.8579585828668,729.7742933034897
1706175093342,1948.0912358319447,727.5505110621452
1706175093353,1954.986782962584,725.9024009108543
1706175093364,1946.7129381483153,729.6290799975395
1706175093376,1943.0453334626275,730.3356677293777
1706175093387,1940.9741997685423,732.0629388093948
1706175093398,1945.3937205375437,729.9411229789257
1706175093409,1948.3332903873352,728.232254832983
1706175093445,1946.4281361584021,730.402173101902
1706175093446,1949.246836645048,726.5948183834553
1706175093453,1945.8579461008264,732.0544876158237
1706175093464,1948.1008236925325,732.5035758316517
1706175093478,1947.7170789376312,730.100704729557
1706175093487,1945.8313807393195,730.7478934526443
1706175093497,1940.5559495521907,732.5323410332203
1706175093508,1940.1949068661643,731.4933255314827
1706175093519,1941.8353819744857,728.0930578708649
1706175093530,1942.006816911776,727.920551598072
1706175093542,1943.701971233516,727.9272474348545
1706175093553,1944.961793433287,730.6371077895164
1706175093593,1949.5637582372751,730.0668716430664
1706175093594,1945.7234620177096,730.0648048520088
1706175093597,1943.6644602023396,729.0966548025608
1706175093610,1945.1591679063658,729.1126936674118
1706175093619,1937.735388367393,732.5286038219929
1706175093630,1862.2108735276654,750.9468406438828
1706175093641,1806.6723071081822,766.6160471737385
1706175093653,1630.3136000072452,801.2609012424946
1706175093664,1358.2777665072053,842.655286192894
1706175093675,1326.2629147197003,850.2426743507385
1706175093686,1302.9670102497635,853.2885581254959
1706175093697,1304.5945411716777,853.4321434795856
1706175093709,1303.1528988358828,852.6801712810993
1706175093745,1300.8204831179364,853.9882801473141
1706175093746,1299.9944374531758,853.4844219684601
1706175093753,1302.2338152158145,855.9348292648792
1706175093763,1302.5337302463804,855.8103829622269
1706175093776,1300.5451418486684,852.3506172001362
1706175093786,1298.9800216164274,852.2363916039467
1706175093797,1300.123441035856,849.1300754249096
1706175093808,1297.903132246059,852.3660190403461
1706175093819,1298.7117392164737,850.982953608036
1706175093830,1298.0396302749068,851.5950918197632
1706175093842,1298.3442862267286,849.3682518601418
1706175093853,1299.3131494761428,847.5438416004181
1706175093873,1292.5961819815434,847.4189423024654
1706175093894,1295.8930933695033,840.3816744685173
1706175093897,1306.8886697117634,888.1628684699535
1706175093910,1308.108969357181,911.1370205879211
1706175093918,1392.5938249954895,971.1288020014763
1706175093930,1806.0873629658752,923.6874252557755
1706175093940,1985.5920712629834,1034.4553083181381
1706175093952,2179.808150826955,1118.0550813674927
1706175093962,nan,nan
1706175093973,nan,nan
1706175093984,nan,nan
1706175093995,nan,nan
1706175094007,nan,nan
1706175094044,nan,nan
1706175094045,nan,nan
1706175094051,nan,nan
1706175094060,nan,nan
1706175094072,nan,nan
1706175094083,nan,nan
1706175094093,nan,nan
1706175094111,nan,nan
1706175094131,nan,nan
1706175094142,nan,nan
1706175094154,nan,nan
1706175094197,nan,nan
1706175094198,nan,nan
1706175094214,nan,nan
1706175094220,nan,nan
1706175094230,nan,nan
1706175094242,nan,nan
1706175094254,nan,nan
1706175094264,nan,nan
1706175094275,nan,nan
1706175094287,nan,nan
1706175094297,nan,nan
1706175094308,nan,nan
1706175094344,nan,nan
1706175094345,nan,nan
1706175094353,nan,nan
1706175094363,nan,nan
1706175094376,nan,nan
1706175094386,nan,nan
1706175094396,nan,nan
1706175094408,nan,nan
1706175094420,nan,nan
1706175094429,nan,nan
1706175094441,nan,nan
1706175094454,nan,nan
1706175094496,nan,nan
1706175094497,nan,nan
1706175094514,nan,nan
1706175094519,nan,nan
1706175094529,nan,nan
1706175094541,nan,nan
1706175094553,nan,nan
1706175094562,nan,nan
1706175094574,nan,nan
1706175094586,nan,nan
1706175094596,nan,nan
1706175094608,nan,nan
1706175094643,nan,nan
1706175094645,nan,nan
1706175094661,nan,nan
1706175094663,nan,nan
1706175094675,nan,nan
1706175094686,nan,nan
1706175094696,nan,nan
1706175094708,nan,nan
1706175094720,nan,nan
1706175094729,nan,nan
1706175094741,nan,nan
1706175094753,nan,nan
1706175094792,nan,nan
1706175094793,nan,nan
1706175094796,nan,nan
1706175094810,nan,nan
1706175094820,nan,nan
1706175094830,nan,nan
1706175094842,nan,nan
1706175094853,nan,nan
1706175094863,nan,nan
1706175094875,nan,nan
1706175094887,nan,nan
1706175094896,nan,nan
1706175094907,nan,nan
1706175094947,nan,nan
1706175094953,nan,nan
1706175094965,nan,nan
1706175094974,nan,nan
1706175094987,nan,nan
1706175094996,nan,nan
1706175095008,nan,nan
1706175095019,nan,nan
1706175095029,nan,nan
1706175095041,nan,nan
1706175095053,nan,nan
1706175095068,nan,nan
1706175095098,nan,nan
1706175095099,nan,nan
1706175095114,nan,nan
1706175095120,nan,nan
1706175095130,nan,nan
1706175095141,nan,nan
1706175095153,nan,nan
1706175095163,nan,nan
1706175095174,nan,nan
1706175095186,nan,nan
1706175095196,nan,nan
1706175095208,nan,nan
1706175095243,nan,nan
1706175095259,nan,nan
1706175095263,nan,nan
1706175095276,nan,nan
1706175095286,nan,nan
1706175095295,nan,nan
1706175095307,nan,nan
1706175095319,nan,nan
1706175095329,nan,nan
1706175095340,nan,nan
1706175095377,nan,nan
1706175095378,nan,nan
1706175095393,nan,nan
1706175095395,nan,nan
1706175095408,nan,nan
1706175095419,nan,nan
1706175095429,nan,nan
1706175095440,nan,nan
1706175095453,nan,nan
1706175095462,nan,nan
1706175095474,nan,nan
1706175095486,nan,nan
1706175095505,nan,nan
1706175095527,nan,nan
1706175095528,nan,nan
1706175095529,nan,nan
1706175095544,nan,nan
1706175095553,nan,nan
1706175095563,nan,nan
1706175095574,nan,nan
1706175095586,nan,nan
1706175095596,nan,nan
1706175095608,nan,nan
1706175095619,nan,nan
1706175095629,nan,nan
1706175095641,nan,nan
1706175095675,nan,nan
1706175095676,nan,nan
1706175095691,nan,nan
1706175095695,nan,nan
1706175095707,nan,nan
1706175095718,nan,nan
1706175095728,nan,nan
1706175095740,nan,nan
1706175095752,nan,nan
1706175095762,nan,nan
1706175095774,nan,nan
1706175095785,nan,nan
1706175095827,nan,nan
1706175095828,nan,nan
1706175095829,nan,nan
1706175095845,nan,nan
1706175095852,nan,nan
1706175095863,nan,nan
1706175095874,nan,nan
1706175095885,nan,nan
1706175095895,nan,nan
1706175095907,nan,nan
1706175095919,nan,nan
1706175095929,nan,nan
1706175095941,nan,nan
1706175095978,nan,nan
1706175095979,nan,nan
1706175095986,nan,nan
1706175095996,nan,nan
1706175096008,nan,nan
1706175096019,nan,nan
1706175096028,nan,nan
1706175096040,nan,nan
1706175096052,nan,nan
1706175096062,nan,nan
1706175096073,nan,nan
1706175096109,nan,nan
1706175096110,nan,nan
1706175096127,nan,nan
1706175096128,nan,nan
1706175096141,nan,nan
1706175096152,nan,nan
1706175096162,nan,nan
1706175096174,nan,nan
1706175096185,nan,nan
1706175096195,nan,nan
1706175096207,nan,nan
1706175096219,nan,nan
1706175096241,nan,nan
1706175096262,nan,nan
1706175096279,nan,nan
1706175096287,nan,nan
1706175096296,nan,nan
1706175096307,nan,nan
1706175096319,nan,nan
1706175096329,nan,nan
1706175096340,nan,nan
1706175096352,nan,nan
1706175096362,nan,nan
1706175096374,nan,nan
1706175096410,nan,nan
1706175096411,nan,nan
1706175096418,nan,nan
1706175096428,nan,nan
1706175096440,nan,nan
1706175096451,nan,nan
1706175096461,nan,nan
1706175096473,nan,nan
1706175096485,nan,nan
1706175096495,nan,nan
1706175096507,nan,nan
1706175096518,nan,nan
1706175096528,nan,nan
1706175096562,nan,nan
1706175096578,nan,nan
1706175096585,nan,nan
1706175096596,nan,nan
1706175096606,nan,nan
1706175096618,nan,nan
1706175096629,nan,nan
1706175096640,nan,nan
1706175096652,nan,nan
1706175096662,nan,nan
1706175096674,nan,nan
1706175096710,nan,nan
1706175096711,nan,nan
1706175096726,nan,nan
1706175096729,nan,nan
1706175096742,nan,nan
1706175096752,nan,nan
1706175096762,nan,nan
1706175096773,nan,nan
1706175096784,nan,nan
1706175096795,nan,nan
1706175096806,nan,nan
1706175096844,nan,nan
1706175096845,nan,nan
1706175096852,nan,nan
1706175096862,nan,nan
1706175096875,nan,nan
1706175096885,nan,nan
1706175096895,nan,nan
1706175096907,nan,nan
1706175096919,nan,nan
1706175096928,nan,nan
1706175096940,nan,nan
1706175096952,nan,nan
1706175096961,nan,nan
1706175096994,nan,nan
1706175096995,nan,nan
1706175097012,nan,nan
1706175097018,nan,nan
1706175097029,nan,nan
1706175097040,nan,nan
1706175097051,nan,nan
1706175097061,nan,nan
1706175097073,nan,nan
1706175097085,nan,nan
1706175097095,nan,nan
1706175097107,nan,nan
1706175097145,nan,nan
1706175097146,nan,nan
1706175097152,nan,nan
1706175097163,nan,nan
1706175097173,nan,nan
1706175097184,nan,nan
1706175097194,nan,nan
1706175097206,nan,nan
1706175097218,nan,nan
1706175097228,nan,nan
1706175097239,nan,nan
1706175097251,nan,nan
1706175097261,nan,nan
1706175097294,nan,nan
1706175097295,nan,nan
1706175097313,nan,nan
1706175097319,nan,nan
1706175097330,nan,nan
1706175097340,nan,nan
1706175097351,nan,nan
1706175097362,nan,nan
1706175097374,nan,nan
1706175097385,nan,nan
1706175097396,nan,nan
1706175097407,nan,nan
1706175097444,nan,nan
1706175097445,nan,nan
1706175097463,nan,nan
1706175097474,nan,nan
1706175097485,nan,nan
1706175097496,nan,nan
1706175097508,nan,nan
1706175097519,1555.807152432526,975.247859954834
1706175097530,1555.807152432526,975.247859954834
1706175097541,1555.807152432526,975.247859954834
1706175097553,1542.5987092733408,1043.2763159275055
1706175097595,1555.3266901978516,1030.6932389736176
1706175097598,1564.4045343602218,1030.2688673138618
1706175097613,1564.7179190675129,1023.9321142435074
1706175097621,1572.2253831269018,1021.5925917029381
1706175097632,1567.4333478228612,1006.6205874085426
1706175097643,1537.4533108088447,996.5433672070503
1706175097654,1488.502894871654,947.89869338274
1706175097665,1371.6999217968578,874.2730274796486
1706175097676,1350.8428711172683,863.3526273071766
1706175097687,1355.6322144717676,878.1825892627239
1706175097698,1355.9940935940306,879.5787490904331
1706175097710,1364.621352560572,886.4041708409786
1706175097744,1365.8324281106552,880.8153130114079
1706175097745,1365.00852890117,876.1417180299759
1706175097761,1365.8740155985404,875.0554777681828
1706175097765,1364.5328412544668,879.4672697782516
1706175097777,1363.9723343831788,880.5287651717663
1706175097787,1356.4509316818069,880.1856778562069
1706175097798,1356.040473568019,884.7265027463436
1706175097810,1358.3151269203745,889.5995996892452
1706175097821,1359.4940467120723,893.2303428649902
1706175097832,1355.9496451785417,895.9852337837219
1706175097843,1355.3328883621073,894.46891695261
1706175097854,1352.6189768270863,892.3525795340538
1706175097876,1356.5764939411968,886.8563167750835
1706175097896,1354.834598827087,885.1359397172928
1706175097897,1352.6543868781316,883.6060754954815
1706175097899,1352.3188836020158,889.555149525404
1706175097913,1331.989452354331,880.4479196667671
1706175097920,1417.9996466691912,947.6741775870323
1706175097931,1568.8258193153254,1096.1555048823357
1706175097941,1658.1238530119685,1156.653055548668
1706175097952,nan,nan
1706175097962,nan,nan
1706175097974,nan,nan
1706175097985,nan,nan
1706175097996,nan,nan
1706175098008,nan,nan
1706175098045,nan,nan
1706175098052,1545.61873406855,864.8176848888397
1706175098063,1411.9435669670688,910.0841462612152
1706175098076,1389.308442186638,886.0330402851105
1706175098087,1333.3247417059818,857.8034207224846
1706175098098,1332.9469349157484,833.84919911623
1706175098110,1333.09063395204,836.5036100149155
1706175098120,1334.8182587220294,841.9968858361244
1706175098131,1334.790654655157,839.0250384807587
1706175098143,1334.1384579378064,840.8935874700546
1706175098154,1332.81833092159,834.741373360157
1706175098195,1330.6761935762613,834.8713263869286
1706175098196,1330.468725774947,840.9102067351341
1706175098198,1330.9412517196781,848.5031299293041
1706175098213,1333.2895077962557,850.3673046827316
1706175098221,1341.6462650769881,844.5727728307247
1706175098233,1339.4239744351848,842.0273780822754
1706175098243,1337.5171352310997,834.3664065003395
1706175098254,1329.7121886577333,830.9754818677902
1706175098265,1330.3432321327377,834.2018559575081
1706175098277,1334.1594999188674,836.3332837820053
1706175098287,1335.2930053072023,839.6989397704601
1706175098298,1332.4346905449715,838.6187016963959
1706175098309,1330.8816783643454,834.4376116991043
1706175098347,1329.3897634820337,836.298742890358
1706175098348,1331.1726052341899,836.1546196043491
1706175098353,1328.9531005266892,840.3265789151192
1706175098364,1324.3801762556905,837.0267771184444
1706175098375,1322.7591807552508,837.6252263784409
1706175098387,1326.261450803543,831.050169467926
1706175098398,1334.785953252562,833.6211159825325
1706175098409,1334.5462949039825,829.1910201311111
1706175098420,1334.5820432038618,832.619784027338
1706175098431,1330.2997432477089,831.3777841627598
1706175098442,1343.8923450539862,833.916100859642
1706175098454,1389.3715310054413,846.4282415807247
1706175098495,1468.2108110735342,856.5820179879665
1706175098496,1491.1172778618065,858.2181520760059
1706175098498,1494.4390336738243,853.8624607026577
1706175098511,1495.075600153371,852.5215946137905
1706175098521,1498.1365942755997,857.0974700152874
1706175098531,1494.632627936233,855.1729194819927
1706175098543,1496.285833077964,853.7261940538883
1706175098554,1487.0556943481386,851.2528397142887
1706175098565,1488.5455384946072,850.1160621643066
1706175098576,1490.165526352467,853.4965679049492
1706175098587,1493.752968978692,853.2183580100536
1706175098598,1496.2347144470368,853.7014350295067
1706175098610,1494.6517469056419,850.5638338625431
1706175098646,1537.4392215430987,870.0788006186485
1706175098647,1679.0045270495236,899.7661024332047
1706175098654,1825.2475761136275,915.1299193501472
1706175098664,1858.5089098992028,915.4996767640114
1706175098675,1854.5966246202868,913.9340966939926
1706175098687,1850.3162203017328,916.7327016592026
1706175098697,1852.2521968481922,920.5765083432198
1706175098709,1851.4163087847305,919.7816431522369
1706175098720,1855.0404988261967,921.2107583880424
1706175098731,1852.8816465279779,920.9926128387451
1706175098742,1853.9677354182504,921.9901368021965
1706175098754,1850.8263704998203,920.9689438343048
1706175098794,1852.5077198609945,921.1248025298119
1706175098795,1853.618999523138,920.8859041333199
1706175098797,1856.8287048691657,919.7861447930336
1706175098809,1850.6813315271338,920.460994541645
1706175098822,1842.9333335659567,921.1107030510902
1706175098831,1825.7521085773167,920.7876890897751
1706175098842,1824.94405688471,917.593052983284
1706175098853,1824.0538669538773,918.123397231102
1706175098864,1824.0131072056597,914.7254228591919
1706175098876,1822.8729632750187,918.2459607720375
1706175098887,1823.7080346031444,918.3604836463928
1706175098898,1827.070012105669,916.6913658380508
1706175098909,1827.1598332664892,916.6295036673546
1706175098946,1826.198053823425,915.8401876688004
1706175098947,1821.382408717007,920.1821476221085
1706175098961,1815.7790635447518,918.7349408864975
1706175098964,1818.7569906495469,915.7142549753189
1706175098976,1814.3894255873738,915.3117969632149
1706175098987,1772.1389794807462,908.6347877979279
1706175098998,1642.4065148050968,890.3429508209229
1706175099009,1563.534291150801,890.6381338834763
1706175099020,1518.6877378762913,884.757462143898
1706175099031,1481.370047891148,886.412763595581
1706175099042,1484.1028381621493,877.965958416462
1706175099053,1474.3198869775213,878.0022971332073
1706175099074,1476.6917136863242,872.9213744401932
1706175099096,1476.862465986179,871.0707470774651
1706175099097,1478.848449221155,871.5045608580112
1706175099113,1477.2296774329213,872.4670201539993
1706175099120,1476.0828220529318,869.9573270976543
1706175099132,1474.5230692078158,875.5092941224575
1706175099142,1473.1562561973979,879.1298449039459
1706175099153,1473.513726434728,880.1612585783005
1706175099164,1476.2703732922264,872.6407438516617
1706175099175,1478.2717610365285,870.4952023923397
1706175099186,1479.0621053735547,866.4980851113796
1706175099197,1479.5692186453362,866.99533239007
1706175099228,1478.8311629437057,870.0674191117287
1706175099229,1478.9838239396252,871.251916885376
1706175099230,1477.0162352349334,876.4924213290215
1706175099247,1474.1613196074688,876.4842107892036
1706175099253,1471.0301965453723,876.9679814577103
1706175099263,1470.9731956866756,869.9203372001648
1706175099275,1472.1916521256123,871.9319052994251
1706175099286,1473.0094198889608,874.9231889843941
1706175099297,1475.1167824722677,873.9403165876865
1706175099308,1473.2811701901392,874.2124535143375
1706175099319,1483.0977902111167,867.1225391328335
1706175099330,1483.740363393343,868.4891268610954
1706175099342,1483.6441679459053,869.3163812160492
1706175099379,1473.2220612811918,873.427214473486
1706175099395,1449.9276718643769,873.9760182797909
1706175099397,1410.4678845094504,876.4087021350861
1706175099409,1395.7947498031958,873.0232134461403
1706175099420,1393.067441701626,872.4941574037075
1706175099430,1398.4362199296622,875.0105604529381
1706175099442,1396.4001818227882,875.0848941504955
1706175099453,1399.0299579085004,872.3420359194279
1706175099465,1397.9647357987644,870.0819008052349
1706175099475,1403.1406354218595,871.5839341282845
1706175099515,1401.2419998727646,873.3338974416256
1706175099516,1399.1417892840764,876.1580683290958
1706175099520,1396.7060101649201,875.9033292531967
1706175099532,1395.057669656004,873.5430397093296
1706175099542,1392.9301266269254,878.8339398801327
1706175099553,1392.6624632217809,876.5375509858131
1706175099564,1395.5556174172798,881.1954326927662
1706175099575,1392.332364750294,878.2568238675594
1706175099586,1389.3362237744998,880.2343040704727
1706175099597,1393.3225109130922,877.12222635746
1706175099608,1393.6408419226402,879.1894987225533
1706175099619,1396.2087962486225,880.415304005146
1706175099636,1393.7120623081187,879.0570542216301
1706175099661,1391.8008768614302,879.293616861105
1706175099662,1396.746338303074,877.1887458860874
1706175099664,1397.4115983691022,880.3932204842567
1706175099677,1400.8975391568918,877.4686686694622
1706175099686,1399.4235794785873,874.2722630500793
1706175099698,1393.828748037701,871.1827784776688
1706175099708,1393.189081379557,872.7015443146229
1706175099719,1396.5290177612756,877.0100392401218
1706175099730,1401.8375238283563,874.775130301714
1706175099741,1398.3915180808294,876.7775394022465
1706175099752,1396.4780233345323,876.3116478919983
1706175099764,1398.0274026952948,877.3746438324451
1706175099775,1398.791209602207,875.4555433988571
1706175099811,1397.7980752495969,872.1340827643871
1706175099812,1395.9380042280889,877.6350595057011
1706175099819,1393.320973657305,883.6266443133354
1706175099830,1394.7145439380001,883.134663105011
1706175099842,1396.7397639163325,885.95300167799
1706175099853,1520.04026467951,903.0052170157433
1706175099863,1816.3961367649754,964.3897041678429
1706175099874,1816.3961367649754,964.3897041678429
1706175099885,1870.8286191324555,964.795446395874
1706175099895,nan,nan
1706175099906,nan,nan
1706175099918,nan,nan
1706175099928,nan,nan
1706175099963,nan,nan
1706175099964,nan,nan
1706175099979,nan,nan
1706175099983,nan,nan
1706175099994,nan,nan
1706175100005,nan,nan
1706175100016,nan,nan
1706175100027,nan,nan
1706175100037,nan,nan
1706175100056,nan,nan
1706175100075,nan,nan
1706175100112,nan,nan
1706175100114,nan,nan
1706175100120,nan,nan
1706175100130,nan,nan
1706175100143,nan,nan
1706175100153,nan,nan
1706175100163,nan,nan
1706175100175,nan,nan
1706175100186,nan,nan
1706175100196,nan,nan
1706175100207,nan,nan
1706175100219,nan,nan
1706175100229,nan,nan
1706175100264,nan,nan
1706175100265,nan,nan
1706175100282,nan,nan
1706175100288,nan,nan
1706175100297,nan,nan
1706175100308,nan,nan
1706175100320,nan,nan
1706175100330,nan,nan
1706175100341,nan,nan
1706175100353,nan,nan
1706175100363,nan,nan
1706175100375,nan,nan
1706175100414,nan,nan
1706175100415,nan,nan
1706175100419,nan,nan
1706175100431,nan,nan
1706175100440,nan,nan
1706175100453,nan,nan
1706175100462,nan,nan
1706175100474,nan,nan
1706175100486,nan,nan
1706175100496,nan,nan
1706175100507,nan,nan
1706175100519,nan,nan
1706175100529,nan,nan
1706175100565,nan,nan
1706175100574,nan,nan
1706175100586,nan,nan
1706175100596,nan,nan
1706175100608,nan,nan
1706175100619,nan,nan
1706175100629,nan,nan
1706175100641,nan,nan
1706175100653,nan,nan
1706175100663,nan,nan
1706175100674,nan,nan
1706175100714,nan,nan
1706175100716,nan,nan
1706175100720,nan,nan
1706175100733,nan,nan
1706175100741,nan,nan
1706175100753,nan,nan
1706175100763,nan,nan
1706175100774,nan,nan
1706175100785,nan,nan
1706175100795,nan,nan
1706175100807,nan,nan
1706175100819,nan,nan
1706175100829,nan,nan
1706175100867,nan,nan
1706175100868,nan,nan
1706175100874,nan,nan
1706175100886,nan,nan
1706175100896,nan,nan
1706175100907,nan,nan
1706175100919,nan,nan
1706175100929,nan,nan
1706175100941,nan,nan
1706175100952,nan,nan
1706175100962,nan,nan
1706175100974,nan,nan
1706175101018,nan,nan
1706175101019,nan,nan
1706175101037,nan,nan
1706175101041,nan,nan
1706175101054,nan,nan
1706175101062,nan,nan
1706175101074,nan,nan
1706175101086,nan,nan
1706175101096,nan,nan
1706175101108,nan,nan
1706175101119,nan,nan
1706175101129,nan,nan
1706175101147,nan,nan
1706175101167,nan,nan
1706175101168,nan,nan
1706175101174,nan,nan
1706175101185,nan,nan
1706175101195,nan,nan
1706175101207,nan,nan
1706175101218,nan,nan
1706175101228,nan,nan
1706175101240,nan,nan
1706175101252,nan,nan
1706175101262,nan,nan
1706175101274,nan,nan
1706175101285,nan,nan
1706175101295,nan,nan
1706175101331,nan,nan
1706175101332,nan,nan
1706175101340,nan,nan
1706175101352,nan,nan
1706175101364,nan,nan
1706175101374,nan,nan
1706175101386,nan,nan
1706175101396,nan,nan
1706175101407,nan,nan
1706175101419,nan,nan
1706175101429,nan,nan
1706175101441,nan,nan
1706175101461,nan,nan
1706175101482,nan,nan
1706175101483,nan,nan
1706175101486,nan,nan
1706175101502,nan,nan
1706175101508,nan,nan
1706175101519,nan,nan
1706175101528,nan,nan
1706175101540,nan,nan
1706175101551,nan,nan
1706175101562,nan,nan
1706175101573,nan,nan
1706175101585,nan,nan
1706175101595,nan,nan
1706175101634,nan,nan
1706175101635,nan,nan
1706175101640,nan,nan
1706175101653,nan,nan
1706175101662,nan,nan
1706175101674,nan,nan
1706175101685,nan,nan
1706175101696,nan,nan
1706175101707,nan,nan
1706175101719,nan,nan
1706175101729,nan,nan
1706175101741,nan,nan
1706175101784,nan,nan
1706175101785,nan,nan
1706175101786,nan,nan
1706175101803,nan,nan
1706175101807,nan,nan
1706175101820,nan,nan
1706175101829,nan,nan
1706175101841,nan,nan
1706175101859,nan,nan
1706175101874,nan,nan
1706175101884,nan,nan
1706175101895,nan,nan
1706175101931,nan,nan
1706175101948,nan,nan
1706175101954,1654.7710861428197,996.4439630508423
1706175101966,1674.897003995643,984.1441780328751
1706175101975,1674.897003995643,984.1441780328751
1706175101987,1690.2516650877665,984.6609324216843
1706175101997,1704.5599349631539,997.6779222488403
1706175102009,1704.5599349631539,997.6779222488403
1706175102020,1683.1359137576437,983.8027611374855
1706175102031,1677.7052725743977,977.0236864686012
1706175102043,1670.0270491469666,971.8345403671265
1706175102063,1668.199009387466,971.614696085453
1706175102084,1666.8799613922006,968.5540333390236
1706175102085,1668.5142219727036,971.3105380535126
1706175102088,1669.5874877367391,971.4338660240173
1706175102103,1685.237222950401,943.7075525522232
1706175102111,1703.7060629518746,919.6265488862991
1706175102121,1726.3907845334224,888.9045208692551
1706175102132,1754.250491425175,872.4824078381062
1706175102143,1753.7496607051282,878.8981519639492
1706175102154,1751.2115608891766,884.1018222272396
1706175102165,1745.9523051028518,878.5089157521725
1706175102177,1743.34190700331,879.3657846748829
1706175102188,1725.0628786769341,874.9087780714035
1706175102199,1626.4311435495129,870.0066328048706
1706175102210,1565.3748789744611,861.7372885346413
1706175102253,1515.9568455451752,861.2286455929279
1706175102254,1486.0743120636027,860.1164855062962
1706175102255,1488.3318989675727,861.0283933579922
1706175102270,1485.8495392351763,860.4479365050793
1706175102276,1485.3977639431896,860.8847938477993
1706175102287,1488.1383840892947,860.6779731810093
1706175102298,1487.050354983289,859.1478116810322
1706175102309,1481.6995450559348,860.5344019830227
1706175102321,1481.6209071943745,865.2496300637722
1706175102331,1479.99969641578,867.5750531256199
1706175102343,1486.2875402927941,867.4754790961742
1706175102354,1489.2013473407605,866.0096570849419
1706175102365,1486.677561313223,870.5025777220726
1706175102398,1473.8871433072086,874.5307393372059
1706175102418,1397.359036408211,880.4846830666065
1706175102421,1398.175229390655,875.3294266760349
1706175102433,1403.6890083171847,879.8625223338604
1706175102443,1406.653019892316,878.9800450205803
1706175102454,1412.1671137456656,878.3072762191296
1706175102465,1410.2322818329078,876.6349591314793
1706175102477,1406.4267456967245,875.8307226002216
1706175102488,1406.125940300699,878.0142448842525
1706175102499,1406.2397438617645,877.2771649062634
1706175102510,1410.2611566653,883.4606498479843
1706175102553,1410.9957379177279,885.2366603910923
1706175102554,1409.9144584506835,888.9623910188675
1706175102571,1404.803335821685,890.6463585793972
1706175102577,1403.976816922593,889.7336862981319
1706175102588,1406.0954657717969,890.4059737920761
1706175102598,1404.4140828522843,890.7690495252609
1706175102608,1408.1538472014747,892.2888770699501
1706175102620,1401.9156145070785,895.4297199845314
1706175102631,1394.178084684963,895.8188146352768
1706175102641,1394.0717787221233,896.1757466197014
1706175102654,1395.2703298135734,894.8797836899757
1706175102664,1434.6161709541066,898.1989935040474
1706175102701,1444.0005648677156,903.5731315612793
1706175102702,1456.633315126196,904.3334558606148
1706175102709,1451.7433778955537,903.8503080606461
1706175102720,1449.4219562005624,900.1870483160019
1706175102734,1444.3131948939515,898.6315615475178
1706175102742,1448.6871792203478,896.9834372401237
1706175102753,1450.654970525732,897.8181660175323
1706175102764,1452.1252580055302,900.5877792835236
1706175102776,1452.3078426826,897.0078140497208
1706175102787,1451.448579799012,909.8450213670731
1706175102798,1451.7490278088605,906.3453778624535
1706175102809,1463.739666310448,909.2316657304764
1706175102851,1534.7683480158498,910.7113465666771
1706175102852,1705.536295615267,919.3435117602348
1706175102854,1785.4909057297339,912.3606741428375
1706175102871,1778.1034174155097,907.9016715288162
1706175102876,1781.742774614661,911.2658694386482
1706175102887,1784.6458375850866,909.4126373529434
1706175102898,1783.1930627528866,908.1820756196976
1706175102910,1784.3267822107696,909.9473133683205
1706175102921,1788.0568687812795,911.5192070603371
1706175102932,1796.294215808335,911.7638528347015
1706175102943,1795.3883116753202,908.1783100962639
1706175102954,1800.3673043337276,905.5163964629173
1706175102965,1800.445656292767,902.4587914347649
1706175103002,1797.3269610348486,903.9203807711601
1706175103003,1795.223547818835,905.2420511841774
1706175103009,1795.750577221944,907.6031193137169
1706175103022,1795.9731052418565,904.9593821167946
1706175103031,1793.9070760748102,904.6319231390953
1706175103043,1799.7198505290996,904.3555393815041
1706175103054,1805.7788055248125,928.9498716592789
1706175103064,1850.846134991342,986.9882240891457
1706175103074,1835.6854920316118,998.9659011363983
1706175103085,2003.365975700238,1068.722477555275
1706175103096,nan,nan
1706175103107,nan,nan
1706175103118,nan,nan
1706175103157,nan,nan
1706175103158,nan,nan
1706175103162,nan,nan
1706175103176,nan,nan
1706175103184,nan,nan
1706175103195,nan,nan
1706175103213,nan,nan
1706175103231,nan,nan
1706175103243,nan,nan
1706175103254,nan,nan
1706175103264,nan,nan
1706175103276,nan,nan
1706175103287,nan,nan
1706175103322,nan,nan
1706175103330,nan,nan
1706175103342,nan,nan
1706175103354,nan,nan
1706175103364,nan,nan
1706175103375,nan,nan
1706175103386,nan,nan
1706175103397,nan,nan
1706175103409,nan,nan
1706175103420,nan,nan
1706175103430,nan,nan
1706175103468,nan,nan
1706175103475,nan,nan
1706175103487,nan,nan
1706175103497,nan,nan
1706175103508,nan,nan
1706175103520,nan,nan
1706175103530,nan,nan
1706175103542,nan,nan
1706175103553,nan,nan
1706175103563,nan,nan
1706175103575,nan,nan
1706175103616,nan,nan
1706175103617,nan,nan
1706175103620,nan,nan
1706175103633,nan,nan
1706175103641,nan,nan
1706175103653,nan,nan
1706175103662,nan,nan
1706175103674,nan,nan
1706175103687,nan,nan
1706175103696,nan,nan
1706175103708,nan,nan
1706175103720,nan,nan
1706175103730,nan,nan
1706175103783,nan,nan
1706175103784,nan,nan
1706175103787,nan,nan
1706175103800,nan,nan
1706175103808,nan,nan
1706175103820,nan,nan
1706175103830,nan,nan
1706175103841,nan,nan
1706175103853,nan,nan
1706175103863,nan,nan
1706175103874,nan,nan
1706175103886,nan,nan
1706175103919,nan,nan
1706175103920,nan,nan
1706175103933,nan,nan
1706175103945,nan,nan
1706175103953,nan,nan
1706175103964,nan,nan
1706175103975,nan,nan
1706175103986,nan,nan
1706175103996,nan,nan
1706175104008,nan,nan
1706175104020,nan,nan
1706175104030,nan,nan
1706175104042,nan,nan
1706175104060,nan,nan
1706175104084,nan,nan
1706175104085,nan,nan
1706175104086,nan,nan
1706175104102,nan,nan
1706175104109,nan,nan
1706175104121,nan,nan
1706175104130,nan,nan
1706175104141,nan,nan
1706175104153,nan,nan
1706175104163,nan,nan
1706175104175,nan,nan
1706175104186,nan,nan
1706175104196,nan,nan
1706175104235,nan,nan
1706175104236,nan,nan
1706175104242,nan,nan
1706175104254,nan,nan
1706175104263,nan,nan
1706175104275,nan,nan
1706175104286,nan,nan
1706175104296,nan,nan
1706175104308,nan,nan
1706175104319,nan,nan
1706175104330,nan,nan
1706175104341,nan,nan
1706175104386,nan,nan
1706175104387,nan,nan
1706175104393,nan,nan
1706175104408,nan,nan
1706175104419,nan,nan
1706175104430,nan,nan
1706175104441,nan,nan
1706175104452,nan,nan
1706175104463,nan,nan
1706175104475,nan,nan
1706175104485,nan,nan
1706175104502,nan,nan
1706175104536,nan,nan
1706175104538,nan,nan
1706175104556,nan,nan
1706175104568,1904.6041175256198,971.4680105447769
1706175104578,1911.8386357170082,964.1186147928238
1706175104589,1915.1033889336647,963.1980717182159
1706175104600,1926.0977891455677,944.4007486104965
1706175104612,1923.079449231446,944.4371297955513
1706175104623,1892.3768129428174,941.5935933589935
1706175104634,1733.489322762551,916.3781195878983
1706175104645,1660.6447605497092,911.0203459858894
1706175104683,1619.3173540583439,911.724753677845
1706175104684,1588.0298477665567,916.0176768898964
1706175104690,1595.2223059137168,909.31646078825
1706175104703,1592.2083625125972,906.4116284251213
1706175104712,1592.0787210175174,905.7731032371521
1706175104723,1589.3124167388694,905.7048991322517
1706175104734,1589.1835873458876,903.6323890089989
1706175104745,1587.132426736056,907.6862156391144
1706175104756,1588.2827691473412,908.1806600093842
1706175104767,1590.7958247203842,906.6763758659363
1706175104779,1591.4891324824741,899.539378285408
1706175104790,1590.8810609822028,899.2979601025581
1706175104801,1591.0281232514503,903.2278075814247
1706175104836,1592.1176781474478,905.9768378734589
1706175104837,1592.8778176594747,904.583877325058
1706175104846,1576.9099352042556,902.1912127733231
1706175104857,1570.549971190257,898.0596974492073
1706175104868,1554.2868319033282,886.98425963521
1706175104879,1557.0237998438,889.63692933321
1706175104890,1558.470675654837,890.0994375348091
1706175104901,1557.7702483606697,887.9249893128872
1706175104913,1559.0038813085812,886.5610346198082
1706175104923,1555.963258394101,887.2860535979271
1706175104934,1555.0788168883043,890.3606742620468
1706175104946,1552.4524066608878,887.5737622380257
1706175104983,1554.0526707990675,884.8127417266369
1706175104984,1558.964933496559,883.8123865425587
1706175104989,1560.6075271304185,885.1641528308392
1706175105001,1557.8119176750636,887.3247280716896
1706175105012,1560.213639263362,887.7796486020088
1706175105023,1556.3454998167877,890.6774312257767
1706175105034,1552.6139736284076,891.4488822221756
1706175105046,1551.072732561467,892.3793062567711
1706175105056,1548.8212231638452,889.6507456898689
1706175105067,1550.5546039730234,887.0817244052887
1706175105079,1573.0778286153716,897.0102488994598
1706175105090,1616.0303608809963,916.9517815113068
1706175105100,1725.955984441773,975.6730243563652
1706175105134,1887.019523736371,1012.0918363332748
1706175105135,1889.639017839908,1021.4416593313217
1706175105152,1889.5584695268765,1024.2099702358246
1706175105156,1892.007537629229,1029.5282766222954
1706175105169,1896.0399679866775,1030.4831340909004
1706175105179,1892.6620278009784,1029.8130124807358
1706175105190,1891.6202140963314,1030.7432100176811
1706175105200,1891.2895616011933,1029.9471274018288
1706175105212,1897.1646893056886,1031.8513497710228
1706175105223,1901.4641058218626,1027.9943212866783
1706175105234,1890.2066472493652,1033.7718799710274
1706175105245,1881.837870871886,1035.856932401657
1706175105284,1866.0489863739822,1044.7129905223846
1706175105290,1851.8018629834316,1041.146643459797
1706175105301,1852.4260978995142,1040.689004957676
1706175105314,1853.3900838743168,1042.0108169317245
1706175105323,1852.8859902585061,1041.4011135697365
1706175105334,1850.0565759997296,1039.244657754898
1706175105345,1846.6642641592819,1041.7277798056602
1706175105356,1846.3591325121465,1039.5499765872955
1706175105367,1846.7913036773202,1038.1388679146767
1706175105378,1848.3725726385433,1033.8363751769066
1706175105418,1848.3300180837473,1035.3520691394806
1706175105422,1846.938948744729,1039.064422249794
1706175105434,1849.3217145761307,1037.7567663788795
1706175105447,1846.9320415592142,1033.8523715734482
1706175105456,1844.6217639908407,1037.400145828724
1706175105467,1845.6666327335663,1035.4205280542374
1706175105478,1844.439943673922,1038.4422332048416
1706175105489,1848.9006047303806,1037.7498298883438
1706175105500,1846.0937558835458,1039.5547896623611
1706175105512,1844.9120625385365,1040.037852525711
1706175105523,1842.4525984784896,1041.0791471600533
1706175105534,1818.3444554538514,1031.3772052526474
1706175105568,1783.9808388207211,1010.0543200969696
1706175105569,1717.9825064674171,964.9800419807434
1706175105579,1574.3222156407787,872.3882414400578
1706175105589,1566.801298650758,870.7290895283222
1706175105601,1570.3264390456463,879.6283803880215
1706175105612,1571.0717443611309,880.2922874689102
1706175105623,1569.2591331478584,882.5558766722679
1706175105634,1570.6309418581286,874.4860202074051
1706175105645,1571.404195378451,875.7744520902634
1706175105656,1575.5691950031248,876.8034309148788
