timestamp,x,y
1702368947681,902.8249359130859,337.54841923713684
1702368947685,827.9530334472656,215.86509346961975
1702368947698,760.0812530517578,127.28106915950775
1702368947707,758.465690612793,127.28652477264404
1702368947719,761.0928726196289,131.77250862121582
1702368947730,749.225959777832,126.22141420841217
1702368947741,751.0102844238281,129.88228619098663
1702368947752,754.3426132202148,135.99629044532776
1702368947763,756.6154861450195,135.5612951517105
1702368947797,753.316650390625,132.53836512565613
1702368947798,749.3099975585938,128.1232613325119
1702368947799,750.5558013916016,123.35763037204742
1702368947813,753.7443923950195,122.34073519706726
1702368947819,756.069221496582,116.53796374797821
1702368947830,761.6932678222656,119.39278364181519
1702368947841,764.4085693359375,114.72642660140991
1702368947852,764.6432876586914,119.55433309078217
1702368947864,761.3984680175781,114.25289332866669
1702368947874,721.8444061279297,108.48203480243683
1702368947886,653.2899475097656,111.7155772447586
1702368947897,495.74668884277344,124.08345758914948
1702368947908,452.6930618286133,131.82006418704987
1702368947919,437.0740509033203,132.911337018013
1702368947930,449.13156509399414,135.05754947662354
1702368947966,447.1621513366699,135.08297681808472
1702368947967,450.2826118469238,134.69713032245636
1702368947974,451.94555282592773,134.78340089321136
1702368947985,447.16270446777344,128.45057666301727
1702368947996,454.7478675842285,115.4591953754425
1702368948007,547.2430419921875,115.31278431415558
1702368948018,730.6429672241211,113.07334363460541
1702368948029,1085.7854080200195,117.97160983085632
1702368948040,1187.9486465454102,113.20485770702362
1702368948051,1231.0468292236328,110.2254331111908
1702368948063,1232.7181243896484,102.9018759727478
1702368948074,1232.936668395996,102.35853552818298
1702368948097,1229.7198104858398,98.49775850772858
1702368948117,1234.2623901367188,98.64998996257782
1702368948118,1235.0668716430664,111.67744159698486
1702368948134,1233.2920455932617,112.5792807340622
1702368948141,1236.0554504394531,107.80360221862793
1702368948152,1238.3679962158203,105.38718938827515
1702368948163,1259.155044555664,105.92135667800903
1702368948174,1330.3766632080078,94.10357594490051
1702368948185,1424.8726654052734,86.53329849243164
1702368948196,1539.0129089355469,80.27553588151932
1702368948207,1549.1056060791016,76.18908315896988
1702368948249,1548.7761688232422,77.23471283912659
1702368948250,1559.3707275390625,86.6543036699295
1702368948252,1558.1412506103516,94.18151825666428
1702368948267,1560.915756225586,93.69974792003632
1702368948274,1565.0276947021484,95.99784046411514
1702368948285,1562.9374694824219,99.85765993595123
1702368948296,1558.3317565917969,95.62571346759796
1702368948307,1555.497055053711,96.30509823560715
1702368948318,1558.2755279541016,94.93068069219589
1702368948329,1562.0319366455078,100.50173878669739
1702368948340,1564.8531341552734,104.13063079118729
1702368948351,1557.9019927978516,105.44659495353699
1702368948362,1553.4813690185547,98.50291103124619
1702368948403,1551.152572631836,98.89844298362732
1702368948404,1560.6953430175781,97.38676875829697
1702368948406,1534.2459869384766,107.66791462898254
1702368948421,1367.5308227539062,132.89418697357178
1702368948429,958.1399154663086,166.50132179260254
1702368948440,879.1289520263672,181.29475057125092
1702368948451,691.4452362060547,216.39992594718933
1702368948462,517.213249206543,273.88038396835327
1702368948473,505.9685707092285,270.89442014694214
1702368948485,503.6460876464844,266.5547239780426
1702368948496,501.9294738769531,266.05515718460083
1702368948507,498.1869316101074,265.9012842178345
1702368948518,501.12451553344727,272.9136300086975
1702368948553,493.8151168823242,273.10105204582214
1702368948562,496.0589599609375,262.49330163002014
1702368948574,496.43747329711914,260.10451555252075
1702368948585,500.1481819152832,256.53457045555115
1702368948596,495.02363204956055,255.35316467285156
1702368948607,494.6037292480469,253.56253266334534
1702368948618,490.7415008544922,254.06384825706482
1702368948629,489.6047019958496,256.44280672073364
1702368948640,485.31667709350586,260.5854034423828
1702368948652,482.7433395385742,264.188414812088
1702368948663,486.4334487915039,261.6670095920563
1702368948674,488.26955795288086,260.4174327850342
1702368948715,523.1598472595215,251.4538872241974
1702368948716,656.6445541381836,233.15195202827454
1702368948718,794.2376708984375,223.58782768249512
1702368948731,812.3661422729492,223.01348090171814
1702368948740,816.3580703735352,224.039146900177
1702368948752,821.2615203857422,222.91020512580872
1702368948762,818.0968856811523,224.7824192047119
1702368948774,813.1233215332031,228.1588053703308
1702368948785,810.2507019042969,229.91889238357544
1702368948796,810.6682968139648,235.09401082992554
1702368948807,817.9596328735352,233.6281943321228
1702368948818,824.298210144043,236.02811694145203
1702368948829,825.3606796264648,231.21540784835815
1702368948868,823.9812469482422,229.56345677375793
1702368948869,821.2297058105469,227.4001157283783
1702368948873,970.4082489013672,375.00261425971985
1702368948885,1069.2334747314453,519.6540713310242
1702368948895,1180.0691604614258,766.7272138595581
1702368948906,1202.887306213379,840.795578956604
1702368948917,1203.9447402954102,870.7873106002808
1702368948928,1204.6159362792969,860.2432680130005
1702368948940,1201.5668487548828,861.9796657562256
1702368948951,1201.6371536254883,867.4763059616089
1702368948962,1205.221176147461,861.3734865188599
1702368948973,1207.098617553711,870.3745079040527
1702368948984,1213.6312866210938,863.8537788391113
1702368949027,1220.3596496582031,864.4287586212158
1702368949028,1219.4787216186523,856.3478422164917
1702368949045,1221.4901733398438,871.9690275192261
1702368949051,1220.661392211914,871.1792135238647
1702368949062,1218.1211471557617,872.8203392028809
1702368949073,1225.7146453857422,883.3837795257568
1702368949084,1228.5991668701172,884.4531011581421
1702368949095,1236.3251495361328,883.4862613677979
1702368949107,1232.6744842529297,876.265926361084
1702368949118,1226.8180847167969,877.7975749969482
1702368949129,1222.2253799438477,880.3344297409058
1702368949140,1219.319076538086,876.6163730621338
1702368949152,1223.219223022461,880.3973436355591
1702368949171,1225.1713943481445,881.4463663101196
1702368949196,1218.5131454467773,876.1737442016602
1702368949197,1219.5895767211914,873.4414100646973
1702368949212,1263.3119583129883,906.895809173584
1702368949219,1282.583885192871,924.828200340271
1702368949229,1324.3170166015625,961.4725399017334
1702368949240,1315.51513671875,957.5676727294922
1702368949250,1311.5491485595703,962.4056911468506
1702368949261,1313.6900329589844,963.719801902771
1702368949273,1316.332015991211,962.9760360717773
1702368949284,1319.1485595703125,960.2851581573486
1702368949295,1317.6622772216797,962.8068208694458
1702368949306,1316.0941314697266,962.2707223892212
1702368949328,1321.6814422607422,958.6479806900024
1702368949349,1315.9095764160156,953.8167858123779
1702368949351,1309.4329833984375,955.3161191940308
1702368949365,1313.808364868164,953.8126230239868
1702368949373,1316.4898681640625,950.7643461227417
1702368949385,1316.3255310058594,944.7855091094971
1702368949395,1312.284927368164,947.6786041259766
1702368949406,1314.4021606445312,954.244179725647
1702368949417,1314.5301818847656,955.9655141830444
1702368949429,1315.6813049316406,951.5042066574097
1702368949440,1318.0339813232422,948.1642770767212
1702368949483,1311.9930267333984,953.4703302383423
1702368949484,1312.8592681884766,964.5492267608643
1702368949500,1321.1846923828125,964.5533895492554
1702368949506,1322.0849609375,964.0838527679443
1702368949517,1324.192886352539,952.3068952560425
1702368949529,1319.4215393066406,951.121187210083
1702368949540,1322.7124786376953,953.4665966033936
1702368949551,1323.3511352539062,960.3972959518433
1702368949562,1322.3426055908203,968.3310556411743
1702368949573,1319.4253540039062,964.8685598373413
1702368949584,1311.2374114990234,966.6563701629639
1702368949595,1311.5938568115234,966.6454267501831
1702368949615,1313.5160827636719,970.1878309249878
1702368949636,1321.0270690917969,963.9671230316162
1702368949639,1317.5048065185547,960.8173084259033
1702368949652,1315.4044342041016,965.7553195953369
1702368949661,1317.8829956054688,963.3705139160156
1702368949673,1316.1033630371094,962.328143119812
1702368949683,1304.8164367675781,969.4491720199585
1702368949694,1300.329818725586,971.1527395248413
1702368949706,1304.9517822265625,970.94322681427
1702368949717,1321.292724609375,957.0973205566406
1702368949728,1322.2756958007812,957.9892730712891
1702368949739,1324.7410583496094,958.5628795623779
1702368949750,1319.2103576660156,963.1050395965576
1702368949785,1321.6053009033203,966.0154724121094
1702368949802,1308.9596557617188,959.8075103759766
1702368949806,1312.402114868164,956.9953107833862
1702368949817,1314.6393585205078,954.4550657272339
1702368949827,1315.6959533691406,948.962287902832
1702368949839,1322.3131561279297,954.857439994812
1702368949850,1323.1388092041016,956.5431976318359
1702368949861,1322.8583526611328,969.4963359832764
1702368949872,1320.626449584961,963.2707786560059
1702368949883,1321.4569854736328,962.6886749267578
1702368949895,1318.2366943359375,955.7972860336304
1702368949935,1315.418472290039,955.7351016998291
1702368949940,1321.7672729492188,963.4246301651001
1702368949952,1319.8280334472656,965.9131622314453
1702368949962,1316.6785430908203,962.1724462509155
1702368949973,1313.134765625,958.0021476745605
1702368949984,1315.1045227050781,958.8551330566406
1702368949995,1318.6463165283203,960.3131818771362
1702368950005,1320.4540252685547,956.1305236816406
1702368950016,1319.0397644042969,953.9296960830688
1702368950028,1321.5342712402344,956.1158895492554
1702368950039,1323.9956665039062,959.3567705154419
1702368950050,1321.963119506836,955.9344863891602
1702368950061,1316.6364288330078,950.4544973373413
1702368950101,1318.101577758789,952.1177673339844
1702368950102,1318.6103057861328,954.2729759216309
1702368950105,1311.2200927734375,958.6833429336548
1702368950117,1314.6720123291016,961.5834331512451
1702368950129,1313.8065338134766,954.8373556137085
1702368950139,1310.386734008789,948.740758895874
1702368950150,1307.9888916015625,948.1032514572144
1702368950161,1317.1455383300781,955.2649211883545
1702368950172,1323.1331634521484,959.2460489273071
1702368950183,1321.6776275634766,957.1919918060303
1702368950194,1318.0017852783203,954.6496438980103
1702368950206,1316.3363647460938,954.656252861023
1702368950217,1317.7432250976562,957.9485893249512
1702368950252,1316.4263916015625,957.467679977417
1702368950253,1319.1022491455078,957.8629302978516
1702368950261,1313.3924102783203,954.825553894043
1702368950273,1327.1159362792969,956.3598203659058
1702368950290,1424.6733093261719,961.7781400680542
1702368950296,1737.8866577148438,1020.3917026519775
1702368950306,1927.1739196777344,1089.9114274978638
1702368950316,2019.458236694336,1129.1701698303223
1702368950326,2320.9588623046875,1338.4128999710083
1702368950338,nan,nan
1702368950349,nan,nan
1702368950360,nan,nan
1702368950371,nan,nan
1702368950406,nan,nan
1702368950413,nan,nan
1702368950425,nan,nan
1702368950435,nan,nan
1702368950447,nan,nan
1702368950457,nan,nan
1702368950474,nan,nan
1702368950493,nan,nan
1702368950505,nan,nan
1702368950517,nan,nan
1702368950527,nan,nan
1702368950565,nan,nan
1702368950566,nan,nan
1702368950572,nan,nan
1702368950583,nan,nan
1702368950594,nan,nan
1702368950604,nan,nan
1702368950616,nan,nan
1702368950627,nan,nan
1702368950638,nan,nan
1702368950649,nan,nan
1702368950660,nan,nan
1702368950671,nan,nan
1702368950683,nan,nan
1702368950717,nan,nan
1702368950718,nan,nan
1702368950732,nan,nan
1702368950738,nan,nan
1702368950750,nan,nan
1702368950760,nan,nan
1702368950772,nan,nan
1702368950783,nan,nan
1702368950794,nan,nan
1702368950804,nan,nan
1702368950816,nan,nan
1702368950826,nan,nan
1702368950870,nan,nan
1702368950871,nan,nan
1702368950888,nan,nan
1702368950892,nan,nan
1702368950905,nan,nan
1702368950924,nan,nan
1702368950938,nan,nan
1702368950949,nan,nan
1702368950960,nan,nan
1702368950971,nan,nan
1702368950982,nan,nan
1702368951018,nan,nan
1702368951019,nan,nan
1702368951027,nan,nan
1702368951039,nan,nan
1702368951050,nan,nan
1702368951060,nan,nan
1702368951076,nan,nan
1702368951096,nan,nan
1702368951108,nan,nan
1702368951127,nan,nan
1702368951150,nan,nan
1702368951172,1375.5842590332031,705.8272075653076
1702368951174,1375.5842590332031,705.8272075653076
1702368951187,1370.7786560058594,781.7459106445312
1702368951196,1394.244384765625,726.3468360900879
1702368951208,1399.5840454101562,728.093318939209
1702368951219,1401.6542053222656,712.5456047058105
1702368951230,1401.4715576171875,706.9147682189941
1702368951241,1395.5543518066406,707.8493356704712
1702368951252,1396.2126159667969,712.1326303482056
1702368951263,1359.1224670410156,751.133623123169
1702368951274,1340.5488586425781,788.6137390136719
1702368951316,1318.9118957519531,836.5074348449707
1702368951317,1294.1999816894531,914.9360847473145
1702368951319,1303.7382507324219,904.9452209472656
1702368951332,1310.99853515625,905.8198356628418
1702368951341,1304.0234375,903.3386421203613
1702368951352,1306.1553955078125,900.0926113128662
1702368951363,1307.5698852539062,903.9282131195068
1702368951374,1307.5698852539062,903.9282131195068
1702368951386,1300.9040832519531,911.570234298706
1702368951398,1299.9386596679688,915.7052993774414
1702368951409,1294.3281555175781,912.2659349441528
1702368951421,1274.9010467529297,915.7512187957764
1702368951432,1276.7824935913086,902.3427057266235
1702368951470,1277.4052047729492,899.7657680511475
1702368951471,1287.1989440917969,893.8010501861572
1702368951472,1290.0751876831055,899.6614837646484
1702368951477,1291.3250350952148,902.7019929885864
1702368951489,1292.1054458618164,900.9465837478638
1702368951499,1293.747673034668,897.9526376724243
1702368951510,1293.3002471923828,897.7595615386963
1702368951521,1262.5580978393555,910.5791902542114
1702368951532,1174.0859603881836,934.2947673797607
1702368951543,1152.8709030151367,945.6539440155029
1702368951554,1137.9466247558594,950.7516860961914
1702368951565,1154.9596405029297,942.1759986877441
1702368951576,1143.3080291748047,937.1144342422485
1702368951619,1149.9704360961914,934.0408372879028
1702368951620,1156.4878845214844,928.7131547927856
1702368951637,1154.6112823486328,925.1690340042114
1702368951643,1159.9493026733398,923.134503364563
1702368951654,1152.98583984375,924.3981456756592
1702368951665,1150.914306640625,922.2448253631592
1702368951676,1150.8621215820312,926.4894533157349
1702368951687,1154.9641036987305,921.480073928833
1702368951698,1158.849220275879,922.4204778671265
1702368951709,1158.741569519043,917.5588989257812
1702368951721,1152.3466110229492,921.2587594985962
1702368951731,1149.6253967285156,923.3171081542969
1702368951771,1138.229103088379,919.6119260787964
1702368951772,1141.0406494140625,917.161545753479
1702368951776,1151.1870956420898,910.9954261779785
1702368951788,1155.555076599121,906.1137628555298
1702368951798,1145.9892272949219,911.4320039749146
1702368951809,1144.7173309326172,911.5191221237183
1702368951821,1136.7398071289062,917.3093461990356
1702368951831,1144.6440887451172,914.1748523712158
1702368951843,1140.1567077636719,912.5605487823486
1702368951854,1145.8765029907227,913.8510131835938
1702368951865,1143.7861633300781,918.8386344909668
1702368951876,1144.7904205322266,923.9871025085449
1702368951887,1143.7145233154297,918.6403656005859
1702368951922,1141.6503143310547,919.1593408584595
1702368951923,1146.774559020996,922.1774482727051
1702368951931,1152.7601623535156,913.1546688079834
1702368951942,1146.0984420776367,904.3378829956055
1702368951953,1136.5764617919922,906.6196918487549
1702368951964,1134.0193176269531,904.6324110031128
1702368951976,1134.1777420043945,907.9576635360718
1702368951987,1140.229721069336,908.5721683502197
1702368951998,1142.3783111572266,912.2425889968872
1702368952009,1147.3414611816406,912.6408004760742
1702368952020,1147.8114318847656,909.1486072540283
1702368952031,1152.2539520263672,906.6993856430054
1702368952073,1149.7591400146484,906.3476514816284
1702368952075,1141.946678161621,912.1959400177002
1702368952076,1138.2428741455078,912.1876573562622
1702368952087,1140.9747314453125,906.2958097457886
1702368952098,1141.5178680419922,907.9210996627808
1702368952110,1135.5597686767578,902.0342302322388
1702368952120,1146.2648010253906,898.7677717208862
1702368952131,1144.8669815063477,888.3435916900635
1702368952142,1152.1874237060547,888.437876701355
1702368952153,1149.345359802246,890.5916690826416
1702368952164,1148.457145690918,897.2842741012573
1702368952176,1143.829345703125,902.103066444397
1702368952187,1147.365837097168,900.7124376296997
1702368952198,1191.3639068603516,900.4800510406494
1702368952234,1213.7908554077148,894.5172643661499
1702368952235,1223.025779724121,892.0579147338867
1702368952250,1215.5427932739258,887.4807357788086
1702368952254,1219.4031143188477,887.6693058013916
1702368952265,1224.7200012207031,892.0052146911621
1702368952276,1223.5369873046875,896.1286497116089
1702368952287,1219.4565963745117,898.1957530975342
1702368952297,1216.5768432617188,893.1748723983765
1702368952308,1213.3217239379883,892.8575992584229
1702368952320,1154.762840270996,895.3510665893555
1702368952331,931.4495468139648,879.7388076782227
1702368952374,778.7894439697266,867.7249574661255
1702368952375,663.9256286621094,867.7068042755127
1702368952393,536.8551063537598,864.490556716919
1702368952398,519.3845748901367,870.1705741882324
1702368952409,521.011848449707,877.0902872085571
1702368952420,515.3134727478027,875.9462928771973
1702368952431,518.9438629150391,879.6667957305908
1702368952442,520.0699424743652,874.5748043060303
1702368952453,527.0544815063477,869.5552110671997
1702368952464,524.1419410705566,862.6120233535767
1702368952476,522.4003791809082,861.3861894607544
1702368952487,515.2566719055176,860.438060760498
1702368952498,518.8248062133789,858.9420318603516
1702368952545,517.2840690612793,857.5242376327515
1702368952546,515.0554084777832,856.8969869613647
1702368952562,450.26073455810547,829.6571588516235
1702368952564,465.1660919189453,836.8049669265747
1702368952576,465.4994773864746,833.5270929336548
1702368952587,469.63443756103516,843.1973361968994
1702368952598,467.87109375,838.4469938278198
1702368952609,472.7602005004883,839.420657157898
1702368952620,471.71478271484375,834.7152042388916
1702368952631,466.8825149536133,838.7331962585449
1702368952642,465.8972358703613,839.2047071456909
1702368952654,458.51551055908203,829.1710567474365
1702368952685,462.93346405029297,834.9899482727051
1702368952686,459.6543884277344,833.3270645141602
1702368952703,458.3372688293457,830.3985214233398
1702368952708,460.2634048461914,836.3332414627075
1702368952720,486.6131019592285,845.2289915084839
1702368952730,700.6389999389648,932.6781892776489
1702368952742,905.487174987793,1029.8330354690552
1702368952753,1159.5702362060547,1162.575216293335
1702368952764,1666.3059997558594,1439.031229019165
1702368952775,nan,nan
1702368952786,nan,nan
1702368952797,nan,nan
1702368952816,nan,nan
1702368952837,nan,nan
1702368952838,nan,nan
1702368952841,nan,nan
1702368952855,nan,nan
1702368952863,nan,nan
1702368952874,nan,nan
1702368952885,nan,nan
1702368952896,nan,nan
1702368952907,nan,nan
1702368952918,nan,nan
1702368952930,nan,nan
1702368952941,nan,nan
1702368952976,nan,nan
1702368952977,nan,nan
1702368952994,nan,nan
1702368952997,nan,nan
1702368953010,nan,nan
1702368953019,nan,nan
1702368953030,nan,nan
1702368953041,nan,nan
1702368953052,nan,nan
1702368953063,nan,nan
1702368953073,nan,nan
1702368953085,nan,nan
1702368953096,nan,nan
1702368953107,nan,nan
1702368953118,nan,nan
1702368953156,nan,nan
1702368953157,nan,nan
1702368953163,nan,nan
1702368953174,nan,nan
1702368953185,nan,nan
1702368953196,nan,nan
1702368953207,nan,nan
1702368953218,nan,nan
1702368953230,nan,nan
1702368953241,nan,nan
1702368953251,nan,nan
1702368953263,nan,nan
1702368953283,nan,nan
1702368953305,nan,nan
1702368953306,2398.792190551758,1393.5020399093628
1702368953307,2111.570816040039,1242.095718383789
1702368953321,2022.0153045654297,1176.549825668335
1702368953330,1756.8104553222656,1087.7749729156494
1702368953341,1728.5943603515625,1085.137438774109
1702368953352,1737.7571105957031,1102.670030593872
1702368953363,1748.667221069336,1075.1228857040405
1702368953374,1739.1495513916016,1069.6769285202026
1702368953385,1743.2184600830078,1073.714575767517
1702368953397,1739.7893524169922,1080.9489011764526
1702368953408,1749.0522003173828,1090.060772895813
1702368953419,1748.8140869140625,1088.570408821106
1702368953453,1741.6976165771484,1065.6546878814697
1702368953470,1500.0724029541016,993.9219903945923
1702368953476,1380.8367919921875,969.0995836257935
1702368953486,1354.7364044189453,968.3873605728149
1702368953497,1292.8870391845703,959.9764680862427
1702368953508,1295.340919494629,952.438645362854
1702368953519,1291.045036315918,952.8051853179932
1702368953530,1287.590560913086,951.1102867126465
1702368953541,1291.709213256836,951.4124965667725
1702368953552,1294.8332977294922,948.7723875045776
1702368953564,1298.038444519043,947.6333713531494
1702368953604,1302.8253936767578,942.2336339950562
1702368953608,1294.376220703125,948.0179357528687
1702368953622,1295.0531005859375,950.375189781189
1702368953630,1295.675048828125,951.9098424911499
1702368953641,1292.4247360229492,941.0179710388184
1702368953652,1288.3356857299805,942.3122549057007
1702368953663,1288.000717163086,939.8552227020264
1702368953674,1282.4283981323242,944.4063949584961
1702368953685,1290.1625442504883,940.5267190933228
1702368953696,1287.8592681884766,937.1385955810547
1702368953708,1292.1194458007812,938.7131595611572
1702368953718,1286.132583618164,936.8968534469604
1702368953757,1288.5800170898438,942.485203742981
1702368953758,1292.8675079345703,945.6350612640381
1702368953763,1297.969856262207,947.0653438568115
1702368953774,1291.642189025879,936.1799955368042
1702368953785,1289.8873138427734,936.9402408599854
1702368953797,1287.6118469238281,929.5871686935425
1702368953808,1287.7288055419922,937.4646234512329
1702368953819,1288.3676147460938,940.1972579956055
1702368953830,1284.0939712524414,948.0662155151367
1702368953841,1283.5408401489258,944.1252136230469
1702368953852,1285.557518005371,937.6757669448853
1702368953863,1292.5396728515625,938.5782337188721
1702368953906,1295.5467224121094,938.6432504653931
1702368953907,1293.5456085205078,943.2959604263306
1702368953908,1293.0472564697266,942.4089860916138
1702368953924,1292.1520614624023,939.9980449676514
1702368953931,1284.4964599609375,949.1242504119873
1702368953941,1270.7974243164062,956.5200233459473
1702368953952,1266.325454711914,964.8628950119019
1702368953964,1254.1553497314453,973.9923620223999
1702368953975,1252.218894958496,964.6804189682007
1702368953986,1252.405776977539,961.2173223495483
1702368953997,1254.1217041015625,957.1352577209473
1702368954007,1260.6487655639648,963.509087562561
1702368954018,1257.2563934326172,962.2017574310303
1702368954055,1253.872299194336,962.2317981719971
1702368954056,1254.7156524658203,966.7129755020142
1702368954064,1253.06396484375,964.6121406555176
1702368954076,1253.7004089355469,962.878532409668
1702368954085,1254.4155502319336,962.7035665512085
1702368954097,1261.0224151611328,964.6541547775269
1702368954107,1269.1698837280273,971.6277694702148
1702368954118,1321.924934387207,978.1264400482178
1702368954130,1516.747817993164,1019.0672063827515
1702368954141,2096.9837951660156,1175.2415943145752
1702368954151,2145.8670043945312,1183.225736618042
1702368954163,2288.888626098633,1244.3868398666382
1702368954174,nan,nan
1702368954185,nan,nan
1702368954219,nan,nan
1702368954235,nan,nan
1702368954240,nan,nan
1702368954251,2161.0377502441406,144.99731183052063
1702368954262,2161.0377502441406,144.99731183052063
1702368954273,2161.0377502441406,144.99731183052063
1702368954284,2155.173797607422,378.3354949951172
1702368954295,2155.173797607422,378.3354949951172
1702368954305,2155.173797607422,378.3354949951172
1702368954316,nan,nan
1702368954354,nan,nan
1702368954370,nan,nan
1702368954372,nan,nan
1702368954382,nan,nan
1702368954393,nan,nan
1702368954404,nan,nan
1702368954415,nan,nan
1702368954425,nan,nan
1702368954444,nan,nan
1702368954464,nan,nan
1702368954504,nan,nan
1702368954508,nan,nan
1702368954522,nan,nan
1702368954530,nan,nan
1702368954542,nan,nan
1702368954553,nan,nan
1702368954563,nan,nan
1702368954575,nan,nan
1702368954586,nan,nan
1702368954597,nan,nan
1702368954608,nan,nan
1702368954619,nan,nan
1702368954653,nan,nan
1702368954655,nan,nan
1702368954670,nan,nan
1702368954676,nan,nan
1702368954687,nan,nan
1702368954697,nan,nan
1702368954708,nan,nan
1702368954720,nan,nan
1702368954731,nan,nan
1702368954742,nan,nan
1702368954752,nan,nan
1702368954764,nan,nan
1702368954802,nan,nan
1702368954803,nan,nan
1702368954808,nan,nan
1702368954819,nan,nan
1702368954830,nan,nan
1702368954841,nan,nan
1702368954852,nan,nan
1702368954862,nan,nan
1702368954880,nan,nan
1702368954901,nan,nan
1702368954912,nan,nan
1702368954951,nan,nan
1702368954952,nan,nan
1702368954958,nan,nan
1702368954966,nan,nan
1702368954980,nan,nan
1702368954991,nan,nan
1702368955000,nan,nan
1702368955012,nan,nan
1702368955025,nan,nan
1702368955033,nan,nan
1702368955046,nan,nan
1702368955094,nan,nan
1702368955095,nan,nan
1702368955100,nan,nan
1702368955113,nan,nan
1702368955124,nan,nan
1702368955133,nan,nan
1702368955144,nan,nan
1702368955158,nan,nan
1702368955166,nan,nan
1702368955177,nan,nan
1702368955191,nan,nan
1702368955200,nan,nan
1702368955236,nan,nan
1702368955237,nan,nan
1702368955244,nan,nan
1702368955258,nan,nan
1702368955268,nan,nan
1702368955278,nan,nan
1702368955292,nan,nan
1702368955301,nan,nan
1702368955310,nan,nan
1702368955323,nan,nan
1702368955333,nan,nan
1702368955372,nan,nan
1702368955378,nan,nan
1702368955391,nan,nan
1702368955400,nan,nan
1702368955412,nan,nan
1702368955425,nan,nan
1702368955434,nan,nan
1702368955445,nan,nan
1702368955457,nan,nan
1702368955467,nan,nan
1702368955478,nan,nan
1702368955520,nan,nan
1702368955535,nan,nan
1702368955544,nan,nan
1702368955555,nan,nan
1702368955566,nan,nan
1702368955577,nan,nan
1702368955588,nan,nan
1702368955599,nan,nan
1702368955611,nan,nan
1702368955654,nan,nan
1702368955655,nan,nan
1702368955670,nan,nan
1702368955678,nan,nan
1702368955689,nan,nan
1702368955699,nan,nan
1702368955711,nan,nan
1702368955722,nan,nan
1702368955733,nan,nan
1702368955744,nan,nan
1702368955755,nan,nan
1702368955766,nan,nan
1702368955805,nan,nan
1702368955811,nan,nan
1702368955822,nan,nan
1702368955833,nan,nan
1702368955844,nan,nan
1702368955856,nan,nan
1702368955867,nan,nan
1702368955878,nan,nan
1702368955888,nan,nan
1702368955899,nan,nan
1702368955910,nan,nan
1702368955921,nan,nan
1702368955955,nan,nan
1702368955960,nan,nan
1702368955981,nan,nan
1702368955994,nan,nan
1702368956003,nan,nan
1702368956014,nan,nan
1702368956027,nan,nan
1702368956036,nan,nan
1702368956048,nan,nan
1702368956061,nan,nan
1702368956069,nan,nan
1702368956086,nan,nan
1702368956113,nan,nan
1702368956114,nan,nan
1702368956127,nan,nan
1702368956135,nan,nan
1702368956147,nan,nan
1702368956161,nan,nan
1702368956169,nan,nan
1702368956180,nan,nan
1702368956193,nan,nan
1702368956201,nan,nan
1702368956213,nan,nan
1702368956252,nan,nan
1702368956253,nan,nan
1702368956268,nan,nan
1702368956281,nan,nan
1702368956291,nan,nan
1702368956302,nan,nan
1702368956314,nan,nan
1702368956325,nan,nan
1702368956336,nan,nan
1702368956347,nan,nan
1702368956357,nan,nan
1702368956384,nan,nan
1702368956404,nan,nan
1702368956410,nan,nan
1702368956426,nan,nan
1702368956438,nan,nan
1702368956448,nan,nan
1702368956460,1066.6667175292969,970.1071071624756
1702368956472,1066.6667175292969,970.1071071624756
1702368956484,1108.377456665039,947.0133304595947
1702368956495,1111.7231369018555,938.9926671981812
1702368956537,1099.5330047607422,940.529637336731
1702368956540,1062.3450469970703,919.1652202606201
1702368956553,1064.1695404052734,912.8535747528076
1702368956562,1065.713882446289,917.4107551574707
1702368956574,1068.6078262329102,913.810715675354
1702368956585,1070.0804138183594,920.3922986984253
1702368956596,1067.4673080444336,915.6482648849487
1702368956607,1069.3624877929688,912.4724864959717
1702368956618,1069.8012924194336,914.2542886734009
1702368956629,1074.9609756469727,918.6131143569946
1702368956640,1075.9832382202148,925.3714656829834
1702368956651,1073.1829452514648,922.5554466247559
1702368956688,1067.496566772461,928.5917472839355
1702368956689,1062.6201629638672,934.9159240722656
1702368956703,1070.086784362793,931.5057420730591
1702368956707,1107.0775604248047,929.631199836731
1702368956720,1154.066390991211,923.9391660690308
1702368956729,1185.163230895996,921.6489028930664
1702368956740,1240.6543731689453,919.6228694915771
1702368956751,1236.0013961791992,919.413571357727
1702368956762,1238.1098937988281,918.7292003631592
1702368956773,1234.2149353027344,918.1121206283569
1702368956784,1235.894432067871,921.6014385223389
1702368956825,1239.6684646606445,923.1523561477661
1702368956826,1245.988655090332,922.1256923675537
1702368956829,1245.600814819336,916.3441371917725
1702368956842,1241.3653945922852,916.8088245391846
1702368956851,1240.2265548706055,918.5220909118652
1702368956862,1240.620994567871,925.321855545044
1702368956873,1245.0104141235352,918.8223695755005
1702368956884,1247.1593856811523,911.4329481124878
1702368956895,1250.1558685302734,903.1663370132446
1702368956906,1251.688346862793,898.6740446090698
1702368956918,1249.13330078125,895.8839893341064
1702368956929,1247.8759765625,897.5815916061401
1702368956940,1243.817367553711,903.2983016967773
1702368956973,1241.4057540893555,908.6874389648438
1702368956974,1238.5711669921875,911.3452291488647
1702368956991,1244.2347717285156,907.0516777038574
1702368956996,1245.4442596435547,910.2915716171265
1702368957007,1249.7220993041992,912.8915119171143
1702368957018,1243.8005828857422,912.8481245040894
1702368957029,1242.1456909179688,908.7369632720947
1702368957040,1236.2718200683594,911.5154314041138
1702368957051,1242.3635864257812,912.2375249862671
1702368957062,1208.4074020385742,914.0068817138672
1702368957074,1045.433120727539,892.453293800354
1702368957084,972.2874450683594,885.9015798568726
1702368957096,757.9598999023438,868.0921411514282
1702368957129,391.90929412841797,849.3211841583252
1702368957130,353.8020896911621,839.2037200927734
1702368957146,353.7649154663086,832.6573276519775
1702368957152,348.84538650512695,837.9305076599121
1702368957163,346.73086166381836,839.3288612365723
1702368957173,348.3892250061035,836.6890096664429
1702368957184,349.4233512878418,833.1606388092041
1702368957195,345.2716255187988,825.9488010406494
1702368957206,345.5714988708496,827.7297019958496
1702368957218,344.8896789550781,834.9320554733276
1702368957228,350.2997398376465,840.3285312652588
1702368957239,351.18431091308594,843.7758350372314
1702368957251,359.18956756591797,840.6791496276855
1702368957290,360.3976821899414,842.227578163147
1702368957291,356.5338897705078,838.1177473068237
1702368957295,347.77767181396484,839.1332101821899
1702368957306,345.1573944091797,838.1176614761353
1702368957318,347.18982696533203,836.1193513870239
1702368957329,347.3291015625,835.9814643859863
1702368957340,348.443546295166,841.2606954574585
1702368957351,347.6333808898926,841.3795280456543
1702368957362,408.1610679626465,864.0414905548096
1702368957373,682.349967956543,953.4929466247559
1702368957384,864.7295379638672,1021.6743564605713
1702368957395,1186.7485046386719,1151.035966873169
1702368957407,1735.3961181640625,1397.1100187301636
1702368957444,nan,nan
1702368957451,nan,nan
1702368957462,nan,nan
1702368957474,nan,nan
1702368957484,nan,nan
1702368957494,nan,nan
1702368957504,nan,nan
1702368957516,nan,nan
1702368957527,nan,nan
1702368957538,nan,nan
1702368957550,nan,nan
1702368957588,nan,nan
1702368957589,nan,nan
1702368957593,nan,nan
1702368957605,nan,nan
1702368957619,nan,nan
1702368957627,nan,nan
1702368957639,nan,nan
1702368957650,nan,nan
1702368957660,nan,nan
1702368957672,nan,nan
1702368957684,nan,nan
1702368957694,nan,nan
1702368957705,nan,nan
1702368957742,nan,nan
1702368957743,nan,nan
1702368957750,nan,nan
1702368957760,nan,nan
1702368957773,nan,nan
1702368957784,nan,nan
1702368957794,nan,nan
1702368957806,nan,nan
1702368957817,nan,nan
1702368957827,nan,nan
1702368957839,nan,nan
1702368957851,nan,nan
1702368957869,nan,nan
1702368957891,nan,nan
1702368957892,nan,nan
1702368957894,2312.473602294922,1435.2240371704102
1702368957908,nan,nan
1702368957917,2059.2491149902344,1310.3005599975586
1702368957928,1809.8774719238281,1180.0981092453003
1702368957939,1588.6849212646484,1063.317174911499
1702368957950,1530.7754516601562,1050.8579921722412
1702368957961,1504.6080780029297,1041.785945892334
1702368957972,1508.6595916748047,1020.117301940918
1702368957984,1506.7543029785156,1015.6798124313354
1702368958023,1508.323974609375,1013.0854511260986
1702368958028,1509.2068481445312,999.2791128158569
1702368958040,1509.5175170898438,993.8549566268921
1702368958050,1508.260269165039,994.626145362854
1702368958061,1510.2410125732422,998.6371850967407
1702368958072,1513.8027954101562,1003.5651540756226
1702368958084,1512.9640197753906,1002.0886087417603
1702368958094,1497.9837036132812,1004.7258424758911
1702368958106,1420.7342529296875,1002.9828357696533
1702368958117,1363.6296081542969,998.9323568344116
1702368958128,1317.2549438476562,1002.0639324188232
1702368958139,1293.7859725952148,1003.0230474472046
1702368958170,1295.6306076049805,1005.4953575134277
1702368958171,1296.1577606201172,999.7729396820068
1702368958173,1291.413917541504,996.2698030471802
1702368958186,1291.0100173950195,994.5139646530151
1702368958195,1288.521385192871,992.9273414611816
1702368958206,1293.3956909179688,994.392900466919
1702368958217,1290.9665298461914,992.1428489685059
1702368958228,1290.0526428222656,993.710503578186
1702368958239,1286.7106246948242,990.1374578475952
1702368958250,1287.686653137207,988.9586162567139
1702368958260,1288.0477905273438,988.1017255783081
1702368958272,1286.3511276245117,987.4692821502686
1702368958283,1286.281509399414,986.2182569503784
1702368958320,1285.0949478149414,982.8961372375488
1702368958336,1263.2279205322266,993.1148815155029
1702368958339,1231.9111251831055,1005.7311773300171
1702368958352,1220.6066513061523,1016.8259954452515
1702368958361,1225.7797622680664,1016.1675024032593
1702368958372,1232.976951599121,1016.6524457931519
1702368958383,1234.5290756225586,1016.993408203125
1702368958394,1230.6401443481445,1013.5184669494629
1702368958405,1223.7145233154297,1015.752124786377
1702368958417,1225.2740097045898,1015.6573247909546
1702368958428,1229.2367935180664,1014.7869157791138
1702368958439,1234.7586822509766,1020.0193691253662
1702368958471,1237.4580383300781,1017.5609636306763
1702368958472,1228.5279083251953,1017.770562171936
1702368958486,1224.8144149780273,1019.1327810287476
1702368958494,1225.4925155639648,1019.7804594039917
1702368958506,1229.0087890625,1019.6764326095581
1702368958517,1229.7723007202148,1020.6321144104004
1702368958528,1228.863525390625,1018.8334894180298
1702368958539,1226.380958557129,1018.5284042358398
1702368958550,1222.1181106567383,1021.482138633728
1702368958561,1224.104232788086,1020.2091407775879
1702368958573,1229.9370956420898,1023.8364744186401
1702368958608,1233.9775466918945,1021.9864368438721
1702368958609,1238.953628540039,1019.0612411499023
1702368958617,1242.6824951171875,1020.9545373916626
1702368958628,1240.4941940307617,1028.574457168579
1702368958639,1239.0179443359375,1024.1834020614624
1702368958650,1238.2841491699219,1021.42991065979
1702368958661,1241.4197158813477,1016.3854694366455
1702368958672,1235.929832458496,1018.601016998291
1702368958683,1236.6247177124023,1023.6999607086182
1702368958694,1235.6079483032227,1029.8804569244385
1702368958705,1238.9464950561523,1031.0205030441284
1702368958716,1234.1091537475586,1025.1504135131836
1702368958757,1231.945686340332,1023.2211542129517
1702368958760,1236.9655990600586,1030.2113771438599
1702368958774,1242.000961303711,1025.8048295974731
1702368958783,1297.4710083007812,1044.2625904083252
1702368958794,1360.5046844482422,1045.5826663970947
1702368958805,1688.7889862060547,1110.0312995910645
1702368958817,2330.3047943115234,1126.4842700958252
1702368958826,2388.2564544677734,1133.5777473449707
1702368958837,2533.894500732422,1172.3895692825317
1702368958848,nan,nan
1702368958888,nan,nan
1702368958889,nan,nan
1702368958892,nan,nan
1702368958904,nan,nan
1702368958914,nan,nan
1702368958925,nan,nan
1702368958936,nan,nan
1702368958947,nan,nan
1702368958958,nan,nan
1702368958969,nan,nan
1702368958980,nan,nan
1702368958991,nan,nan
1702368959002,nan,nan
1702368959040,nan,nan
1702368959041,nan,nan
1702368959046,nan,nan
1702368959064,nan,nan
1702368959085,nan,nan
1702368959102,nan,nan
1702368959116,nan,nan
1702368959127,nan,nan
1702368959139,nan,nan
1702368959151,nan,nan
1702368959187,nan,nan
1702368959189,nan,nan
1702368959193,nan,nan
1702368959209,nan,nan
1702368959231,nan,nan
1702368959241,nan,nan
1702368959253,nan,nan
1702368959265,nan,nan
1702368959274,nan,nan
1702368959285,nan,nan
1702368959299,nan,nan
1702368959340,nan,nan
1702368959342,nan,nan
1702368959356,nan,nan
1702368959366,nan,nan
1702368959377,nan,nan
1702368959386,nan,nan
1702368959400,nan,nan
1702368959409,nan,nan
1702368959420,nan,nan
1702368959432,nan,nan
1702368959441,nan,nan
1702368959452,nan,nan
1702368959489,nan,nan
1702368959490,nan,nan
1702368959505,nan,nan
1702368959508,nan,nan
1702368959519,nan,nan
1702368959531,nan,nan
1702368959540,nan,nan
1702368959553,nan,nan
1702368959565,nan,nan
1702368959573,nan,nan
1702368959586,nan,nan
1702368959622,nan,nan
1702368959623,nan,nan
1702368959639,nan,nan
1702368959640,nan,nan
1702368959654,nan,nan
1702368959666,nan,nan
1702368959674,nan,nan
1702368959686,nan,nan
1702368959699,nan,nan
1702368959707,nan,nan
1702368959719,nan,nan
1702368959731,nan,nan
1702368959739,nan,nan
1702368959773,nan,nan
1702368959774,nan,nan
1702368959790,nan,nan
1702368959798,nan,nan
1702368959808,nan,nan
1702368959818,nan,nan
1702368959832,nan,nan
1702368959840,nan,nan
1702368959851,nan,nan
1702368959865,nan,nan
1702368959874,nan,nan
1702368959885,nan,nan
1702368959923,nan,nan
1702368959924,nan,nan
1702368959932,nan,nan
1702368959941,nan,nan
1702368959952,nan,nan
1702368959965,nan,nan
1702368959974,nan,nan
1702368959985,nan,nan
1702368959999,nan,nan
1702368960007,nan,nan
1702368960019,nan,nan
1702368960032,nan,nan
1702368960041,nan,nan
1702368960076,nan,nan
1702368960077,nan,nan
1702368960086,nan,nan
1702368960097,nan,nan
1702368960107,nan,nan
1702368960118,nan,nan
1702368960130,nan,nan
1702368960140,nan,nan
1702368960152,nan,nan
1702368960164,nan,nan
1702368960173,nan,nan
1702368960185,nan,nan
1702368960223,nan,nan
1702368960224,nan,nan
1702368960231,nan,nan
1702368960242,nan,nan
1702368960253,nan,nan
1702368960265,nan,nan
1702368960273,nan,nan
1702368960285,nan,nan
1702368960298,nan,nan
1702368960306,nan,nan
1702368960319,nan,nan
1702368960333,nan,nan
1702368960340,nan,nan
1702368960376,nan,nan
1702368960377,nan,nan
1702368960385,nan,nan
1702368960400,nan,nan
1702368960408,nan,nan
1702368960418,nan,nan
1702368960433,nan,nan
1702368960441,nan,nan
1702368960452,nan,nan
1702368960466,nan,nan
1702368960474,nan,nan
1702368960484,nan,nan
1702368960504,nan,nan
1702368960524,nan,nan
1702368960525,nan,nan
1702368960543,nan,nan
1702368960551,nan,nan
1702368960566,nan,nan
1702368960574,nan,nan
1702368960585,nan,nan
1702368960599,nan,nan
1702368960608,nan,nan
1702368960618,nan,nan
1702368960655,nan,nan
1702368960656,nan,nan
1702368960671,nan,nan
1702368960674,nan,nan
1702368960687,nan,nan
1702368960703,nan,nan
1702368960720,nan,nan
1702368960729,nan,nan
1702368960740,nan,nan
1702368960752,nan,nan
1702368960763,nan,nan
1702368960774,nan,nan
1702368960807,nan,nan
1702368960808,2104.7100830078125,888.3592128753662
1702368960824,2104.7100830078125,888.3592128753662
1702368960831,1892.0198059082031,717.0271682739258
1702368960842,1892.0198059082031,717.0271682739258
1702368960852,1892.0198059082031,717.0271682739258
1702368960863,1918.9775085449219,722.5623893737793
1702368960874,1927.9147338867188,727.4021244049072
1702368960885,1933.7655639648438,731.9846248626709
1702368960897,1936.5020751953125,728.4411907196045
1702368960908,1934.1229248046875,722.076416015625
1702368960943,1934.3080139160156,721.8167781829834
1702368960944,1932.7015686035156,731.4763355255127
1702368960953,1835.9678649902344,739.5560932159424
1702368960963,1645.2047729492188,792.6607418060303
1702368960976,1107.2410583496094,925.8403587341309
1702368960986,1107.2410583496094,925.8403587341309
1702368960997,1011.1391448974609,936.0798740386963
1702368961007,857.5461578369141,996.9049072265625
1702368961019,857.5461578369141,996.9049072265625
1702368961030,845.9709167480469,970.5787467956543
1702368961041,848.2848358154297,929.8301982879639
1702368961052,848.2848358154297,929.8301982879639
1702368961093,854.8825073242188,930.8326148986816
1702368961094,867.8655242919922,971.7015838623047
1702368961098,852.8132629394531,944.0974044799805
1702368961110,863.1401824951172,906.0513210296631
1702368961123,881.7301940917969,904.2552280426025
1702368961131,885.1245880126953,899.5783138275146
1702368961142,920.5251312255859,900.507001876831
1702368961155,907.8875732421875,925.9309959411621
1702368961165,875.9489440917969,944.7752523422241
1702368961176,860.6925582885742,916.911563873291
1702368961188,861.2217712402344,915.3473854064941
1702368961223,859.1645431518555,917.2951412200928
1702368961224,845.3769683837891,919.3264532089233
1702368961232,845.9709930419922,917.2288799285889
1702368961242,819.5479202270508,938.5400819778442
1702368961255,769.1580200195312,948.7584829330444
1702368961265,491.20689392089844,976.2314701080322
1702368961276,440.27109146118164,975.0493669509888
1702368961287,430.0975799560547,973.5156583786011
1702368961298,435.9848976135254,971.4440488815308
1702368961309,426.88724517822266,967.55042552948
1702368961321,428.6343002319336,969.3254041671753
1702368961332,428.8313102722168,973.1204509735107
1702368961343,426.3725280761719,970.8176136016846
1702368961376,428.8409423828125,963.9936017990112
1702368961377,423.71137619018555,957.456521987915
1702368961393,431.8177032470703,965.2589178085327
1702368961400,433.53315353393555,970.0595140457153
1702368961410,428.262882232666,973.100323677063
1702368961421,426.22270584106445,974.7183609008789
1702368961432,429.37952041625977,971.5033578872681
1702368961443,414.0073013305664,958.273286819458
1702368961454,391.0164260864258,935.4672574996948
1702368961465,371.0060501098633,918.9263105392456
1702368961476,356.50373458862305,891.8180179595947
1702368961488,355.69406509399414,897.5090217590332
1702368961524,353.6773681640625,895.9302091598511
1702368961525,355.07171630859375,900.1162576675415
1702368961532,358.9592170715332,903.1289148330688
1702368961543,353.8929557800293,900.6092691421509
1702368961557,360.78927993774414,902.570972442627
1702368961565,362.5005531311035,902.742977142334
1702368961577,362.2385025024414,901.8594789505005
1702368961588,361.3686180114746,903.7172412872314
1702368961598,358.5510444641113,898.384838104248
1702368961609,360.80570220947266,895.9011125564575
1702368961620,357.26192474365234,892.5059080123901
1702368961631,421.2586784362793,911.0196733474731
1702368961643,689.6738815307617,936.5951156616211
1702368961684,873.9619064331055,948.8522958755493
1702368961687,1000.1992416381836,953.0311346054077
1702368961701,1010.3424072265625,955.9639263153076
1702368961709,1005.3736114501953,954.4408178329468
1702368961722,1003.1093978881836,956.135458946228
1702368961731,997.5704956054688,956.2018489837646
1702368961743,999.7439193725586,959.7480297088623
1702368961754,1000.4933929443359,958.7920045852661
1702368961765,996.8732070922852,953.3257484436035
1702368961776,997.4945831298828,950.1044368743896
1702368961787,996.3393020629883,946.1254119873047
1702368961830,1001.435661315918,948.1838035583496
1702368961831,997.1412658691406,952.9723834991455
1702368961832,1002.5243759155273,965.4028129577637
1702368961847,1007.8421783447266,968.900842666626
1702368961854,1003.2626342773438,964.7667646408081
1702368961865,1003.8481140136719,962.2205543518066
1702368961876,1005.1360702514648,960.4378080368042
1702368961887,1000.0650405883789,959.6858882904053
1702368961898,998.5065841674805,957.7926349639893
1702368961910,1003.4974670410156,942.5038290023804
1702368961921,1039.9687194824219,912.5827360153198
1702368961932,1066.5130233764648,889.0097665786743
1702368961943,1105.3519821166992,845.904221534729
1702368961976,1096.4684295654297,850.9269905090332
1702368961977,1104.300765991211,854.4465637207031
1702368961994,1103.6127090454102,855.745096206665
1702368961998,1104.4961166381836,853.5704898834229
1702368962011,1101.759033203125,854.7675275802612
1702368962021,1102.5164031982422,851.9248580932617
1702368962031,1101.3384628295898,854.6507978439331
1702368962043,1049.2602920532227,870.024619102478
1702368962054,996.188850402832,892.9204702377319
1702368962065,833.6487579345703,950.905966758728
1702368962076,569.4027137756348,1038.2295942306519
1702368962087,559.6212768554688,1039.841709136963
1702368962127,562.3319625854492,1046.5930652618408
1702368962128,565.9688949584961,1049.1755819320679
1702368962132,565.2455139160156,1044.2813444137573
1702368962143,568.5330200195312,1038.8467597961426
1702368962154,572.2652435302734,1042.1592235565186
1702368962164,576.1831855773926,1045.530138015747
1702368962175,573.1461334228516,1048.149733543396
1702368962186,574.2786979675293,1046.0584259033203
1702368962197,571.885986328125,1046.735029220581
1702368962209,570.8344268798828,1045.838098526001
1702368962220,563.5401916503906,1042.9275798797607
1702368962231,563.3634185791016,1041.3057231903076
1702368962242,563.2013893127441,1038.988037109375
1702368962277,570.1629447937012,1043.5269784927368
1702368962278,573.5347938537598,1048.695788383484
1702368962294,566.0593605041504,1046.263132095337
1702368962298,563.4224128723145,1044.4588422775269
1702368962309,569.0102386474609,1043.9429569244385
1702368962320,574.4622802734375,1043.9282369613647
1702368962331,611.3687515258789,1062.3694324493408
1702368962342,846.6455459594727,1196.401219367981
1702368962353,1053.5631942749023,1321.047077178955
1702368962365,nan,nan
1702368962376,nan,nan
1702368962387,nan,nan
1702368962407,nan,nan
1702368962428,nan,nan
1702368962429,nan,nan
1702368962430,nan,nan
1702368962447,nan,nan
1702368962454,nan,nan
1702368962465,302.3740577697754,421.11252307891846
1702368962475,302.3740577697754,421.11252307891846
1702368962486,302.3740577697754,421.11252307891846
1702368962497,283.3212089538574,381.455397605896
1702368962508,379.94190216064453,5.543255656957626
1702368962520,379.94190216064453,5.543255656957626
1702368962530,nan,nan
1702368962540,nan,nan
1702368962576,nan,nan
1702368962577,nan,nan
1702368962586,nan,nan
1702368962596,nan,nan
1702368962608,nan,nan
1702368962620,nan,nan
1702368962629,nan,nan
1702368962640,nan,nan
1702368962652,nan,nan
1702368962663,nan,nan
1702368962673,nan,nan
1702368962684,nan,nan
1702368962695,nan,nan
1702368962728,nan,nan
1702368962729,nan,nan
1702368962745,nan,nan
1702368962752,nan,nan
1702368962762,nan,nan
1702368962773,nan,nan
1702368962784,nan,nan
1702368962795,nan,nan
1702368962806,nan,nan
1702368962818,nan,nan
1702368962829,nan,nan
1702368962840,nan,nan
1702368962858,nan,nan
1702368962879,nan,nan
1702368962880,nan,nan
1702368962885,nan,nan
1702368962897,nan,nan
1702368962906,nan,nan
1702368962917,nan,nan
1702368962928,nan,nan
1702368962939,nan,nan
1702368962950,nan,nan
1702368962961,nan,nan
1702368962974,nan,nan
1702368962985,nan,nan
1702368963026,2065.7528686523438,1433.7322998046875
1702368963030,1723.2601165771484,1199.339632987976
1702368963042,1540.1435852050781,1081.529631614685
1702368963053,1531.1071014404297,1082.452826499939
1702368963064,1540.7526397705078,1090.5266189575195
1702368963075,1530.6427001953125,1073.5368633270264
1702368963087,1532.2769927978516,1073.4578132629395
1702368963097,1535.5892944335938,1079.782977104187
1702368963108,1539.5443725585938,1079.6730709075928
1702368963120,1536.4518737792969,1078.4209728240967
1702368963130,1534.5667266845703,1082.1712160110474
1702368963142,1532.4202728271484,1075.4213190078735
1702368963176,1535.1950073242188,1074.0288877487183
1702368963177,1492.7230072021484,1048.9199781417847
1702368963195,1277.0189666748047,941.0445356369019
1702368963197,1238.2411193847656,934.7463655471802
1702368963210,1212.0730209350586,942.235951423645
1702368963220,1211.8729782104492,943.8132619857788
1702368963231,1213.6776733398438,946.2648010253906
1702368963242,1210.1999282836914,946.5411758422852
1702368963254,1215.018081665039,947.2396659851074
1702368963264,1214.2978286743164,939.1701650619507
1702368963275,1214.3737030029297,937.90931224823
1702368963287,1217.9765701293945,937.4365997314453
1702368963297,1217.7694702148438,935.7980918884277
1702368963328,1215.9720993041992,935.2747392654419
1702368963329,1213.1779479980469,928.3691883087158
1702368963330,1209.760513305664,927.3698616027832
1702368963347,1215.084342956543,929.180588722229
1702368963353,1207.0370483398438,932.6698207855225
1702368963363,1192.442283630371,909.1611814498901
1702368963374,1152.6197814941406,864.7296380996704
1702368963386,1144.7774124145508,845.0913619995117
1702368963397,1142.2297668457031,855.167670249939
1702368963408,1144.818115234375,856.1921453475952
1702368963419,1140.4856491088867,856.8752288818359
1702368963430,1146.891975402832,858.2828950881958
1702368963441,1149.1973495483398,864.0117931365967
1702368963480,1147.1236419677734,859.6671295166016
1702368963481,1147.8898620605469,844.7166681289673
1702368963486,1156.635971069336,845.7973194122314
1702368963505,1154.1192626953125,854.616551399231
1702368963508,1151.4759826660156,851.5572452545166
1702368963519,1147.449607849121,848.5478067398071
1702368963531,1145.520362854004,851.8222904205322
1702368963541,1147.0929336547852,856.1568689346313
1702368963553,1144.7975540161133,856.9168996810913
1702368963564,1146.2070083618164,852.0433902740479
1702368963575,1148.5514068603516,850.2158403396606
1702368963586,1149.0090942382812,848.6296463012695
1702368963597,1149.7095489501953,852.5149440765381
1702368963608,1148.5686874389648,854.0958166122437
1702368963631,1149.1304779052734,855.4402256011963
1702368963656,1150.5776977539062,851.7348289489746
1702368963663,1151.3054275512695,856.0951566696167
1702368963674,1149.7866821289062,858.4249877929688
1702368963686,1156.396255493164,856.7033958435059
1702368963696,1154.874153137207,856.8701219558716
1702368963707,1157.2763442993164,857.4815797805786
1702368963719,1147.6351165771484,857.4343729019165
1702368963730,1152.452735900879,860.7730579376221
1702368963741,1150.0269317626953,857.3422336578369
1702368963752,1155.5276489257812,857.7354669570923
1702368963763,1152.7373504638672,851.8353796005249
1702368963774,1153.3154296875,848.44313621521
1702368963817,1155.226173400879,852.1103811264038
1702368963818,1154.945182800293,853.747730255127
1702368963819,1159.065284729004,858.8214826583862
1702368963835,1160.9893798828125,850.9078073501587
1702368963842,1159.6472549438477,855.2012300491333
1702368963853,1152.6295852661133,852.7610206604004
1702368963863,1147.3625946044922,857.7660655975342
1702368963874,1134.4099807739258,835.9732675552368
1702368963886,1123.7030792236328,823.4971332550049
1702368963897,1119.5834732055664,822.3097944259644
1702368963908,1124.9787902832031,831.4988279342651
1702368963919,1126.600685119629,835.4439926147461
1702368963963,1127.3455810546875,828.8351154327393
1702368963964,1129.841651916504,826.1055278778076
1702368963980,1129.9715423583984,827.6467037200928
1702368963986,1130.580940246582,829.7721719741821
1702368963997,1128.4708404541016,827.9244518280029
1702368964008,1129.6598434448242,827.2338151931763
1702368964019,1129.8577117919922,829.2911338806152
1702368964029,1134.9117279052734,831.5021753311157
1702368964040,1131.9134140014648,836.0942029953003
1702368964052,1136.5929794311523,836.3436698913574
1702368964063,1135.3763580322266,828.7834024429321
1702368964074,1132.7759170532227,831.4171600341797
1702368964110,1129.0954208374023,830.6875133514404
1702368964111,1125.7454299926758,830.9853458404541
1702368964126,1130.2578735351562,828.7383842468262
1702368964130,1133.1797409057617,835.7890319824219
1702368964141,1135.538101196289,830.745062828064
1702368964152,1134.0761184692383,825.8040046691895
1702368964163,1135.9678268432617,826.1300754547119
1702368964174,1139.588394165039,832.9120302200317
1702368964185,1145.2414321899414,839.5956659317017
1702368964196,1144.9794387817383,838.13401222229
1702368964207,1141.7506790161133,842.819037437439
1702368964219,1144.3204498291016,838.2288122177124
1702368964240,1162.7721405029297,843.1279850006104
1702368964261,1227.484130859375,850.2604293823242
1702368964262,1250.9616088867188,854.9822330474854
1702368964263,1250.5956268310547,852.4900102615356
1702368964278,1238.6905670166016,851.5993452072144
1702368964286,1243.6360931396484,852.0432186126709
1702368964297,1241.9281768798828,850.3696918487549
1702368964308,1245.517692565918,845.6163883209229
1702368964319,1246.7203521728516,847.2406482696533
1702368964330,1248.7852478027344,845.9917259216309
1702368964341,1249.9235153198242,853.0896663665771
1702368964352,1254.7361373901367,854.5030832290649
1702368964394,1254.7218704223633,857.6009273529053
1702368964395,1257.8839874267578,866.9562578201294
1702368964397,1250.3628540039062,864.9759721755981
1702368964411,1248.7210845947266,857.6663732528687
1702368964418,1252.8657913208008,856.0170078277588
1702368964430,1255.1061630249023,854.0424728393555
1702368964440,1224.996566772461,840.5312204360962
1702368964451,1199.2356872558594,835.5045890808105
1702368964462,1191.1849975585938,838.3282899856567
1702368964473,1193.6951065063477,843.7180709838867
1702368964485,1194.0595245361328,847.2888422012329
1702368964496,1193.9074325561523,846.1384534835815
1702368964507,1188.5469436645508,844.2149877548218
1702368964545,1184.6027374267578,835.4919719696045
1702368964546,1184.0472030639648,837.9762554168701
1702368964552,1183.111343383789,847.9249334335327
1702368964563,1178.8212203979492,844.5243644714355
1702368964575,1182.2463607788086,845.0791311264038
1702368964585,1179.903450012207,838.5603332519531
1702368964596,1179.8771667480469,842.8791189193726
1702368964607,1272.6704025268555,861.839075088501
1702368964619,1450.1028442382812,901.2787485122681
1702368964629,1573.1229400634766,908.9632987976074
1702368964640,1896.4698028564453,960.8373928070068
1702368964651,2094.998321533203,919.9580383300781
1702368964661,nan,nan
1702368964698,nan,nan
1702368964699,nan,nan
1702368964705,nan,nan
1702368964717,nan,nan
1702368964728,nan,nan
1702368964739,nan,nan
1702368964749,nan,nan
1702368964761,nan,nan
1702368964770,nan,nan
1702368964782,nan,nan
1702368964793,nan,nan
1702368964804,nan,nan
1702368964845,nan,nan
1702368964846,nan,nan
1702368964861,nan,nan
1702368964877,nan,nan
1702368964885,nan,nan
1702368964898,nan,nan
1702368964907,nan,nan
1702368964919,nan,nan
1702368964931,nan,nan
1702368964940,nan,nan
1702368964953,nan,nan
1702368964994,nan,nan
1702368964998,nan,nan
1702368965010,nan,nan
1702368965019,nan,nan
1702368965039,nan,nan
1702368965054,nan,nan
1702368965064,nan,nan
1702368965075,nan,nan
1702368965086,nan,nan
1702368965097,nan,nan
1702368965108,nan,nan
1702368965142,nan,nan
1702368965143,nan,nan
1702368965158,nan,nan
1702368965164,nan,nan
1702368965174,nan,nan
1702368965186,nan,nan
1702368965197,nan,nan
1702368965208,nan,nan
1702368965219,nan,nan
1702368965230,nan,nan
1702368965241,nan,nan
1702368965282,nan,nan
1702368965283,nan,nan
1702368965286,nan,nan
1702368965300,nan,nan
1702368965308,nan,nan
1702368965320,nan,nan
1702368965330,nan,nan
1702368965341,nan,nan
1702368965352,nan,nan
1702368965363,nan,nan
1702368965374,nan,nan
1702368965385,nan,nan
1702368965396,nan,nan
1702368965429,nan,nan
1702368965430,nan,nan
1702368965440,nan,nan
1702368965460,nan,nan
1702368965479,nan,nan
1702368965489,nan,nan
1702368965504,nan,nan
1702368965512,nan,nan
1702368965523,nan,nan
1702368965537,nan,nan
1702368965545,nan,nan
1702368965577,nan,nan
1702368965578,nan,nan
1702368965595,nan,nan
1702368965603,nan,nan
1702368965611,nan,nan
1702368965622,nan,nan
1702368965638,nan,nan
1702368965644,nan,nan
1702368965656,nan,nan
1702368965671,nan,nan
1702368965710,nan,nan
1702368965711,nan,nan
1702368965725,nan,nan
1702368965740,nan,nan
1702368965746,nan,nan
1702368965755,nan,nan
1702368965771,nan,nan
1702368965778,nan,nan
1702368965789,nan,nan
1702368965805,nan,nan
1702368965812,nan,nan
1702368965822,nan,nan
1702368965862,nan,nan
1702368965863,nan,nan
1702368965872,nan,nan
1702368965884,nan,nan
1702368965889,nan,nan
1702368965904,nan,nan
1702368965912,nan,nan
1702368965922,nan,nan
1702368965938,nan,nan
1702368965946,nan,nan
1702368965956,nan,nan
1702368965970,nan,nan
1702368965978,nan,nan
1702368966012,nan,nan
1702368966013,nan,nan
1702368966029,nan,nan
1702368966037,nan,nan
1702368966047,nan,nan
1702368966056,nan,nan
1702368966070,nan,nan
1702368966078,nan,nan
1702368966090,nan,nan
1702368966104,nan,nan
1702368966111,nan,nan
1702368966122,nan,nan
1702368966161,nan,nan
1702368966162,nan,nan
1702368966177,nan,nan
1702368966178,nan,nan
1702368966194,nan,nan
1702368966211,nan,nan
1702368966222,nan,nan
1702368966233,nan,nan
1702368966244,nan,nan
1702368966256,nan,nan
1702368966267,nan,nan
1702368966278,nan,nan
1702368966313,nan,nan
1702368966314,nan,nan
1702368966329,nan,nan
1702368966334,nan,nan
1702368966345,nan,nan
1702368966356,nan,nan
1702368966367,nan,nan
1702368966378,nan,nan
1702368966389,nan,nan
1702368966399,nan,nan
1702368966411,nan,nan
1702368966446,nan,nan
1702368966447,nan,nan
1702368966456,nan,nan
1702368966466,nan,nan
1702368966478,nan,nan
1702368966490,nan,nan
1702368966501,nan,nan
1702368966511,nan,nan
1702368966522,nan,nan
1702368966538,nan,nan
1702368966558,nan,nan
1702368966597,nan,nan
1702368966598,nan,nan
1702368966601,nan,nan
1702368966616,nan,nan
1702368966624,nan,nan
1702368966634,nan,nan
1702368966646,nan,nan
1702368966657,nan,nan
1702368966668,nan,nan
1702368966679,nan,nan
1702368966690,nan,nan
1702368966702,nan,nan
1702368966713,nan,nan
1702368966746,nan,nan
1702368966763,nan,nan
1702368966782,nan,nan
1702368966800,nan,nan
1702368966815,nan,nan
1702368966826,nan,nan
1702368966837,1427.6463317871094,989.5622634887695
1702368966849,1427.6463317871094,989.5622634887695
1702368966860,1427.6463317871094,989.5622634887695
1702368966898,1419.3293762207031,992.446174621582
1702368966899,1357.87841796875,963.8019847869873
1702368966905,1276.5733337402344,932.600040435791
1702368966916,1169.3533325195312,891.7993927001953
1702368966926,1174.5692443847656,888.6819362640381
1702368966937,1178.9228820800781,890.8344841003418
1702368966948,1177.1839904785156,886.8636989593506
1702368966959,1163.0502319335938,895.1326274871826
1702368966970,1186.4013671875,877.4357986450195
1702368966981,1175.7099151611328,874.1071128845215
1702368966992,1175.7099151611328,874.1071128845215
1702368967004,1168.5211944580078,876.807861328125
1702368967015,1174.097900390625,878.7326145172119
1702368967047,1187.833251953125,880.1681327819824
1702368967048,1190.8519744873047,877.5103855133057
1702368967064,1177.8575134277344,875.3431606292725
1702368967071,1112.1343994140625,895.5786895751953
1702368967082,847.2556304931641,946.9943618774414
1702368967093,847.2556304931641,946.9943618774414
1702368967104,717.1979522705078,982.8356266021729
1702368967115,578.7144470214844,1014.1544723510742
1702368967126,578.7144470214844,1014.1544723510742
1702368967137,585.7905197143555,1012.6101207733154
1702368967149,588.6580276489258,1023.5613441467285
1702368967171,588.6580276489258,1023.5613441467285
1702368967195,584.0320587158203,1016.9114398956299
1702368967196,577.0584869384766,1014.5813941955566
1702368967211,584.6620178222656,1025.4772567749023
1702368967215,588.2831573486328,1025.377435684204
1702368967228,589.333610534668,1025.2055168151855
1702368967238,588.0392837524414,1014.9420547485352
1702368967249,586.9240570068359,1012.8775691986084
1702368967260,587.1284484863281,1007.9072856903076
1702368967271,592.2925186157227,1008.5602855682373
1702368967281,597.4607849121094,1004.0431022644043
1702368967293,590.5735015869141,1003.3743953704834
1702368967304,586.3612365722656,1001.4740180969238
1702368967315,581.3290023803711,1012.7151775360107
1702368967349,592.0677185058594,1018.2997512817383
1702368967366,593.5808944702148,1014.343900680542
1702368967370,594.1437911987305,1019.9757671356201
1702368967382,588.1041717529297,1023.4631538391113
1702368967393,593.7885284423828,1027.0810890197754
1702368967404,592.1296310424805,1024.5231628417969
1702368967415,598.0289459228516,1022.1452236175537
1702368967426,597.8859329223633,1017.9267311096191
1702368967437,598.3893203735352,1011.3869476318359
1702368967448,593.2061386108398,1006.984691619873
1702368967459,591.2985229492188,1008.1972217559814
1702368967498,598.5385894775391,1010.7705974578857
1702368967499,719.7449493408203,986.9626235961914
1702368967504,930.8226013183594,966.9510269165039
1702368967515,1035.7097625732422,966.4960384368896
1702368967526,1026.7137145996094,963.7596702575684
1702368967537,1036.0619354248047,956.4279270172119
1702368967549,1046.4131927490234,955.2002906799316
1702368967560,1055.8401489257812,967.5274658203125
1702368967571,1056.2797546386719,970.5350589752197
1702368967582,1058.1929016113281,972.1922779083252
1702368967593,1052.0585632324219,961.7260837554932
1702368967604,1061.1616516113281,963.5690402984619
1702368967647,1056.5504455566406,965.9953880310059
1702368967648,1063.0149459838867,975.0624990463257
1702368967650,1037.0266723632812,973.6199426651001
1702368967662,1040.3394317626953,976.1549949645996
1702368967672,1038.218879699707,979.3302154541016
1702368967683,1040.4199981689453,976.9012928009033
1702368967694,1036.1362075805664,975.1389312744141
1702368967705,1034.3462371826172,968.6630058288574
1702368967717,1035.254135131836,964.4777297973633
1702368967727,1032.9251861572266,963.023157119751
1702368967738,1038.1523513793945,969.6564102172852
1702368967750,1152.2784423828125,1043.899655342102
1702368967761,1286.7266082763672,1133.7453746795654
1702368967797,1493.2249450683594,1274.488091468811
1702368967798,nan,nan
1702368967805,nan,nan
1702368967816,nan,nan
1702368967830,nan,nan
1702368967838,nan,nan
1702368967849,nan,nan
1702368967860,nan,nan
1702368967871,nan,nan
1702368967882,nan,nan
1702368967893,nan,nan
1702368967904,nan,nan
1702368967948,nan,nan
1702368967949,nan,nan
1702368967964,nan,nan
1702368967972,696.4895629882812,85.31929850578308
1702368967983,696.4895629882812,85.31929850578308
1702368967994,698.2846832275391,72.13937401771545
1702368968005,690.7740783691406,50.10618031024933
1702368968015,690.7740783691406,50.10618031024933
1702368968027,676.4041137695312,44.306707978248596
1702368968038,684.7721099853516,54.70148026943207
1702368968049,684.7721099853516,54.70148026943207
1702368968061,681.5566253662109,57.84404218196869
1702368968099,673.3270263671875,77.42797136306763
1702368968105,664.6983337402344,59.33036684989929
1702368968116,664.6983337402344,59.33036684989929
1702368968129,338.0067443847656,330.3381156921387
1702368968138,377.72239685058594,313.35582733154297
1702368968149,377.72239685058594,313.35582733154297
1702368968160,377.72239685058594,313.35582733154297
1702368968171,344.4500732421875,328.3103656768799
1702368968183,nan,nan
1702368968194,nan,nan
1702368968205,nan,nan
1702368968247,nan,nan
1702368968249,nan,nan
1702368968263,nan,nan
1702368968271,nan,nan
1702368968282,312.0983695983887,287.02749967575073
1702368968293,312.0983695983887,287.02749967575073
1702368968304,325.2455139160156,322.95944452285767
1702368968315,nan,nan
1702368968326,nan,nan
1702368968338,nan,nan
1702368968349,nan,nan
1702368968382,nan,nan
1702368968393,nan,nan
1702368968404,nan,nan
1702368968416,nan,nan
1702368968426,nan,nan
1702368968437,nan,nan
1702368968448,nan,nan
1702368968460,nan,nan
1702368968470,nan,nan
1702368968480,nan,nan
1702368968492,nan,nan
1702368968513,nan,nan
1702368968533,nan,nan
1702368968536,nan,nan
1702368968552,nan,nan
1702368968558,nan,nan
1702368968570,nan,nan
1702368968580,nan,nan
1702368968592,nan,nan
1702368968603,nan,nan
1702368968614,nan,nan
1702368968626,nan,nan
1702368968636,nan,nan
1702368968647,1397.7484130859375,1231.9506168365479
1702368968664,1281.4064025878906,1253.866195678711
1702368968684,1219.3817901611328,1210.2815437316895
1702368968685,968.6117553710938,1148.2118797302246
1702368968692,934.0744781494141,1117.0243549346924
1702368968703,917.5511169433594,1129.1637325286865
1702368968716,929.88525390625,1072.8305625915527
1702368968727,960.815315246582,1090.7052755355835
1702368968738,940.4993438720703,1084.2716646194458
1702368968749,939.6736145019531,1073.8256406784058
1702368968760,940.6850051879883,1068.757038116455
1702368968771,942.7358245849609,1064.5297050476074
1702368968783,943.2989501953125,1063.4160089492798
1702368968793,941.3346099853516,1063.9179468154907
1702368968833,939.1001892089844,1070.4007816314697
1702368968838,932.0486450195312,1061.8263816833496
1702368968851,930.8856964111328,1061.7048025131226
1702368968860,934.0663528442383,1062.5935363769531
1702368968871,938.6938095092773,1061.1014986038208
1702368968883,938.2199859619141,1061.5043878555298
1702368968894,934.5721817016602,1060.3247737884521
1702368968905,929.4886016845703,1063.9521932601929
1702368968916,935.4969024658203,1064.6386241912842
1702368968927,989.0407180786133,1039.2749691009521
1702368968938,1047.0321655273438,1013.0738210678101
1702368968950,1138.381576538086,963.9599561691284
1702368968981,1141.8793869018555,964.6323537826538
1702368968982,1142.7803802490234,959.5993709564209
1702368968983,1150.7000350952148,953.5017013549805
1702368968997,1150.8323669433594,957.9471731185913
1702368969004,1152.6588821411133,961.0678482055664
1702368969017,1149.920997619629,964.2923355102539
1702368969027,1147.3349380493164,960.6277084350586
1702368969037,1144.2025756835938,962.1319341659546
1702368969049,1147.5270080566406,962.0672607421875
1702368969060,1148.1255340576172,963.6453866958618
1702368969071,1148.0096054077148,956.6128921508789
1702368969083,1149.803466796875,957.945499420166
1702368969093,1149.3978118896484,958.2320022583008
1702368969131,1156.4506530761719,960.698733329773
1702368969137,1163.491096496582,959.8685789108276
1702368969149,1167.7023315429688,963.3858776092529
1702368969161,1167.1031188964844,963.8725805282593
1702368969171,1171.568603515625,969.8542499542236
1702368969182,1168.6954498291016,966.3614130020142
1702368969193,1168.4641647338867,961.6092681884766
1702368969204,1157.8743362426758,959.1047716140747
1702368969216,1151.9677352905273,963.1097173690796
1702368969227,1151.4094543457031,962.5486421585083
1702368969238,1155.391616821289,962.2446298599243
1702368969280,1161.1697387695312,959.9149703979492
1702368969281,1170.9197998046875,967.738995552063
1702368969283,1226.2819290161133,1006.4022874832153
1702368969296,1252.3012924194336,1022.3522472381592
1702368969304,1271.6438674926758,1031.3580322265625
1702368969316,1260.8902740478516,1022.6147174835205
1702368969327,1261.1725997924805,1021.1783409118652
1702368969338,1257.6002502441406,1020.5064582824707
1702368969349,1252.8690338134766,1021.8703937530518
1702368969360,1252.4165344238281,1024.2988443374634
1702368969371,1256.316032409668,1028.036813735962
1702368969382,1262.1399688720703,1024.4438982009888
1702368969413,1259.2826843261719,1022.4081659317017
1702368969414,1258.704605102539,1019.6226167678833
1702368969415,1257.8723907470703,1020.7805585861206
1702368969429,1266.725730895996,1026.2622213363647
1702368969437,1266.0674285888672,1024.660234451294
1702368969448,1264.4643783569336,1023.9402866363525
1702368969460,1257.4185943603516,1020.6496667861938
1702368969471,1258.7395477294922,1020.7624912261963
1702368969482,1261.9453048706055,1018.575611114502
1702368969493,1269.1951751708984,1020.5133247375488
1702368969504,1300.3630828857422,1029.415683746338
1702368969515,1598.3028411865234,1078.8357496261597
1702368969527,1815.9660339355469,1117.4418354034424
1702368969565,1985.8846282958984,1124.5957374572754
1702368969569,nan,nan
1702368969582,nan,nan
1702368969591,nan,nan
1702368969602,nan,nan
1702368969613,nan,nan
1702368969625,nan,nan
1702368969635,nan,nan
1702368969647,nan,nan
1702368969657,nan,nan
1702368969668,nan,nan
1702368969679,nan,nan
1702368969715,nan,nan
1702368969716,nan,nan
1702368969731,nan,nan
1702368969735,nan,nan
1702368969746,nan,nan
1702368969757,nan,nan
1702368969767,nan,nan
1702368969778,nan,nan
1702368969790,nan,nan
1702368969801,nan,nan
1702368969811,nan,nan
1702368969828,nan,nan
1702368969867,nan,nan
1702368969873,nan,nan
1702368969884,nan,nan
1702368969892,nan,nan
1702368969913,nan,nan
1702368969927,nan,nan
1702368969937,nan,nan
1702368969948,nan,nan
1702368969960,nan,nan
1702368969971,nan,nan
1702368969982,nan,nan
1702368970014,nan,nan
1702368970022,nan,nan
1702368970045,nan,nan
1702368970052,nan,nan
1702368970063,nan,nan
1702368970076,nan,nan
1702368970086,nan,nan
1702368970096,nan,nan
1702368970110,nan,nan
1702368970149,nan,nan
1702368970152,nan,nan
1702368970164,nan,nan
1702368970177,nan,nan
1702368970185,nan,nan
1702368970196,nan,nan
1702368970210,nan,nan
1702368970218,nan,nan
1702368970230,nan,nan
1702368970244,nan,nan
1702368970251,nan,nan
1702368970263,nan,nan
1702368970299,nan,nan
1702368970313,nan,nan
1702368970317,nan,nan
1702368970329,nan,nan
1702368970344,nan,nan
1702368970350,nan,nan
1702368970362,nan,nan
1702368970377,nan,nan
1702368970384,nan,nan
1702368970395,nan,nan
1702368970411,nan,nan
1702368970450,nan,nan
1702368970451,nan,nan
1702368970452,nan,nan
1702368970466,nan,nan
1702368970479,nan,nan
1702368970485,nan,nan
1702368970495,nan,nan
1702368970511,nan,nan
1702368970519,nan,nan
1702368970529,nan,nan
1702368970544,nan,nan
1702368970551,nan,nan
1702368970561,nan,nan
1702368970599,nan,nan
1702368970615,nan,nan
1702368970618,nan,nan
1702368970631,nan,nan
1702368970644,nan,nan
1702368970652,nan,nan
1702368970662,nan,nan
1702368970677,nan,nan
1702368970685,nan,nan
1702368970696,nan,nan
1702368970711,nan,nan
1702368970747,nan,nan
1702368970752,nan,nan
1702368970764,nan,nan
1702368970773,nan,nan
1702368970784,nan,nan
1702368970796,nan,nan
1702368970806,nan,nan
1702368970818,nan,nan
1702368970829,nan,nan
1702368970840,nan,nan
1702368970851,nan,nan
1702368970862,nan,nan
1702368970899,nan,nan
1702368970900,nan,nan
1702368970906,nan,nan
1702368970918,nan,nan
1702368970930,nan,nan
1702368970940,nan,nan
1702368970951,nan,nan
1702368970962,nan,nan
1702368970973,nan,nan
1702368970983,nan,nan
1702368971000,nan,nan
1702368971035,nan,nan
1702368971052,nan,nan
1702368971055,nan,nan
1702368971065,nan,nan
1702368971080,nan,nan
1702368971088,nan,nan
1702368971098,nan,nan
1702368971113,nan,nan
1702368971122,nan,nan
1702368971132,nan,nan
1702368971147,nan,nan
1702368971161,nan,nan
1702368971185,nan,nan
1702368971186,nan,nan
1702368971188,nan,nan
1702368971203,nan,nan
1702368971212,nan,nan
1702368971220,nan,nan
1702368971231,nan,nan
1702368971246,nan,nan
1702368971254,nan,nan
1702368971264,nan,nan
1702368971279,nan,nan
1702368971315,nan,nan
1702368971316,nan,nan
1702368971321,nan,nan
1702368971332,nan,nan
1702368971354,nan,nan
1702368971364,nan,nan
1702368971375,nan,nan
1702368971387,nan,nan
1702368971398,nan,nan
1702368971410,1437.5985717773438,949.6481609344482
1702368971421,1426.8157958984375,1022.060079574585
1702368971432,1431.0324096679688,1014.8905563354492
1702368971466,1418.0810546875,1011.3595676422119
1702368971467,1407.6202392578125,955.5953693389893
1702368971482,1404.346923828125,981.3732433319092
1702368971489,1422.8707885742188,941.3809490203857
1702368971500,1431.163330078125,947.7204895019531
1702368971510,1426.3166809082031,942.7328681945801
1702368971521,1420.9504699707031,951.1556911468506
1702368971532,1410.4019165039062,945.912036895752
1702368971543,1420.4202270507812,940.7395362854004
1702368971555,1419.290771484375,930.3872394561768
1702368971566,1427.6942443847656,928.9155864715576
1702368971576,1395.4151916503906,939.6911144256592
1702368971615,1255.9707641601562,954.2712593078613
1702368971616,1202.7812194824219,962.3542785644531
1702368971620,1165.3446960449219,968.9926815032959
1702368971631,1165.3446960449219,968.9926815032959
1702368971643,1163.9141845703125,957.751350402832
1702368971654,1164.0666198730469,951.2645244598389
1702368971665,1164.0666198730469,951.2645244598389
1702368971676,1163.731460571289,953.0413913726807
1702368971687,1150.3302001953125,956.5565872192383
1702368971698,1157.8846740722656,954.226884841919
1702368971710,1156.5476989746094,952.5592803955078
1702368971749,1160.606918334961,949.8412799835205
1702368971750,1161.9391632080078,946.5292453765869
1702368971754,1164.0606689453125,946.5754222869873
1702368971766,1162.3429107666016,949.6243858337402
1702368971777,1164.8816680908203,947.083625793457
1702368971787,1155.7372283935547,944.146671295166
1702368971799,1157.6647186279297,945.3028964996338
1702368971810,1156.7308044433594,948.9537906646729
1702368971821,1165.6009674072266,954.0334224700928
1702368971831,1156.552734375,955.9810924530029
1702368971843,1149.3316650390625,949.8738098144531
1702368971854,1145.9292602539062,939.0085887908936
1702368971865,1158.67431640625,943.9114952087402
1702368971901,1162.3594665527344,944.0480518341064
1702368971918,1171.1298370361328,963.8669586181641
1702368971921,1168.576431274414,949.8637676239014
1702368971934,1154.969482421875,938.2405757904053
1702368971943,1151.6339111328125,931.6458606719971
1702368971954,1150.5530548095703,937.4109363555908
1702368971965,1150.8627319335938,938.0073738098145
1702368971976,1152.3512268066406,938.4288024902344
1702368971987,1141.9426727294922,930.970630645752
1702368971998,1144.7994995117188,929.6756172180176
1702368972009,1147.0863342285156,936.8367290496826
1702368972049,1154.5343017578125,935.5210304260254
1702368972050,1144.273452758789,932.6608943939209
1702368972054,1140.1819610595703,934.7911262512207
1702368972067,1145.9183502197266,928.5286617279053
1702368972076,1144.5013427734375,930.2445030212402
1702368972087,1140.6993103027344,930.7969951629639
1702368972098,1141.9107055664062,930.981616973877
1702368972109,1146.0401153564453,932.8931522369385
1702368972120,1148.1633758544922,924.6768379211426
1702368972132,1146.3359832763672,923.5939979553223
1702368972143,1139.609375,925.7040596008301
1702368972182,1111.4900970458984,939.4476985931396
1702368972189,1090.6639099121094,936.1572504043579
1702368972200,1090.5220031738281,935.9928846359253
1702368972212,1084.4430541992188,941.0160398483276
1702368972222,1085.8030319213867,942.1154880523682
1702368972234,1089.151382446289,944.5897722244263
1702368972245,1093.1107711791992,942.924656867981
1702368972256,1090.0373458862305,950.2239561080933
1702368972267,1086.5199661254883,946.2935543060303
1702368972278,1088.0864334106445,945.1535940170288
1702368972289,1093.5204315185547,938.6347103118896
1702368972300,1094.2362594604492,939.792652130127
1702368972335,1094.6295928955078,943.1095790863037
1702368972350,1091.7981338500977,944.2718982696533
1702368972355,1088.106575012207,939.3900203704834
1702368972368,1092.7119445800781,940.3270769119263
1702368972377,1095.9709548950195,939.9142742156982
1702368972388,1095.3938293457031,937.3033905029297
1702368972400,1091.8324661254883,933.2022714614868
1702368972411,1091.147575378418,929.0969896316528
1702368972422,1093.6544799804688,932.9682111740112
1702368972433,1092.253646850586,932.0947551727295
1702368972467,1090.9318161010742,937.108941078186
1702368972483,1095.838737487793,935.891261100769
1702368972490,1094.2106628417969,940.6725883483887
1702368972500,1090.7367706298828,934.3317174911499
1702368972511,1089.399070739746,931.6883039474487
1702368972522,1089.0837478637695,933.7192726135254
1702368972533,1116.7618560791016,960.250654220581
1702368972544,1139.4062042236328,978.1999111175537
1702368972555,1175.2887725830078,1005.0948286056519
1702368972567,1171.3362121582031,997.7845430374146
1702368972577,1176.048355102539,1003.3498907089233
1702368972589,1177.2458267211914,1009.0314960479736
1702368972639,1182.846565246582,1020.5963230133057
1702368972640,1180.646095275879,1018.2426738739014
1702368972645,1180.2001953125,1010.5401420593262
1702368972656,1189.3885040283203,1013.2284021377563
1702368972668,1193.8879776000977,1016.7358303070068
1702368972678,1195.5160522460938,1015.0616598129272
1702368972689,1190.5891418457031,1014.0516901016235
1702368972699,1180.5867004394531,1007.6967430114746
1702368972710,1177.2282791137695,1010.692663192749
1702368972722,1174.7789001464844,1013.7816667556763
1702368972733,1182.8399276733398,1020.4144048690796
1702368972744,1186.8577575683594,1021.892237663269
1702368972755,1189.4993591308594,1018.5585737228394
1702368972791,1187.624626159668,1015.9191513061523
1702368972799,1187.1012115478516,1005.7501029968262
1702368972811,1182.9209518432617,1006.7584419250488
1702368972823,1182.9682540893555,1005.0576639175415
1702368972833,1185.6278991699219,1007.6659727096558
1702368972844,1187.3856353759766,1003.5532665252686
1702368972855,1186.7030715942383,1004.0008735656738
1702368972866,1183.304328918457,998.2585000991821
1702368972877,1185.1847076416016,1001.7158889770508
1702368972889,1187.0006942749023,1000.0166130065918
1702368972900,1145.3979873657227,1005.0111436843872
1702368972936,1041.0945892333984,1013.6290597915649
1702368972937,751.9221496582031,1024.6576595306396
1702368972938,622.9720306396484,1024.7734880447388
1702368972944,481.37256622314453,1021.6109704971313
1702368972955,283.770751953125,1030.6404876708984
1702368972968,262.1166706085205,1028.8244819641113
1702368972977,257.9507827758789,1034.4632148742676
1702368972989,259.3105411529541,1029.3526411056519
1702368973000,258.5352611541748,1031.4280271530151
1702368973011,261.1292362213135,1031.0357809066772
1702368973022,265.3490447998047,1028.8169717788696
1702368973033,261.0801601409912,1025.799207687378
1702368973044,259.78519439697266,1016.0893535614014
1702368973088,261.6537857055664,1021.4481496810913
1702368973089,254.06665802001953,1020.7849359512329
1702368973105,255.82701683044434,1018.2631015777588
1702368973110,261.1144161224365,1023.55224609375
1702368973121,259.8263931274414,1016.9421243667603
1702368973132,257.7571392059326,1020.6591510772705
1702368973143,276.1120891571045,1026.1778926849365
1702368973156,473.2838249206543,1128.1166410446167
1702368973166,710.5707550048828,1225.6297016143799
1702368973177,945.8160400390625,1347.2921705245972
1702368973189,nan,nan
1702368973200,nan,nan
1702368973237,nan,nan
1702368973238,nan,nan
1702368973244,nan,nan
1702368973255,nan,nan
1702368973267,nan,nan
1702368973276,nan,nan
1702368973287,nan,nan
1702368973298,nan,nan
1702368973309,nan,nan
1702368973321,nan,nan
1702368973332,nan,nan
1702368973342,nan,nan
1702368973355,nan,nan
1702368973385,nan,nan
1702368973388,nan,nan
1702368973402,nan,nan
1702368973410,nan,nan
1702368973422,nan,nan
1702368973433,nan,nan
1702368973443,nan,nan
1702368973454,nan,nan
1702368973465,nan,nan
1702368973476,nan,nan
1702368973487,nan,nan
1702368973498,nan,nan
1702368973537,nan,nan
1702368973538,nan,nan
1702368973542,nan,nan
1702368973555,nan,nan
1702368973565,nan,nan
1702368973576,nan,nan
1702368973587,nan,nan
1702368973598,nan,nan
1702368973609,nan,nan
1702368973621,nan,nan
1702368973632,nan,nan
1702368973642,nan,nan
1702368973684,nan,nan
1702368973685,nan,nan
1702368973688,nan,nan
1702368973703,nan,nan
1702368973709,nan,nan
1702368973721,nan,nan
1702368973732,nan,nan
1702368973742,nan,nan
1702368973754,nan,nan
1702368973766,nan,nan
1702368973775,nan,nan
1702368973788,nan,nan
1702368973799,nan,nan
1702368973841,nan,nan
1702368973842,nan,nan
1702368973859,999.8711395263672,275.36596298217773
1702368973864,999.8711395263672,275.36596298217773
1702368973875,999.8711395263672,275.36596298217773
1702368973887,nan,nan
1702368973898,nan,nan
1702368973908,nan,nan
1702368973920,nan,nan
1702368973931,nan,nan
1702368973942,nan,nan
1702368973954,nan,nan
1702368973991,nan,nan
1702368973992,nan,nan
1702368973998,nan,nan
1702368974009,nan,nan
1702368974022,nan,nan
1702368974031,nan,nan
1702368974042,nan,nan
1702368974054,nan,nan
1702368974065,nan,nan
1702368974075,nan,nan
1702368974087,nan,nan
1702368974097,nan,nan
1702368974116,nan,nan
1702368974137,nan,nan
1702368974138,nan,nan
1702368974142,nan,nan
1702368974153,nan,nan
1702368974163,nan,nan
1702368974174,nan,nan
1702368974185,nan,nan
1702368974196,nan,nan
1702368974206,nan,nan
1702368974217,nan,nan
1702368974229,nan,nan
1702368974240,nan,nan
1702368974250,nan,nan
1702368974285,nan,nan
1702368974287,nan,nan
1702368974301,nan,nan
1702368974320,nan,nan
1702368974332,nan,nan
1702368974343,nan,nan
1702368974354,nan,nan
1702368974366,nan,nan
1702368974377,nan,nan
1702368974388,nan,nan
1702368974399,nan,nan
1702368974435,nan,nan
1702368974450,nan,nan
1702368974455,nan,nan
1702368974467,nan,nan
1702368974477,nan,nan
1702368974488,nan,nan
1702368974499,nan,nan
1702368974510,nan,nan
1702368974522,nan,nan
1702368974533,nan,nan
1702368974544,nan,nan
1702368974566,nan,nan
1702368974585,nan,nan
1702368974586,nan,nan
1702368974587,nan,nan
1702368974601,nan,nan
1702368974610,nan,nan
1702368974621,nan,nan
1702368974632,nan,nan
1702368974643,nan,nan
1702368974654,nan,nan
1702368974665,nan,nan
1702368974676,nan,nan
1702368974688,nan,nan
1702368974720,nan,nan
1702368974721,nan,nan
1702368974737,nan,nan
1702368974743,nan,nan
1702368974755,nan,nan
1702368974766,nan,nan
1702368974776,nan,nan
1702368974788,nan,nan
1702368974799,nan,nan
1702368974810,nan,nan
1702368974821,nan,nan
1702368974832,nan,nan
1702368974872,nan,nan
1702368974873,nan,nan
1702368974877,nan,nan
1702368974890,nan,nan
1702368974899,nan,nan
1702368974910,nan,nan
1702368974921,nan,nan
1702368974933,nan,nan
1702368974944,nan,nan
1702368974954,nan,nan
1702368974965,nan,nan
1702368974976,nan,nan
1702368974986,nan,nan
1702368975020,nan,nan
1702368975023,nan,nan
1702368975039,nan,nan
1702368975047,nan,nan
1702368975058,nan,nan
1702368975068,nan,nan
1702368975080,nan,nan
1702368975090,nan,nan
1702368975102,nan,nan
1702368975114,nan,nan
1702368975153,nan,nan
1702368975154,nan,nan
1702368975157,nan,nan
1702368975169,nan,nan
1702368975182,nan,nan
1702368975191,nan,nan
1702368975202,nan,nan
1702368975214,nan,nan
1702368975224,nan,nan
1702368975235,nan,nan
1702368975247,nan,nan
1702368975258,nan,nan
1702368975269,nan,nan
1702368975303,nan,nan
1702368975304,nan,nan
1702368975318,nan,nan
1702368975324,nan,nan
1702368975336,nan,nan
1702368975346,nan,nan
1702368975357,nan,nan
1702368975368,nan,nan
1702368975380,nan,nan
1702368975390,nan,nan
1702368975402,nan,nan
1702368975439,nan,nan
1702368975445,nan,nan
1702368975456,nan,nan
1702368975468,nan,nan
1702368975479,nan,nan
1702368975490,nan,nan
1702368975501,nan,nan
1702368975512,nan,nan
1702368975523,nan,nan
1702368975535,nan,nan
1702368975545,nan,nan
1702368975587,nan,nan
1702368975588,nan,nan
1702368975590,nan,nan
1702368975605,nan,nan
1702368975612,nan,nan
1702368975623,nan,nan
1702368975635,nan,nan
1702368975646,nan,nan
1702368975657,nan,nan
1702368975667,nan,nan
1702368975686,nan,nan
1702368975703,nan,nan
1702368975743,nan,nan
1702368975744,nan,nan
1702368975749,nan,nan
1702368975760,nan,nan
1702368975771,nan,nan
1702368975783,nan,nan
1702368975793,nan,nan
1702368975804,nan,nan
1702368975816,nan,nan
1702368975827,nan,nan
1702368975838,nan,nan
1702368975850,nan,nan
1702368975888,nan,nan
1702368975889,nan,nan
1702368975894,nan,nan
1702368975907,nan,nan
1702368975917,nan,nan
1702368975927,nan,nan
1702368975938,nan,nan
1702368975950,nan,nan
1702368975960,nan,nan
1702368975971,nan,nan
1702368975983,nan,nan
1702368975993,nan,nan
1702368976005,nan,nan
1702368976038,nan,nan
1702368976039,nan,nan
1702368976056,nan,nan
1702368976059,nan,nan
1702368976072,nan,nan
1702368976083,nan,nan
1702368976092,nan,nan
1702368976104,nan,nan
1702368976117,nan,nan
1702368976125,nan,nan
1702368976138,nan,nan
1702368976151,nan,nan
1702368976169,nan,nan
1702368976189,nan,nan
1702368976190,nan,nan
1702368976192,nan,nan
1702368976208,nan,nan
1702368976218,nan,nan
1702368976226,nan,nan
1702368976237,nan,nan
1702368976251,nan,nan
1702368976260,nan,nan
1702368976270,nan,nan
1702368976283,nan,nan
1702368976317,nan,nan
1702368976318,nan,nan
1702368976333,nan,nan
1702368976337,nan,nan
1702368976351,nan,nan
1702368976359,nan,nan
1702368976370,nan,nan
1702368976384,nan,nan
1702368976393,nan,nan
1702368976403,nan,nan
1702368976417,nan,nan
1702368976426,nan,nan
1702368976437,nan,nan
1702368976470,nan,nan
1702368976471,nan,nan
1702368976485,nan,nan
1702368976493,nan,nan
1702368976504,nan,nan
1702368976517,nan,nan
1702368976526,nan,nan
1702368976537,nan,nan
1702368976558,nan,nan
1702368976570,nan,nan
1702368976606,nan,nan
1702368976607,nan,nan
1702368976615,nan,nan
1702368976626,nan,nan
1702368976637,nan,nan
1702368976648,nan,nan
1702368976659,nan,nan
1702368976670,nan,nan
1702368976681,nan,nan
1702368976693,nan,nan
1702368976704,nan,nan
1702368976715,nan,nan
1702368976755,nan,nan
1702368976758,nan,nan
1702368976777,nan,nan
1702368976798,nan,nan
1702368976808,nan,nan
1702368976821,nan,nan
1702368976830,nan,nan
1702368976840,nan,nan
1702368976853,nan,nan
1702368976863,nan,nan
1702368976884,nan,nan
1702368976905,nan,nan
1702368976906,nan,nan
1702368976907,nan,nan
1702368976921,nan,nan
1702368976930,nan,nan
1702368976941,nan,nan
1702368976952,nan,nan
1702368976963,nan,nan
1702368976974,nan,nan
1702368976985,nan,nan
1702368976997,nan,nan
1702368977040,nan,nan
1702368977041,nan,nan
1702368977057,nan,nan
1702368977063,nan,nan
1702368977076,nan,nan
1702368977085,nan,nan
1702368977096,nan,nan
1702368977107,nan,nan
1702368977120,nan,nan
1702368977129,nan,nan
1702368977141,nan,nan
1702368977153,nan,nan
1702368977189,nan,nan
1702368977190,nan,nan
1702368977196,nan,nan
1702368977206,nan,nan
1702368977219,nan,nan
1702368977228,nan,nan
1702368977240,nan,nan
1702368977251,nan,nan
1702368977261,nan,nan
1702368977273,nan,nan
1702368977321,nan,nan
1702368977322,nan,nan
1702368977329,1605.5813598632812,971.3146591186523
1702368977340,1605.5813598632812,971.3146591186523
1702368977352,1609.378662109375,988.8109016418457
1702368977362,1609.378662109375,988.8109016418457
1702368977374,1609.378662109375,988.8109016418457
1702368977385,1637.8889465332031,980.2404499053955
1702368977396,1662.9766845703125,974.3227672576904
1702368977407,1662.9766845703125,974.3227672576904
1702368977418,1656.2306213378906,966.4859104156494
1702368977429,1616.6285705566406,954.8876094818115
1702368977441,1616.6285705566406,954.8876094818115
1702368977473,1234.3990325927734,1009.304609298706
1702368977474,1234.3990325927734,1009.304609298706
1702368977490,1051.1103057861328,1031.4613723754883
1702368977496,1051.1103057861328,1031.4613723754883
1702368977507,1051.1103057861328,1031.4613723754883
1702368977519,1030.2791595458984,1065.904197692871
1702368977530,1069.9470520019531,1037.1674823760986
1702368977541,1103.9020538330078,1026.5118598937988
1702368977552,1104.778823852539,1025.4587173461914
1702368977563,1109.1914367675781,1021.2434005737305
1702368977573,1078.2842254638672,1029.6764373779297
1702368977586,1073.1594848632812,1026.6089344024658
1702368977623,1069.5532989501953,1015.7552146911621
1702368977624,1075.3815460205078,1009.0545845031738
1702368977629,1064.2178344726562,987.1885299682617
1702368977642,1064.2178344726562,987.1885299682617
1702368977652,1062.5759887695312,987.9824638366699
1702368977663,1062.5440979003906,996.7722129821777
1702368977673,1062.5440979003906,996.7722129821777
1702368977685,1067.5315856933594,992.4023151397705
1702368977696,1074.368896484375,1000.7898616790771
1702368977707,1074.368896484375,1000.7898616790771
1702368977718,1074.3074798583984,999.0278434753418
1702368977729,1083.8278198242188,999.3307399749756
1702368977740,1106.1991119384766,999.1372776031494
1702368977772,1105.4907989501953,994.3734169006348
1702368977773,1098.0873107910156,987.099609375
1702368977774,1097.811050415039,980.0856113433838
1702368977790,1100.2924346923828,980.6859970092773
1702368977796,1097.932357788086,980.6941509246826
1702368977808,1095.6925201416016,984.1566467285156
1702368977819,1092.7548217773438,993.0821800231934
1702368977830,1094.0420532226562,989.7568416595459
1702368977841,1094.7981262207031,989.7610473632812
1702368977852,1098.080825805664,983.138952255249
1702368977863,1101.7022705078125,975.0671768188477
1702368977874,1096.9140625,969.761552810669
1702368977885,1092.3072052001953,968.3710956573486
1702368977926,1089.4060516357422,971.7096519470215
1702368977930,1104.751968383789,966.4638519287109
1702368977945,1106.1219024658203,966.5297698974609
1702368977951,1105.2997589111328,971.317663192749
1702368977963,1110.747299194336,979.4631671905518
1702368977973,1105.7675170898438,976.080150604248
1702368977985,1100.7791900634766,974.7710609436035
1702368977996,1089.8290252685547,967.3121166229248
1702368978007,1086.8971252441406,965.2576732635498
1702368978018,1091.3772583007812,964.7160816192627
1702368978029,1097.928466796875,971.0211181640625
1702368978040,1103.0598449707031,981.0110378265381
1702368978074,1148.8839721679688,953.9841556549072
1702368978085,1359.6299743652344,901.0503101348877
1702368978096,1358.6004638671875,908.4817886352539
1702368978107,1361.7311096191406,903.449878692627
1702368978118,1361.2570190429688,901.9843196868896
1702368978129,1361.6883850097656,904.9350070953369
1702368978140,1365.8212280273438,912.8283405303955
1702368978151,1365.7852172851562,911.9022274017334
1702368978162,1365.4002380371094,910.2554798126221
1702368978174,1360.2767944335938,904.3733310699463
1702368978185,1321.3502502441406,896.6310596466064
1702368978224,1159.0540313720703,822.9391479492188
1702368978232,709.4746017456055,696.3731932640076
1702368978244,706.3740921020508,691.8481993675232
1702368978254,695.7453918457031,684.5973944664001
1702368978265,708.7990951538086,681.7399406433105
1702368978276,699.9642944335938,680.1513648033142
1702368978287,698.2147216796875,679.7557926177979
1702368978298,696.3702392578125,674.2827987670898
1702368978309,699.1867065429688,668.1550455093384
1702368978320,701.1002731323242,670.0700569152832
1702368978331,695.700798034668,668.5237526893616
1702368978341,693.8093948364258,673.1464004516602
1702368978378,696.1098861694336,675.1650953292847
1702368978386,696.0145950317383,658.6918044090271
1702368978398,698.7656784057617,664.550564289093
1702368978408,700.6294250488281,665.6043720245361
1702368978419,700.5667877197266,665.2240562438965
1702368978431,696.6211318969727,666.2629079818726
1702368978442,691.8429946899414,662.8561806678772
1702368978453,690.8137130737305,655.8460235595703
1702368978464,692.022705078125,651.6194844245911
1702368978475,687.8460693359375,649.1396856307983
1702368978486,691.0319137573242,658.5408711433411
1702368978525,693.1931304931641,659.2245769500732
1702368978526,704.4950485229492,662.9811501502991
1702368978532,1110.470314025879,812.9029226303101
1702368978542,1410.4791259765625,950.7642602920532
1702368978552,1633.9762878417969,1058.5289812088013
1702368978563,1999.8844146728516,1272.6740169525146
1702368978575,nan,nan
1702368978586,nan,nan
1702368978597,nan,nan
1702368978608,nan,nan
1702368978619,nan,nan
1702368978630,nan,nan
1702368978642,nan,nan
1702368978673,nan,nan
1702368978674,nan,nan
1702368978689,nan,nan
1702368978697,nan,nan
1702368978708,nan,nan
1702368978718,nan,nan
1702368978730,nan,nan
1702368978741,nan,nan
1702368978751,nan,nan
1702368978763,nan,nan
1702368978775,nan,nan
1702368978785,nan,nan
1702368978822,nan,nan
1702368978823,nan,nan
1702368978830,nan,nan
1702368978841,nan,nan
1702368978852,nan,nan
1702368978863,nan,nan
1702368978874,nan,nan
1702368978885,nan,nan
1702368978896,nan,nan
1702368978906,nan,nan
1702368978917,nan,nan
1702368978929,nan,nan
1702368978940,nan,nan
1702368978974,nan,nan
1702368978975,nan,nan
1702368978991,nan,nan
1702368978995,nan,nan
1702368979007,nan,nan
1702368979017,nan,nan
1702368979028,nan,nan
1702368979039,nan,nan
1702368979050,nan,nan
1702368979061,nan,nan
1702368979073,nan,nan
1702368979084,nan,nan
1702368979119,nan,nan
1702368979120,nan,nan
1702368979135,nan,nan
1702368979139,nan,nan
1702368979151,nan,nan
1702368979161,nan,nan
1702368979172,nan,nan
1702368979183,nan,nan
1702368979194,nan,nan
1702368979206,nan,nan
1702368979217,nan,nan
1702368979228,nan,nan
1702368979239,nan,nan
1702368979271,nan,nan
1702368979272,nan,nan
1702368979287,nan,nan
1702368979294,nan,nan
1702368979306,nan,nan
1702368979316,nan,nan
1702368979327,nan,nan
1702368979338,nan,nan
1702368979349,nan,nan
1702368979360,nan,nan
1702368979372,nan,nan
1702368979408,nan,nan
1702368979416,nan,nan
1702368979427,nan,nan
1702368979439,nan,nan
1702368979450,nan,nan
1702368979461,nan,nan
1702368979472,nan,nan
1702368979484,nan,nan
1702368979494,nan,nan
1702368979505,nan,nan
1702368979541,2536.794891357422,1376.901569366455
1702368979557,1583.1568908691406,867.5191783905029
1702368979561,1583.1568908691406,867.5191783905029
1702368979574,1492.9893493652344,864.5457458496094
1702368979584,1282.6473999023438,832.3885917663574
1702368979595,1198.5975646972656,800.0058746337891
1702368979606,1142.0073699951172,782.9792976379395
1702368979617,1059.366455078125,789.926176071167
1702368979628,866.1995697021484,767.422399520874
1702368979639,884.6054840087891,766.2714099884033
1702368979650,883.9054107666016,760.1722812652588
1702368979671,909.0341949462891,763.749189376831
1702368979692,906.3599395751953,763.3345413208008
1702368979693,908.0091094970703,759.7807216644287
1702368979695,894.3721771240234,758.0370712280273
1702368979709,895.4785919189453,755.0729942321777
1702368979717,894.6807098388672,753.9022636413574
1702368979730,891.8724060058594,751.1007499694824
1702368979739,885.8309936523438,747.1954536437988
1702368979751,885.5806732177734,750.4805374145508
1702368979761,874.1876983642578,748.1992435455322
1702368979773,832.2736358642578,737.8960418701172
1702368979784,787.7809906005859,719.7074031829834
1702368979795,718.2418823242188,694.1409730911255
1702368979806,723.7664794921875,692.5783824920654
1702368979840,719.1925811767578,697.4863529205322
1702368979841,717.6438140869141,701.4932298660278
1702368979856,723.0787658691406,693.9489698410034
1702368979862,731.3835906982422,689.266562461853
1702368979874,728.9825057983398,701.7365384101868
1702368979885,728.2566833496094,703.2275462150574
1702368979896,707.2476959228516,694.3465375900269
1702368979907,703.4861755371094,691.2414836883545
1702368979918,704.2111206054688,690.6082034111023
1702368979930,701.0213470458984,689.9365139007568
1702368979940,703.9251327514648,692.9943180084229
1702368979952,702.5801849365234,690.7089900970459
1702368979990,698.6588668823242,692.8739619255066
1702368979991,694.0613555908203,698.4433221817017
1702368979996,700.2136993408203,696.0331749916077
1702368980007,702.4916458129883,679.6817636489868
1702368980018,701.0861587524414,682.3960089683533
1702368980029,694.8974609375,676.2507033348083
1702368980041,696.25,684.823408126831
1702368980052,696.5138244628906,684.3206977844238
1702368980063,693.6893844604492,685.2738261222839
1702368980073,690.1104736328125,683.1945133209229
1702368980085,692.2090530395508,685.4240083694458
1702368980122,696.0808944702148,690.5214500427246
1702368980123,692.9589462280273,688.6716270446777
1702368980129,983.9377212524414,786.0273170471191
1702368980141,1202.7427673339844,874.0827798843384
1702368980153,1279.8088836669922,892.4639368057251
1702368980163,1382.1591186523438,925.9581184387207
1702368980174,1385.7270812988281,926.3474035263062
1702368980185,1384.9131774902344,932.7063417434692
1702368980196,1390.0031280517578,941.7094659805298
1702368980208,1388.0657958984375,942.0087575912476
1702368980219,1387.69775390625,937.6206207275391
1702368980230,1392.1681213378906,938.0377578735352
1702368980241,1387.245101928711,938.592267036438
1702368980273,1388.7612915039062,938.604154586792
1702368980274,1387.3578643798828,942.0078992843628
1702368980291,1388.7847900390625,947.6626396179199
1702368980295,1388.524169921875,944.4233894348145
1702368980307,1385.026626586914,947.6475763320923
1702368980318,1384.5286560058594,945.2942705154419
1702368980329,1382.0601654052734,943.7026691436768
1702368980340,1381.9829559326172,939.6373414993286
1702368980352,1377.249755859375,939.2135524749756
1702368980362,1375.2776336669922,937.7036190032959
1702368980374,1372.1337890625,934.6300220489502
1702368980407,1375.6161499023438,938.32679271698
1702368980408,1379.8240661621094,947.1015644073486
1702368980423,1382.807388305664,946.2226152420044
1702368980430,1383.7367248535156,948.3981227874756
1702368980440,1376.7646026611328,940.4654788970947
1702368980451,1379.68994140625,937.1468782424927
