timestamp,x,y
1706090189444,0.5445648729801178,0.6970206201076508
1706090189456,0.5268459916114807,0.6889109909534454
1706090189467,0.5208519399166107,0.689793735742569
1706090189478,0.5260694921016693,0.6906468272209167
1706090189489,0.5247471034526825,0.6914370954036713
1706090189500,0.5249976515769958,0.6914472281932831
1706090189521,0.521754115819931,0.6902292668819427
1706090189544,0.5235688388347626,0.6947041153907776
1706090189545,0.5239621996879578,0.6973704397678375
1706090189564,0.5233927667140961,0.7000720202922821
1706090189567,0.5245861411094666,0.7034315764904022
1706090189578,0.5240739285945892,0.7014689147472382
1706090189589,0.5239949822425842,0.7008270919322968
1706090189600,0.5249722898006439,0.7003051042556763
1706090189611,0.524153470993042,0.7016215026378632
1706090189622,0.523731917142868,0.696705162525177
1706090189634,0.5213904678821564,0.6961812973022461
1706090189644,0.5269889235496521,0.7077858746051788
1706090189656,0.535071074962616,0.7305660843849182
1706090189697,0.539326548576355,0.7371370494365692
1706090189698,0.5343492329120636,0.7371752560138702
1706090189701,0.5339442491531372,0.7406613528728485
1706090189715,0.5387707054615021,0.7335822880268097
1706090189723,0.5395113825798035,0.7326436936855316
1706090189733,0.5394035875797272,0.7330102026462555
1706090189744,0.5367711186408997,0.7386137545108795
1706090189756,0.5350737869739532,0.7402989268302917
1706090189767,0.536469429731369,0.7361605167388916
1706090189778,0.5379096269607544,0.7364624738693237
1706090189789,0.5385738015174866,0.7340610325336456
1706090189800,0.5377190113067627,0.7358223497867584
1706090189811,0.5383261144161224,0.7348817884922028
1706090189822,0.5376220643520355,0.739091694355011
1706090189833,0.5378028154373169,0.7388876080513
1706090189876,0.5369783639907837,0.7375966310501099
1706090189878,0.5354324877262115,0.7285145223140717
1706090189893,0.5266183316707611,0.6984048187732697
1706090189900,0.5201097428798676,0.6791123747825623
1706090189911,0.5193432569503784,0.6700063645839691
1706090189922,0.5175367593765259,0.6707892119884491
1706090189933,0.5174209475517273,0.6712649464607239
1706090189944,0.5146024823188782,0.6719971299171448
1706090189955,0.5178005695343018,0.6786341965198517
1706090189966,0.5176402032375336,0.6758421659469604
1706090189978,0.520063191652298,0.6733668744564056
1706090189989,0.5204498767852783,0.6692688763141632
1706090190008,0.5208834409713745,0.6696058213710785
1706090190032,0.5192510187625885,0.676316648721695
1706090190033,0.522138923406601,0.685077041387558
1706090190049,0.5231616497039795,0.6774716675281525
1706090190055,0.5227817893028259,0.6718696653842926
1706090190068,0.519326239824295,0.668027937412262
1706090190078,0.5191844999790192,0.6669327318668365
1706090190089,0.5171033442020416,0.667389988899231
1706090190100,0.5168733298778534,0.6674964129924774
1706090190111,0.5133484303951263,0.6729928851127625
1706090190121,0.5133647322654724,0.673623114824295
1706090190132,0.5104513764381409,0.669995129108429
1706090190144,0.5117412805557251,0.6687951982021332
1706090190155,0.5129361152648926,0.6692332327365875
1706090190166,0.5168686807155609,0.6757174134254456
1706090190207,0.519225686788559,0.6727027893066406
1706090190208,0.5155410766601562,0.682299017906189
1706090190210,0.5089059472084045,0.6973053216934204
1706090190229,0.5099104344844818,0.7096648514270782
1706090190232,0.5107291042804718,0.7130727469921112
1706090190244,0.5096769034862518,0.7215219140052795
1706090190255,0.5071468651294708,0.712110698223114
1706090190266,0.5039519220590591,0.7103592753410339
1706090190278,0.5082814246416092,0.7038527429103851
1706090190288,0.5083995908498764,0.7078368365764618
1706090190300,0.5100522637367249,0.7081514000892639
1706090190311,0.5050263106822968,0.7091153264045715
1706090190322,0.5065614879131317,0.7095948457717896
1706090190364,0.5086090564727783,0.7123919427394867
1706090190366,0.5037842690944672,0.7126011252403259
1706090190382,0.5055117905139923,0.703791469335556
1706090190388,0.5005902647972107,0.6697683334350586
1706090190400,0.5008870959281921,0.6566721796989441
1706090190411,0.5006794482469559,0.6413402855396271
1706090190422,0.5037119388580322,0.6466022431850433
1706090190433,0.4977840930223465,0.6396853923797607
1706090190444,0.49838660657405853,0.6373275518417358
1706090190455,0.49843867123126984,0.6324129700660706
1706090190466,0.5001430362462997,0.6312418580055237
1706090190477,0.4995225965976715,0.6337117254734039
1706090190514,0.49977564811706543,0.6341260969638824
1706090190522,0.5001089721918106,0.6316519677639008
1706090190532,0.5044140517711639,0.631922721862793
1706090190544,0.5030444860458374,0.6360932886600494
1706090190554,0.5023899078369141,0.6370435953140259
1706090190565,0.49821972846984863,0.6346644461154938
1706090190577,0.4978010058403015,0.6331542432308197
1706090190588,0.4981771409511566,0.631852000951767
1706090190599,0.5028307437896729,0.6399399638175964
1706090190611,0.5045419931411743,0.6433378159999847
1706090190622,0.5044264495372772,0.6444049179553986
1706090190633,0.4986848682165146,0.6382500529289246
1706090190680,0.49640388786792755,0.633556991815567
1706090190681,0.49642983078956604,0.635587215423584
1706090190688,0.5104610323905945,0.6304445266723633
1706090190701,0.508824497461319,0.626628041267395
1706090190711,0.5065711736679077,0.6269429624080658
1706090190722,0.5070885419845581,0.6261773109436035
1706090190733,0.5075327157974243,0.6282465159893036
1706090190743,0.5089221596717834,0.626165896654129
1706090190754,0.5087267458438873,0.6264204382896423
1706090190766,0.510254293680191,0.6281192600727081
1706090190777,0.5109792947769165,0.6295743584632874
1706090190788,0.5111692249774933,0.6293232142925262
1706090190799,0.509876012802124,0.6280641257762909
1706090190810,0.5078243613243103,0.626419872045517
1706090190853,0.5040850639343262,0.6280907988548279
1706090190854,0.49492403864860535,0.639925628900528
1706090190855,0.4876333773136139,0.6733851730823517
1706090190868,0.49277397990226746,0.6703158617019653
1706090190877,0.49193160235881805,0.6714642345905304
1706090190888,0.4941929876804352,0.6697309613227844
1706090190900,0.4925355017185211,0.6718528270721436
1706090190910,0.4937833845615387,0.6662493944168091
1706090190921,0.49165818095207214,0.6632793843746185
1706090190932,0.4893728941679001,0.6595717966556549
1706090190943,0.4885295331478119,0.6615391969680786
1706090190954,0.48706677556037903,0.6644394993782043
1706090190996,0.48782211542129517,0.6696949303150177
1706090190999,0.4855569154024124,0.6717392206192017
1706090191013,0.4856697618961334,0.6682601869106293
1706090191021,0.4886181503534317,0.6656849086284637
1706090191033,0.48640255630016327,0.662063866853714
1706090191044,0.4886503517627716,0.6606049239635468
1706090191055,0.4877178221940994,0.6644490361213684
1706090191066,0.49828040599823,0.6730380654335022
1706090191077,0.5038323998451233,0.6832243800163269
1706090191088,0.5125152170658112,0.6928996741771698
1706090191099,0.5113772451877594,0.6912107169628143
1706090191110,0.5087754726409912,0.6856635212898254
1706090191148,0.5082406401634216,0.6849218904972076
1706090191149,0.5087204873561859,0.6859546601772308
1706090191154,0.508262425661087,0.6862228512763977
1706090191166,0.5084202587604523,0.686002254486084
1706090191178,0.5087426602840424,0.6865624487400055
1706090191188,0.5107569396495819,0.6839344203472137
1706090191199,0.5115175545215607,0.6855392456054688
1706090191210,0.5103361010551453,0.6871967017650604
1706090191221,0.5092110633850098,0.6874320805072784
1706090191232,0.5087966918945312,0.6843855679035187
1706090191244,0.5095846951007843,0.6810294985771179
1706090191254,0.509596973657608,0.6817459166049957
1706090191295,0.5086292624473572,0.6828567087650299
1706090191299,0.5116626024246216,0.6838785707950592
1706090191312,0.5098186135292053,0.6824699640274048
1706090191321,0.510332852602005,0.6847608089447021
1706090191333,0.5076190531253815,0.6952081024646759
1706090191343,0.5055754482746124,0.7053892016410828
1706090191354,0.5037253201007843,0.7169077396392822
1706090191366,0.5034561157226562,0.714602530002594
1706090191377,0.5062922239303589,0.7140797972679138
1706090191388,0.5079084932804108,0.7142325639724731
1706090191399,0.5095373094081879,0.7134224474430084
1706090191409,0.5079016983509064,0.7082345485687256
1706090191446,0.5060323774814606,0.7083412110805511
1706090191454,0.5031857788562775,0.7180081903934479
1706090191466,0.5041967034339905,0.7149720191955566
1706090191478,0.5043714642524719,0.7152139246463776
1706090191487,0.5040314197540283,0.7154702544212341
1706090191499,0.5042793154716492,0.7188346087932587
1706090191510,0.5065192878246307,0.7216081023216248
1706090191521,0.5078442990779877,0.7213132977485657
1706090191532,0.5075066983699799,0.7192648351192474
1706090191543,0.506008505821228,0.7202289402484894
1706090191554,0.5059817135334015,0.7219232618808746
1706090191597,0.506303071975708,0.7247927486896515
1706090191598,0.5102402567863464,0.726349949836731
1706090191614,0.5168684720993042,0.7190520167350769
1706090191622,0.5239672660827637,0.7179226279258728
1706090191632,0.5232847929000854,0.7223173677921295
1706090191643,0.5246525406837463,0.7269479930400848
1706090191654,0.5231121778488159,0.7276794016361237
1706090191665,0.5230095982551575,0.7255516350269318
1706090191676,0.521157443523407,0.7246314585208893
1706090191688,0.52737095952034,0.7238350510597229
1706090191699,0.5501895248889923,0.7249957919120789
1706090191709,0.5631695985794067,0.7199611961841583
1706090191744,0.625657320022583,0.7253188490867615
1706090191752,nan,nan
1706090191763,nan,nan
1706090191774,nan,nan
1706090191786,nan,nan
1706090191797,nan,nan
1706090191807,nan,nan
1706090191817,nan,nan
1706090191835,nan,nan
1706090191855,nan,nan
1706090191894,nan,nan
1706090191895,nan,nan
1706090191898,nan,nan
1706090191913,nan,nan
1706090191920,nan,nan
1706090191933,nan,nan
1706090191943,nan,nan
1706090191954,nan,nan
1706090191965,nan,nan
1706090191976,nan,nan
1706090191988,nan,nan
1706090191999,nan,nan
1706090192010,nan,nan
1706090192045,nan,nan
1706090192056,nan,nan
1706090192068,nan,nan
1706090192081,nan,nan
1706090192090,nan,nan
1706090192100,nan,nan
1706090192112,nan,nan
1706090192122,nan,nan
1706090192134,nan,nan
1706090192146,nan,nan
1706090192156,nan,nan
1706090192201,nan,nan
1706090192203,nan,nan
1706090192220,nan,nan
1706090192223,nan,nan
1706090192235,nan,nan
1706090192245,nan,nan
1706090192256,nan,nan
1706090192267,nan,nan
1706090192278,nan,nan
1706090192289,nan,nan
1706090192300,nan,nan
1706090192312,nan,nan
1706090192323,nan,nan
1706090192362,nan,nan
1706090192363,nan,nan
1706090192368,nan,nan
1706090192380,nan,nan
1706090192389,nan,nan
1706090192401,nan,nan
1706090192412,nan,nan
1706090192423,nan,nan
1706090192434,nan,nan
1706090192444,nan,nan
1706090192455,nan,nan
1706090192467,nan,nan
1706090192478,nan,nan
1706090192512,nan,nan
1706090192513,nan,nan
1706090192530,nan,nan
1706090192534,nan,nan
1706090192545,nan,nan
1706090192555,nan,nan
1706090192567,nan,nan
1706090192579,nan,nan
1706090192588,nan,nan
1706090192600,nan,nan
1706090192612,nan,nan
1706090192646,nan,nan
1706090192660,nan,nan
1706090192666,nan,nan
1706090192679,nan,nan
1706090192688,nan,nan
1706090192700,nan,nan
1706090192712,nan,nan
1706090192722,nan,nan
1706090192733,nan,nan
1706090192745,nan,nan
1706090192755,nan,nan
1706090192799,nan,nan
1706090192800,nan,nan
1706090192818,nan,nan
1706090192825,nan,nan
1706090192834,nan,nan
1706090192846,nan,nan
1706090192855,nan,nan
1706090192867,nan,nan
1706090192879,nan,nan
1706090192888,nan,nan
1706090192899,nan,nan
1706090192911,nan,nan
1706090192921,nan,nan
1706090192963,nan,nan
1706090192964,nan,nan
1706090192967,nan,nan
1706090192982,nan,nan
1706090192989,nan,nan
1706090193001,nan,nan
1706090193011,nan,nan
1706090193022,nan,nan
1706090193034,nan,nan
1706090193045,nan,nan
1706090193055,nan,nan
1706090193067,nan,nan
1706090193078,nan,nan
1706090193113,nan,nan
1706090193121,nan,nan
1706090193132,nan,nan
1706090193146,nan,nan
1706090193154,nan,nan
1706090193166,nan,nan
1706090193177,nan,nan
1706090193187,nan,nan
1706090193199,nan,nan
1706090193211,nan,nan
1706090193221,nan,nan
1706090193262,nan,nan
1706090193266,nan,nan
1706090193282,nan,nan
1706090193287,nan,nan
1706090193300,nan,nan
1706090193311,nan,nan
1706090193320,nan,nan
1706090193332,nan,nan
1706090193343,nan,nan
1706090193354,nan,nan
1706090193365,nan,nan
1706090193377,nan,nan
1706090193412,nan,nan
1706090193420,nan,nan
1706090193432,nan,nan
1706090193444,nan,nan
1706090193454,nan,nan
1706090193465,nan,nan
1706090193477,nan,nan
1706090193487,nan,nan
1706090193499,nan,nan
1706090193510,nan,nan
1706090193521,nan,nan
1706090193538,nan,nan
1706090193561,nan,nan
1706090193565,nan,nan
1706090193578,nan,nan
1706090193587,nan,nan
1706090193599,nan,nan
1706090193610,nan,nan
1706090193621,nan,nan
1706090193632,nan,nan
1706090193643,nan,nan
1706090193654,nan,nan
1706090193665,nan,nan
1706090193677,nan,nan
1706090193710,nan,nan
1706090193711,nan,nan
1706090193728,nan,nan
1706090193732,nan,nan
1706090193745,nan,nan
1706090193754,nan,nan
1706090193766,nan,nan
1706090193777,nan,nan
1706090193787,nan,nan
1706090193798,nan,nan
1706090193810,nan,nan
1706090193820,nan,nan
1706090193860,nan,nan
1706090193861,nan,nan
1706090193865,nan,nan
1706090193877,nan,nan
1706090193887,nan,nan
1706090193898,nan,nan
1706090193910,nan,nan
1706090193920,nan,nan
1706090193931,nan,nan
1706090193943,nan,nan
1706090193953,nan,nan
1706090193965,nan,nan
1706090193977,nan,nan
1706090194008,nan,nan
1706090194010,nan,nan
1706090194024,nan,nan
1706090194032,nan,nan
1706090194044,nan,nan
1706090194054,nan,nan
1706090194065,nan,nan
1706090194077,nan,nan
1706090194087,nan,nan
1706090194098,nan,nan
1706090194110,nan,nan
1706090194120,nan,nan
1706090194161,nan,nan
1706090194162,nan,nan
1706090194165,nan,nan
1706090194178,nan,nan
1706090194187,nan,nan
1706090194199,nan,nan
1706090194210,nan,nan
1706090194221,nan,nan
1706090194232,nan,nan
1706090194243,nan,nan
1706090194253,nan,nan
1706090194265,nan,nan
1706090194276,nan,nan
1706090194310,nan,nan
1706090194327,nan,nan
1706090194332,nan,nan
1706090194344,nan,nan
1706090194354,nan,nan
1706090194365,nan,nan
1706090194377,nan,nan
1706090194387,nan,nan
1706090194399,nan,nan
1706090194410,nan,nan
1706090194447,nan,nan
1706090194453,nan,nan
1706090194465,nan,nan
1706090194478,nan,nan
1706090194487,nan,nan
1706090194498,nan,nan
1706090194510,nan,nan
1706090194520,nan,nan
1706090194532,nan,nan
1706090194543,nan,nan
1706090194553,nan,nan
1706090194565,nan,nan
1706090194596,nan,nan
1706090194597,nan,nan
1706090194598,nan,nan
1706090194617,nan,nan
1706090194620,nan,nan
1706090194632,nan,nan
1706090194643,nan,nan
1706090194654,nan,nan
1706090194665,nan,nan
1706090194676,nan,nan
1706090194687,nan,nan
1706090194698,nan,nan
1706090194709,nan,nan
1706090194748,nan,nan
1706090194750,nan,nan
1706090194753,nan,nan
1706090194767,nan,nan
1706090194776,nan,nan
1706090194787,nan,nan
1706090194798,nan,nan
1706090194809,nan,nan
1706090194820,nan,nan
1706090194831,nan,nan
1706090194843,nan,nan
1706090194853,nan,nan
1706090194865,nan,nan
1706090194898,nan,nan
1706090194917,nan,nan
1706090194920,nan,nan
1706090194931,nan,nan
1706090194943,nan,nan
1706090194953,nan,nan
1706090194965,nan,nan
1706090194976,nan,nan
1706090194986,nan,nan
1706090194999,nan,nan
1706090195010,nan,nan
1706090195050,nan,nan
1706090195053,nan,nan
1706090195068,nan,nan
1706090195076,nan,nan
1706090195086,nan,nan
1706090195097,nan,nan
1706090195109,nan,nan
1706090195119,nan,nan
1706090195131,nan,nan
1706090195142,nan,nan
1706090195153,nan,nan
1706090195164,nan,nan
1706090195199,nan,nan
1706090195200,nan,nan
1706090195216,nan,nan
1706090195219,nan,nan
1706090195232,nan,nan
1706090195243,nan,nan
1706090195253,nan,nan
1706090195264,nan,nan
1706090195276,nan,nan
1706090195286,nan,nan
1706090195298,nan,nan
1706090195310,nan,nan
1706090195329,nan,nan
1706090195349,nan,nan
1706090195353,nan,nan
1706090195367,nan,nan
1706090195376,nan,nan
1706090195386,nan,nan
1706090195398,nan,nan
1706090195409,nan,nan
1706090195420,nan,nan
1706090195431,nan,nan
1706090195443,nan,nan
1706090195452,nan,nan
1706090195464,nan,nan
1706090195498,nan,nan
1706090195499,nan,nan
1706090195500,nan,nan
1706090195516,nan,nan
1706090195519,nan,nan
1706090195532,nan,nan
1706090195542,nan,nan
1706090195552,nan,nan
1706090195564,nan,nan
1706090195576,nan,nan
1706090195586,nan,nan
1706090195598,nan,nan
1706090195609,nan,nan
1706090195650,nan,nan
1706090195651,nan,nan
1706090195652,nan,nan
1706090195667,nan,nan
1706090195675,nan,nan
1706090195686,nan,nan
1706090195698,nan,nan
1706090195709,nan,nan
1706090195719,nan,nan
1706090195731,nan,nan
1706090195742,nan,nan
1706090195753,nan,nan
1706090195764,nan,nan
1706090195810,nan,nan
1706090195811,nan,nan
1706090195825,nan,nan
1706090195831,nan,nan
1706090195843,nan,nan
1706090195852,nan,nan
1706090195864,nan,nan
1706090195876,nan,nan
1706090195886,nan,nan
1706090195897,nan,nan
1706090195909,nan,nan
1706090195950,nan,nan
1706090195951,nan,nan
1706090195953,nan,nan
1706090195967,nan,nan
1706090195976,nan,nan
1706090195987,nan,nan
1706090195997,nan,nan
1706090196009,nan,nan
1706090196020,nan,nan
1706090196030,nan,nan
1706090196041,nan,nan
1706090196052,nan,nan
1706090196063,nan,nan
1706090196104,nan,nan
1706090196105,nan,nan
1706090196106,nan,nan
1706090196108,nan,nan
1706090196123,nan,nan
1706090196130,nan,nan
1706090196142,nan,nan
1706090196152,nan,nan
1706090196163,nan,nan
1706090196175,nan,nan
1706090196185,nan,nan
1706090196197,nan,nan
1706090196208,nan,nan
1706090196228,nan,nan
1706090196251,nan,nan
1706090196252,nan,nan
1706090196269,nan,nan
1706090196277,nan,nan
1706090196286,nan,nan
1706090196297,nan,nan
1706090196309,nan,nan
1706090196319,nan,nan
1706090196330,nan,nan
1706090196342,nan,nan
1706090196352,nan,nan
1706090196364,nan,nan
1706090196405,nan,nan
1706090196409,nan,nan
1706090196421,nan,nan
1706090196429,nan,nan
1706090196441,nan,nan
1706090196452,nan,nan
1706090196463,nan,nan
1706090196475,nan,nan
1706090196485,nan,nan
1706090196496,nan,nan
1706090196508,nan,nan
1706090196519,nan,nan
1706090196530,nan,nan
1706090196568,nan,nan
1706090196569,nan,nan
1706090196575,nan,nan
1706090196586,nan,nan
1706090196597,nan,nan
1706090196609,nan,nan
1706090196619,nan,nan
1706090196630,nan,nan
1706090196642,nan,nan
1706090196652,nan,nan
1706090196663,nan,nan
1706090196675,nan,nan
1706090196696,nan,nan
1706090196719,nan,nan
1706090196720,nan,nan
1706090196737,nan,nan
1706090196741,nan,nan
1706090196754,nan,nan
1706090196763,nan,nan
1706090196775,nan,nan
1706090196785,nan,nan
1706090196796,nan,nan
1706090196808,nan,nan
1706090196818,nan,nan
1706090196830,nan,nan
1706090196867,nan,nan
1706090196874,nan,nan
1706090196886,nan,nan
1706090196897,nan,nan
1706090196908,nan,nan
1706090196918,nan,nan
1706090196930,nan,nan
1706090196941,nan,nan
1706090196951,nan,nan
1706090196964,nan,nan
1706090196975,nan,nan
1706090196995,nan,nan
1706090197017,nan,nan
1706090197018,nan,nan
1706090197033,nan,nan
1706090197042,nan,nan
1706090197052,nan,nan
1706090197063,nan,nan
1706090197074,nan,nan
1706090197084,nan,nan
1706090197096,nan,nan
1706090197107,nan,nan
1706090197118,nan,nan
1706090197129,nan,nan
1706090197168,nan,nan
1706090197169,nan,nan
1706090197174,nan,nan
1706090197185,nan,nan
1706090197196,nan,nan
1706090197208,nan,nan
1706090197218,nan,nan
1706090197229,nan,nan
1706090197241,nan,nan
1706090197251,nan,nan
1706090197263,nan,nan
1706090197274,nan,nan
1706090197318,nan,nan
1706090197319,nan,nan
1706090197334,nan,nan
1706090197341,nan,nan
1706090197351,nan,nan
1706090197362,nan,nan
1706090197374,nan,nan
1706090197384,nan,nan
1706090197396,nan,nan
1706090197408,nan,nan
1706090197418,nan,nan
1706090197429,nan,nan
1706090197471,nan,nan
1706090197472,nan,nan
1706090197474,nan,nan
1706090197489,nan,nan
1706090197497,nan,nan
1706090197508,nan,nan
1706090197518,nan,nan
1706090197529,nan,nan
1706090197541,nan,nan
1706090197551,nan,nan
1706090197563,nan,nan
1706090197574,nan,nan
1706090197585,nan,nan
1706090197596,nan,nan
1706090197634,nan,nan
1706090197635,nan,nan
1706090197640,nan,nan
1706090197652,nan,nan
1706090197662,nan,nan
1706090197674,nan,nan
1706090197684,nan,nan
1706090197696,nan,nan
1706090197708,nan,nan
1706090197718,nan,nan
1706090197729,nan,nan
1706090197741,nan,nan
1706090197761,nan,nan
1706090197785,nan,nan
1706090197786,nan,nan
1706090197803,nan,nan
1706090197809,nan,nan
1706090197819,nan,nan
1706090197829,nan,nan
1706090197841,nan,nan
1706090197851,nan,nan
1706090197862,nan,nan
1706090197874,nan,nan
1706090197885,nan,nan
1706090197896,nan,nan
1706090197932,nan,nan
1706090197949,nan,nan
1706090197953,nan,nan
1706090197964,nan,nan
1706090197982,nan,nan
1706090197997,nan,nan
1706090198008,nan,nan
1706090198018,nan,nan
1706090198030,nan,nan
1706090198041,nan,nan
1706090198085,nan,nan
1706090198086,nan,nan
1706090198093,nan,nan
1706090198113,nan,nan
1706090198130,nan,nan
1706090198145,nan,nan
1706090198156,nan,nan
1706090198167,nan,nan
1706090198179,0.4514223039150238,0.6281267702579498
1706090198191,0.4695671498775482,0.603634238243103
1706090198201,0.4695671498775482,0.603634238243103
1706090198237,0.4710939824581146,0.5973746478557587
1706090198245,0.4698345959186554,0.6022229194641113
1706090198257,0.4726114273071289,0.6006466150283813
1706090198269,0.48072269558906555,0.6159100532531738
1706090198279,0.4797687977552414,0.6179080903530121
1706090198290,0.4783369302749634,0.6111514270305634
1706090198301,0.476846307516098,0.6055678725242615
1706090198311,0.48550380766391754,0.6060729920864105
1706090198323,0.5116583406925201,0.648558646440506
1706090198335,0.5162378251552582,0.6580095291137695
1706090198345,0.514784961938858,0.6588151156902313
1706090198387,0.5118859708309174,0.6588182747364044
1706090198390,0.5118221640586853,0.6587461829185486
1706090198404,0.5138213038444519,0.66178959608078
1706090198410,0.5138213038444519,0.66178959608078
1706090198424,0.5143200159072876,0.6650627851486206
1706090198435,0.5149859189987183,0.6584912836551666
1706090198444,0.5149859189987183,0.6584912836551666
1706090198457,0.5173312127590179,0.6583089828491211
1706090198468,0.5182548463344574,0.6605289578437805
1706090198477,0.5182548463344574,0.6605289578437805
1706090198490,0.5181137025356293,0.6615918576717377
1706090198502,0.5149479806423187,0.6566961705684662
1706090198535,0.5149479806423187,0.6566961705684662
1706090198536,0.5157124996185303,0.6243114769458771
1706090198544,0.5145862996578217,0.6129435300827026
1706090198556,0.5154929161071777,0.6296880543231964
1706090198568,0.5245358645915985,0.6297334134578705
1706090198576,0.5245358645915985,0.6297334134578705
1706090198590,0.5136531591415405,0.6061032712459564
1706090198601,0.5103458762168884,0.6035986840724945
1706090198610,0.5103458762168884,0.6035986840724945
1706090198622,0.512525349855423,0.6184557676315308
1706090198634,0.5176256000995636,0.6103191077709198
1706090198644,0.5176256000995636,0.6103191077709198
1706090198687,0.5176256000995636,0.6103191077709198
1706090198688,0.5109710246324539,0.6141347885131836
1706090198689,0.5109710246324539,0.6141347885131836
1706090198704,0.5149974226951599,0.6274328231811523
1706090198710,0.5149974226951599,0.6274328231811523
1706090198723,0.5111749470233917,0.6120961010456085
1706090198735,0.510178953409195,0.6133385002613068
1706090198744,0.510178953409195,0.6133385002613068
1706090198756,0.5082442760467529,0.6116737127304077
1706090198768,0.5061741471290588,0.6042827069759369
1706090198777,0.5061741471290588,0.6042827069759369
1706090198789,0.5097971111536026,0.6058960258960724
1706090198800,0.5121996998786926,0.5946294367313385
1706090198835,0.5121996998786926,0.5946294367313385
1706090198836,0.5106112062931061,0.5966633856296539
1706090198843,0.5128545463085175,0.6182189881801605
1706090198856,0.5138072371482849,0.6165264546871185
1706090198868,0.5053158402442932,0.5920103788375854
1706090198877,0.5053158402442932,0.5920103788375854
1706090198890,0.5203849375247955,0.6323521137237549
1706090198901,0.5312734246253967,0.6594491899013519
1706090198910,0.5312734246253967,0.6594491899013519
1706090198923,0.5306318998336792,0.6651696860790253
1706090198935,0.5307105183601379,0.6645931303501129
1706090198944,0.5307105183601379,0.6645931303501129
1706090198967,0.5295000076293945,0.6646242141723633
1706090198988,0.530521422624588,0.6725140511989594
1706090198989,0.530521422624588,0.6725140511989594
1706090199007,0.5283286273479462,0.6564600467681885
1706090199009,0.5283286273479462,0.6564600467681885
1706090199023,0.528588056564331,0.6558513045310974
1706090199034,0.5281105935573578,0.6506960391998291
1706090199043,0.5281105935573578,0.6506960391998291
1706090199056,0.529468297958374,0.6560587584972382
1706090199067,0.5271124243736267,0.6652286648750305
1706090199077,0.5271124243736267,0.6652286648750305
1706090199089,0.528211385011673,0.6667561829090118
1706090199101,0.5308235883712769,0.6663334369659424
1706090199135,0.5308235883712769,0.6663334369659424
1706090199136,0.5300868153572083,0.6610239148139954
1706090199143,0.5300868153572083,0.6610239148139954
1706090199156,0.530476301908493,0.6635679304599762
1706090199169,0.5281178951263428,0.6588059365749359
1706090199176,0.5281178951263428,0.6588059365749359
1706090199189,0.5714540481567383,0.6856604218482971
1706090199200,0.7437354922294617,0.8067885637283325
1706090199209,0.7437354922294617,0.8067885637283325
1706090199221,0.7746989130973816,0.8639508187770844
1706090199232,nan,nan
1706090199243,nan,nan
1706090199254,nan,nan
1706090199294,nan,nan
1706090199296,nan,nan
1706090199298,nan,nan
1706090199313,nan,nan
1706090199320,nan,nan
1706090199332,nan,nan
1706090199342,nan,nan
1706090199352,nan,nan
1706090199371,nan,nan
1706090199394,nan,nan
1706090199433,nan,nan
1706090199434,nan,nan
1706090199442,nan,nan
1706090199459,nan,nan
1706090199469,nan,nan
1706090199478,nan,nan
1706090199490,nan,nan
1706090199501,nan,nan
1706090199513,nan,nan
1706090199524,nan,nan
1706090199535,nan,nan
1706090199546,nan,nan
1706090199584,nan,nan
1706090199585,nan,nan
1706090199600,nan,nan
1706090199603,nan,nan
1706090199616,nan,nan
1706090199627,nan,nan
1706090199637,nan,nan
1706090199647,nan,nan
1706090199660,nan,nan
1706090199670,nan,nan
1706090199680,nan,nan
1706090199693,nan,nan
1706090199733,nan,nan
1706090199734,nan,nan
1706090199737,nan,nan
1706090199749,nan,nan
1706090199759,nan,nan
1706090199770,nan,nan
1706090199781,nan,nan
1706090199792,nan,nan
1706090199803,nan,nan
1706090199815,nan,nan
1706090199825,nan,nan
1706090199837,nan,nan
1706090199848,nan,nan
1706090199885,nan,nan
1706090199886,nan,nan
1706090199892,nan,nan
1706090199903,nan,nan
1706090199916,nan,nan
1706090199926,nan,nan
1706090199936,nan,nan
1706090199948,nan,nan
1706090199967,nan,nan
1706090199981,nan,nan
1706090199991,nan,nan
1706090200034,nan,nan
1706090200036,nan,nan
1706090200050,nan,nan
1706090200058,nan,nan
1706090200069,nan,nan
1706090200080,nan,nan
1706090200091,nan,nan
1706090200108,nan,nan
1706090200128,nan,nan
1706090200169,nan,nan
1706090200170,nan,nan
1706090200173,nan,nan
1706090200186,nan,nan
1706090200194,nan,nan
1706090200206,nan,nan
1706090200217,nan,nan
1706090200228,nan,nan
1706090200239,nan,nan
1706090200251,nan,nan
1706090200261,nan,nan
1706090200273,nan,nan
1706090200285,nan,nan
1706090200320,nan,nan
1706090200328,nan,nan
1706090200339,nan,nan
1706090200351,nan,nan
1706090200360,nan,nan
1706090200372,nan,nan
1706090200384,nan,nan
1706090200394,nan,nan
1706090200405,nan,nan
1706090200418,nan,nan
1706090200453,nan,nan
1706090200454,nan,nan
1706090200461,nan,nan
1706090200472,nan,nan
1706090200485,nan,nan
1706090200494,nan,nan
1706090200505,nan,nan
1706090200518,nan,nan
1706090200527,nan,nan
1706090200539,nan,nan
1706090200551,nan,nan
1706090200561,nan,nan
1706090200578,nan,nan
1706090200602,nan,nan
1706090200603,nan,nan
1706090200606,nan,nan
1706090200619,nan,nan
1706090200628,nan,nan
1706090200639,nan,nan
1706090200651,nan,nan
1706090200662,nan,nan
1706090200672,nan,nan
1706090200684,nan,nan
1706090200696,nan,nan
1706090200706,nan,nan
1706090200717,nan,nan
1706090200750,nan,nan
1706090200751,nan,nan
1706090200768,nan,nan
1706090200780,nan,nan
1706090200794,nan,nan
1706090200806,nan,nan
1706090200816,nan,nan
1706090200828,nan,nan
1706090200839,nan,nan
1706090200850,nan,nan
1706090200885,nan,nan
1706090200888,nan,nan
1706090200910,nan,nan
1706090200928,nan,nan
1706090200943,nan,nan
1706090200953,nan,nan
1706090200965,0.5852292776107788,0.6752863526344299
1706090200976,0.5852292776107788,0.6752863526344299
1706090200987,0.5852292776107788,0.6752863526344299
1706090200999,0.5341914296150208,0.6835597157478333
1706090201036,0.5500771105289459,0.6886440813541412
1706090201037,0.5500771105289459,0.6886440813541412
1706090201044,0.5300004184246063,0.6680817306041718
1706090201054,0.5300004184246063,0.6680817306041718
1706090201066,0.5342928171157837,0.6772899031639099
1706090201077,0.5384427905082703,0.6862433850765228
1706090201087,0.5384427905082703,0.6862433850765228
1706090201098,0.5311391055583954,0.6739230751991272
1706090201110,0.5298458337783813,0.669223427772522
1706090201120,0.5298458337783813,0.669223427772522
1706090201133,0.5253457129001617,0.6634860634803772
1706090201170,0.5275920331478119,0.6635251343250275
1706090201171,0.5256239771842957,0.665096789598465
1706090201177,0.5265249907970428,0.6728469729423523
1706090201188,0.5272593200206757,0.6698394417762756
1706090201200,0.5251055359840393,0.670400470495224
1706090201211,0.5262442231178284,0.6696978807449341
1706090201221,0.5264012515544891,0.6708711683750153
1706090201233,0.5267950892448425,0.6657822132110596
1706090201244,0.5255798697471619,0.665097713470459
1706090201254,0.5243461728096008,0.6634552776813507
1706090201266,0.5237419307231903,0.6640828847885132
1706090201277,0.5245025455951691,0.6691546738147736
1706090201319,0.5250765085220337,0.670710563659668
1706090201320,0.5241165161132812,0.6756769716739655
1706090201336,0.5234666466712952,0.6732028424739838
1706090201344,0.5245790481567383,0.6676929295063019
1706090201354,0.5237816870212555,0.6676640510559082
1706090201365,0.5219865441322327,0.6606261134147644
1706090201377,0.5200891196727753,0.6601288020610809
1706090201386,0.5217286050319672,0.6599011421203613
1706090201399,0.5226687490940094,0.6637779772281647
1706090201410,0.5222188830375671,0.6608302295207977
1706090201420,0.5222188830375671,0.6608302295207977
1706090201432,0.5229749977588654,0.6621215343475342
1706090201468,0.5239774584770203,0.6654521524906158
1706090201469,0.5239774584770203,0.6654521524906158
1706090201484,0.5216178894042969,0.6646768748760223
1706090201486,0.5216178894042969,0.6646768748760223
1706090201500,0.5235196650028229,0.6586677730083466
1706090201510,0.5218234658241272,0.6612395346164703
1706090201519,0.5218234658241272,0.6612395346164703
1706090201532,0.5211586058139801,0.6620582938194275
1706090201543,0.5194583237171173,0.6565799117088318
1706090201553,0.5194583237171173,0.6565799117088318
1706090201565,0.5256333947181702,0.6595808565616608
1706090201604,0.8110065758228302,0.8434852957725525
1706090201605,0.8110065758228302,0.8434852957725525
1706090201608,nan,nan
1706090201622,nan,nan
1706090201630,nan,nan
1706090201641,nan,nan
1706090201652,nan,nan
1706090201663,nan,nan
1706090201674,nan,nan
1706090201684,nan,nan
1706090201695,nan,nan
1706090201713,nan,nan
1706090201754,nan,nan
1706090201755,nan,nan
1706090201763,nan,nan
1706090201777,nan,nan
1706090201789,nan,nan
1706090201799,nan,nan
1706090201811,nan,nan
1706090201822,nan,nan
1706090201833,nan,nan
1706090201844,nan,nan
1706090201855,nan,nan
1706090201865,nan,nan
1706090201883,nan,nan
1706090201906,nan,nan
1706090201913,nan,nan
1706090201924,nan,nan
1706090201934,nan,nan
1706090201946,nan,nan
1706090201957,nan,nan
1706090201967,nan,nan
1706090201979,nan,nan
1706090201990,nan,nan
1706090202000,nan,nan
1706090202012,nan,nan
1706090202056,nan,nan
1706090202057,nan,nan
1706090202074,nan,nan
1706090202081,nan,nan
1706090202091,nan,nan
1706090202100,nan,nan
1706090202112,nan,nan
1706090202124,nan,nan
1706090202134,nan,nan
1706090202146,nan,nan
1706090202166,nan,nan
1706090202202,nan,nan
1706090202203,0.5706679224967957,0.8964309692382812
1706090202222,0.5706679224967957,0.8964309692382812
1706090202224,0.5326166152954102,0.7256037592887878
1706090202236,0.5326166152954102,0.7256037592887878
1706090202246,0.5326166152954102,0.7256037592887878
1706090202258,0.5362958908081055,0.719728410243988
1706090202268,0.5362958908081055,0.719728410243988
1706090202279,0.5362958908081055,0.719728410243988
1706090202291,0.5442898273468018,0.7043276429176331
1706090202303,0.5442898273468018,0.7043276429176331
1706090202314,0.5442898273468018,0.7043276429176331
1706090202335,0.526520311832428,0.7366029620170593
1706090202356,0.543821394443512,0.7235598564147949
1706090202360,0.5476623177528381,0.7199418544769287
1706090202372,0.5497712194919586,0.7199198305606842
1706090202382,0.5497044622898102,0.7216938734054565
1706090202393,0.5475272238254547,0.7219303548336029
1706090202404,0.5451888740062714,0.7216732203960419
1706090202415,0.5364091098308563,0.7215546369552612
1706090202427,0.5339606702327728,0.7274515330791473
1706090202436,0.5348158776760101,0.72758349776268
1706090202448,0.5356442928314209,0.6999306380748749
1706090202459,0.5321362912654877,0.6748239696025848
1706090202501,0.5272942781448364,0.6632374823093414
1706090202503,0.5249884128570557,0.6704595386981964
1706090202518,0.5243949890136719,0.6684507727622986
1706090202526,0.5234664082527161,0.6707660555839539
1706090202537,0.5221993029117584,0.6731654405593872
1706090202548,0.5235051810741425,0.6738130152225494
1706090202559,0.5244016349315643,0.6714537143707275
1706090202570,0.5250236988067627,0.6650281846523285
1706090202582,0.5213934779167175,0.6653487682342529
1706090202593,0.5216482877731323,0.6656240522861481
1706090202603,0.5209188163280487,0.6690139770507812
1706090202615,0.5157290697097778,0.6707823574542999
1706090202632,0.5272279977798462,0.6402402520179749
1706090202653,0.5302692651748657,0.6531019806861877
1706090202657,0.5340172648429871,0.7094666957855225
1706090202670,0.5340172648429871,0.7094666957855225
1706090202681,0.5274393558502197,0.6856218576431274
1706090202691,0.5274393558502197,0.6856218576431274
1706090202703,0.519731879234314,0.6474957764148712
1706090202714,0.5183559060096741,0.6406190693378448
1706090202724,0.5183559060096741,0.6406190693378448
1706090202736,0.5246874094009399,0.6718684434890747
1706090202747,nan,nan
1706090202758,nan,nan
1706090202802,nan,nan
1706090202803,nan,nan
1706090202819,nan,nan
1706090202823,nan,nan
1706090202836,nan,nan
1706090202847,0.509090781211853,0.6314181685447693
1706090202857,0.509090781211853,0.6314181685447693
1706090202869,0.5249052941799164,0.6036888360977173
1706090202880,0.5234212875366211,0.6012523174285889
1706090202890,0.5234212875366211,0.6012523174285889
1706090202902,0.5019978880882263,0.6195830702781677
1706090202914,0.7276842594146729,0.7261790633201599
1706090202954,0.7276842594146729,0.7261790633201599
1706090202955,0.7276842594146729,0.7261790633201599
1706090202957,nan,nan
1706090202970,nan,nan
1706090202979,nan,nan
1706090202991,nan,nan
1706090203001,nan,nan
1706090203011,nan,nan
1706090203023,nan,nan
1706090203034,nan,nan
1706090203045,nan,nan
1706090203056,nan,nan
1706090203067,nan,nan
1706090203105,nan,nan
1706090203106,nan,nan
1706090203112,nan,nan
1706090203123,nan,nan
1706090203133,nan,nan
1706090203151,nan,nan
1706090203173,nan,nan
1706090203181,nan,nan
1706090203192,nan,nan
1706090203204,nan,nan
1706090203215,nan,nan
1706090203258,nan,nan
1706090203259,nan,nan
1706090203260,nan,nan
1706090203274,nan,nan
1706090203282,nan,nan
1706090203294,nan,nan
1706090203304,nan,nan
1706090203315,nan,nan
1706090203327,nan,nan
1706090203338,nan,nan
1706090203350,nan,nan
1706090203362,nan,nan
1706090203404,nan,nan
1706090203406,nan,nan
1706090203421,nan,nan
1706090203428,nan,nan
1706090203436,nan,nan
1706090203449,nan,nan
1706090203459,nan,nan
1706090203470,nan,nan
1706090203482,nan,nan
1706090203493,nan,nan
1706090203503,nan,nan
1706090203515,nan,nan
1706090203554,nan,nan
1706090203560,nan,nan
1706090203570,nan,nan
1706090203583,nan,nan
1706090203592,nan,nan
1706090203603,nan,nan
1706090203615,nan,nan
1706090203625,nan,nan
1706090203636,nan,nan
1706090203648,nan,nan
1706090203659,nan,nan
1706090203669,nan,nan
1706090203707,nan,nan
1706090203708,nan,nan
1706090203715,nan,nan
1706090203726,nan,nan
1706090203738,nan,nan
1706090203748,nan,nan
1706090203759,nan,nan
1706090203769,nan,nan
1706090203781,nan,nan
1706090203793,nan,nan
1706090203803,nan,nan
1706090203815,nan,nan
1706090203859,nan,nan
1706090203860,nan,nan
1706090203876,nan,nan
1706090203882,nan,nan
1706090203900,nan,nan
1706090203915,nan,nan
1706090203926,nan,nan
1706090203937,nan,nan
1706090203949,nan,nan
1706090203960,nan,nan
1706090203971,nan,nan
1706090204004,nan,nan
1706090204005,nan,nan
1706090204009,nan,nan
1706090204029,nan,nan
1706090204045,nan,nan
1706090204060,nan,nan
1706090204071,nan,nan
1706090204082,nan,nan
1706090204094,nan,nan
1706090204137,nan,nan
1706090204141,0.5456168055534363,0.6031467914581299
1706090204155,0.5461825132369995,0.603987455368042
1706090204162,0.5408804416656494,0.6021485030651093
1706090204175,0.5391024351119995,0.6126683056354523
1706090204186,0.5370556712150574,0.6102954745292664
1706090204195,0.5370556712150574,0.6102954745292664
1706090204208,0.5373856127262115,0.608157604932785
1706090204219,0.5363645255565643,0.6074058711528778
1706090204228,0.5363645255565643,0.6074058711528778
1706090204241,0.5330935716629028,0.6141644418239594
1706090204253,0.5332764983177185,0.6200525164604187
1706090204291,0.5332764983177185,0.6200525164604187
1706090204292,0.5359504818916321,0.6151357889175415
1706090204295,0.5358270406723022,0.6156542003154755
1706090204308,0.5343876779079437,0.6196832060813904
1706090204319,0.5346556305885315,0.6190890371799469
1706090204330,0.5346556305885315,0.6190890371799469
1706090204342,0.5358320772647858,0.6210145652294159
1706090204353,0.5336633920669556,0.6193764209747314
1706090204362,0.5336633920669556,0.6193764209747314
1706090204375,0.5316872894763947,0.6247342824935913
1706090204386,0.5331903100013733,0.6299182176589966
1706090204396,0.5331903100013733,0.6299182176589966
1706090204417,0.5339131653308868,0.6308523416519165
1706090204438,0.5329750776290894,0.6334275901317596
1706090204439,0.5329750776290894,0.6334275901317596
1706090204442,0.5307121872901917,0.6357741951942444
1706090204455,0.5288382470607758,0.6333925426006317
1706090204462,0.5288382470607758,0.6333925426006317
1706090204475,0.5259511172771454,0.633704423904419
1706090204485,0.5253897905349731,0.6337694227695465
1706090204494,0.5253897905349731,0.6337694227695465
1706090204507,0.5249035060405731,0.6347594559192657
1706090204519,0.5277251303195953,0.6374592483043671
1706090204528,0.5277251303195953,0.6374592483043671
1706090204541,0.5230382084846497,0.6391158103942871
1706090204552,0.5241551399230957,0.6398490369319916
1706090204588,0.5241551399230957,0.6398490369319916
1706090204589,0.5232575833797455,0.6430462896823883
1706090204594,0.5173203349113464,0.6420340538024902
1706090204607,0.5207018554210663,0.6240450143814087
1706090204619,0.5298500955104828,0.6173781752586365
1706090204628,0.5298500955104828,0.6173781752586365
1706090204641,0.5296297371387482,0.6167186200618744
1706090204651,0.5256881415843964,0.6137290000915527
1706090204661,0.5256881415843964,0.6137290000915527
1706090204674,0.5171143412590027,0.6611964702606201
1706090204685,0.5209745764732361,0.6569063663482666
1706090204695,0.5209745764732361,0.6569063663482666
1706090204739,0.5203777551651001,0.6641530394554138
1706090204740,0.5198270678520203,0.6723625063896179
1706090204757,0.5237118601799011,0.672235369682312
1706090204760,0.5237118601799011,0.672235369682312
1706090204772,0.5199390053749084,0.6782296895980835
1706090204784,0.5144748091697693,0.6616656184196472
1706090204794,0.5144748091697693,0.6616656184196472
1706090204805,0.5144748091697693,0.6616656184196472
1706090204817,0.5122466683387756,0.6608197093009949
1706090204827,0.5122466683387756,0.6608197093009949
1706090204840,0.5187028050422668,0.6640636324882507
1706090204851,0.5184882879257202,0.6625610589981079
1706090204887,0.5184882879257202,0.6625610589981079
1706090204888,0.5185397863388062,0.6648114919662476
1706090204893,0.5219222903251648,0.6698021292686462
1706090204905,0.5250436663627625,0.6698155403137207
1706090204920,0.5228515863418579,0.6669173240661621
1706090204927,0.5228515863418579,0.6669173240661621
1706090204939,0.5228265523910522,0.6717736124992371
1706090204950,0.5264573693275452,0.6747862100601196
1706090204960,0.5264573693275452,0.6747862100601196
1706090204972,0.5221917629241943,0.6685194373130798
1706090204984,0.5176143646240234,0.6602702736854553
1706090204994,0.5176143646240234,0.6602702736854553
1706090205006,0.5245371460914612,0.6651902198791504
1706090205041,0.5262505412101746,0.6708152890205383
1706090205042,0.5262505412101746,0.6708152890205383
1706090205050,0.5337244272232056,0.7126864194869995
1706090205060,0.5337244272232056,0.7126864194869995
1706090205074,0.5337244272232056,0.7126864194869995
1706090205083,0.5254140496253967,0.7020924091339111
1706090205093,0.5254140496253967,0.7020924091339111
1706090205105,0.5318090319633484,0.7068579196929932
1706090205117,0.534783124923706,0.7097652554512024
1706090205127,0.534783124923706,0.7097652554512024
1706090205138,0.532444953918457,0.7089731693267822
1706090205149,nan,nan
1706090205192,nan,nan
1706090205193,nan,nan
1706090205208,nan,nan
1706090205216,nan,nan
1706090205233,nan,nan
1706090205252,nan,nan
1706090205263,nan,nan
1706090205274,nan,nan
1706090205286,nan,nan
1706090205304,nan,nan
1706090205338,nan,nan
1706090205339,0.5394152998924255,0.6894660592079163
1706090205344,0.5392182171344757,0.6783067584037781
1706090205356,0.5396062731742859,0.6768980324268341
1706090205367,0.5394594371318817,0.6784301698207855
1706090205378,0.5401875972747803,0.6804934144020081
1706090205389,0.5384840071201324,0.6814186275005341
1706090205400,0.5383973121643066,0.6838177442550659
1706090205411,0.5363979637622833,0.6859507858753204
1706090205422,0.5374465882778168,0.6890637874603271
1706090205434,0.5349657833576202,0.6875770390033722
1706090205444,0.5351482033729553,0.6926041841506958
1706090205455,0.5425373613834381,0.6981940567493439
1706090205490,0.5781789124011993,0.7232483625411987
1706090205491,0.6803547739982605,0.8570842742919922
1706090205498,0.7439748644828796,0.9597507119178772
1706090205508,nan,nan
1706090205521,nan,nan
1706090205531,nan,nan
1706090205542,nan,nan
1706090205553,nan,nan
1706090205564,nan,nan
1706090205574,nan,nan
1706090205584,nan,nan
1706090205603,nan,nan
1706090205640,nan,nan
1706090205641,nan,nan
1706090205644,nan,nan
1706090205657,nan,nan
1706090205674,nan,nan
1706090205690,nan,nan
1706090205700,nan,nan
1706090205711,nan,nan
1706090205722,nan,nan
1706090205733,nan,nan
1706090205744,nan,nan
1706090205756,nan,nan
1706090205791,nan,nan
1706090205808,nan,nan
1706090205813,nan,nan
1706090205825,nan,nan
1706090205836,nan,nan
1706090205846,nan,nan
1706090205858,nan,nan
1706090205870,nan,nan
1706090205880,nan,nan
1706090205892,nan,nan
1706090205903,nan,nan
1706090205938,nan,nan
1706090205939,nan,nan
1706090205946,nan,nan
1706090205957,nan,nan
1706090205970,nan,nan
1706090205979,nan,nan
1706090205991,nan,nan
1706090206002,nan,nan
1706090206013,nan,nan
1706090206024,nan,nan
1706090206035,nan,nan
1706090206046,nan,nan
1706090206057,nan,nan
1706090206090,nan,nan
1706090206091,nan,nan
1706090206092,nan,nan
1706090206109,nan,nan
1706090206112,nan,nan
1706090206124,nan,nan
1706090206135,nan,nan
1706090206146,nan,nan
1706090206158,nan,nan
1706090206168,nan,nan
1706090206179,nan,nan
1706090206191,nan,nan
1706090206202,nan,nan
1706090206239,nan,nan
1706090206240,nan,nan
1706090206246,nan,nan
1706090206257,nan,nan
1706090206269,nan,nan
1706090206279,nan,nan
1706090206291,nan,nan
1706090206302,nan,nan
1706090206312,nan,nan
1706090206324,nan,nan
1706090206335,nan,nan
1706090206345,nan,nan
1706090206357,nan,nan
1706090206390,nan,nan
1706090206391,nan,nan
1706090206409,nan,nan
1706090206412,nan,nan
1706090206425,nan,nan
1706090206436,nan,nan
1706090206445,nan,nan
1706090206457,nan,nan
1706090206468,nan,nan
1706090206479,nan,nan
1706090206491,nan,nan
1706090206502,nan,nan
1706090206522,nan,nan
1706090206542,nan,nan
1706090206545,nan,nan
1706090206560,nan,nan
1706090206569,nan,nan
1706090206579,nan,nan
1706090206591,nan,nan
1706090206603,nan,nan
1706090206612,nan,nan
1706090206624,nan,nan
1706090206636,nan,nan
1706090206646,nan,nan
1706090206657,nan,nan
1706090206689,nan,nan
1706090206690,nan,nan
1706090206708,nan,nan
1706090206712,nan,nan
1706090206724,nan,nan
1706090206735,nan,nan
1706090206746,nan,nan
1706090206757,nan,nan
1706090206768,nan,nan
1706090206780,nan,nan
1706090206791,nan,nan
1706090206802,nan,nan
1706090206822,nan,nan
1706090206843,nan,nan
1706090206844,nan,nan
1706090206846,nan,nan
1706090206863,nan,nan
1706090206870,nan,nan
1706090206880,nan,nan
1706090206891,nan,nan
1706090206902,nan,nan
1706090206913,nan,nan
1706090206925,nan,nan
1706090206942,nan,nan
1706090206959,nan,nan
1706090206991,nan,nan
1706090206992,nan,nan
1706090207009,nan,nan
1706090207013,nan,nan
1706090207025,nan,nan
1706090207036,0.5306056141853333,0.6818405985832214
1706090207046,0.5306056141853333,0.6818405985832214
1706090207058,0.5306056141853333,0.6818405985832214
1706090207069,0.533229649066925,0.6814332604408264
1706090207080,0.533229649066925,0.6814332604408264
1706090207091,0.533229649066925,0.6814332604408264
1706090207102,nan,nan
1706090207146,0.5836020708084106,0.6867658495903015
1706090207147,0.5696813464164734,0.6734583377838135
1706090207164,0.532008945941925,0.6835342049598694
1706090207169,0.4773818850517273,0.7247527837753296
1706090207182,0.4773818850517273,0.7247527837753296
1706090207191,0.5176185369491577,0.7275711297988892
1706090207202,0.5174567699432373,0.7386296987533569
1706090207212,0.5174567699432373,0.7386296987533569
1706090207224,0.5157555937767029,0.7334287166595459
1706090207236,0.5187932252883911,0.7256442904472351
1706090207246,0.5209953784942627,0.7263034582138062
1706090207258,0.5213568806648254,0.7294464111328125
1706090207293,0.519973635673523,0.7294886708259583
1706090207311,0.51971036195755,0.7284975647926331
1706090207313,0.5218716859817505,0.7256981730461121
1706090207326,0.5242561101913452,0.7272440195083618
1706090207336,0.5224593281745911,0.7284544110298157
1706090207347,0.5246857404708862,0.7258103489875793
1706090207358,0.5236821174621582,0.7221346497535706
1706090207369,0.5235270857810974,0.7168421745300293
1706090207380,0.524583637714386,0.7171891331672668
1706090207392,0.5214926600456238,0.7169187664985657
1706090207403,0.5253210663795471,0.7167758345603943
1706090207438,0.5228422284126282,0.6707042455673218
1706090207439,0.5235324501991272,0.6210823655128479
1706090207454,0.5246033072471619,0.6213120818138123
1706090207458,0.5251722931861877,0.620539128780365
1706090207469,0.526228129863739,0.6164765954017639
1706090207480,0.5275153517723083,0.6098131537437439
1706090207491,0.5279980897903442,0.6071614027023315
1706090207502,0.5286458134651184,0.6081971526145935
1706090207513,0.5286335945129395,0.60757976770401
1706090207524,0.5286130309104919,0.6117380857467651
1706090207535,0.5268301963806152,0.6109359264373779
1706090207573,0.5267016887664795,0.6121366024017334
1706090207579,0.5256522297859192,0.602057695388794
1706090207591,0.5266766548156738,0.6074300408363342
1706090207603,0.527003824710846,0.6091523170471191
1706090207613,0.5285314321517944,0.6026427149772644
1706090207624,0.5273146629333496,0.5948845148086548
1706090207635,0.5269718766212463,0.5957694053649902
1706090207646,0.5236214399337769,0.599080502986908
1706090207657,0.520794689655304,0.6003761887550354
1706090207669,0.5205564498901367,0.5971034169197083
1706090207680,0.5219057202339172,0.5963774919509888
1706090207691,0.5249661207199097,0.5968539714813232
1706090207715,0.5263199210166931,0.6002181172370911
1706090207741,0.527428925037384,0.5961930751800537
1706090207742,0.5276659727096558,0.5974002480506897
1706090207746,0.5269029140472412,0.6074733734130859
1706090207759,0.5239815711975098,0.6046239733695984
1706090207771,0.5160858631134033,0.6304788887500763
1706090207781,0.5208450257778168,0.6222104728221893
1706090207794,0.5254278481006622,0.6138355731964111
1706090207804,0.525863379240036,0.6040060818195343
1706090207815,0.5286081731319427,0.5857983529567719
1706090207826,0.5299260914325714,0.5876061916351318
1706090207837,0.5318898260593414,0.5815403759479523
1706090207848,0.5318839251995087,0.5811884105205536
1706090207860,0.531640350818634,0.5761904716491699
1706090207884,0.5320579409599304,0.5739532113075256
1706090207905,0.5317296385765076,0.5698588192462921
1706090207906,0.5309774279594421,0.571567565202713
1706090207914,0.5315749049186707,0.5772435963153839
1706090207926,0.5304996073246002,0.5752177834510803
1706090207939,0.5323912799358368,0.5693192183971405
1706090207948,0.5316253900527954,0.5659385025501251
1706090207959,0.5311390161514282,0.5654884576797485
1706090207970,0.526951938867569,0.5749325156211853
1706090207981,0.5270731449127197,0.576147735118866
1706090207992,0.5263385474681854,0.5751196146011353
1706090208004,0.5288818776607513,0.573218584060669
1706090208015,0.528140127658844,0.5744384229183197
1706090208026,0.5289983451366425,0.5769507586956024
1706090208060,0.5265179872512817,0.5743485689163208
1706090208061,0.5269134938716888,0.5717228055000305
1706090208078,0.5587952435016632,0.5793551504611969
1706090208081,0.6494214832782745,0.6053794324398041
1706090208094,0.7086805105209351,0.6568539440631866
1706090208102,0.7605900168418884,0.6786425113677979
1706090208113,0.999088704586029,1.128642201423645
1706090208124,nan,nan
1706090208135,nan,nan
1706090208146,nan,nan
1706090208158,nan,nan
1706090208169,nan,nan
1706090208218,nan,nan
1706090208220,nan,nan
1706090208230,nan,nan
1706090208249,nan,nan
1706090208260,nan,nan
1706090208271,nan,nan
1706090208282,nan,nan
1706090208293,nan,nan
1706090208304,nan,nan
1706090208315,nan,nan
1706090208326,nan,nan
1706090208338,nan,nan
1706090208348,nan,nan
1706090208359,nan,nan
1706090208398,nan,nan
1706090208399,nan,nan
1706090208404,nan,nan
1706090208414,nan,nan
1706090208425,nan,nan
1706090208438,nan,nan
1706090208447,nan,nan
1706090208459,nan,nan
1706090208470,nan,nan
1706090208481,nan,nan
1706090208493,nan,nan
1706090208504,nan,nan
1706090208515,nan,nan
1706090208526,nan,nan
1706090208561,nan,nan
1706090208577,nan,nan
1706090208581,nan,nan
1706090208592,nan,nan
1706090208603,nan,nan
1706090208614,nan,nan
1706090208626,nan,nan
1706090208636,nan,nan
1706090208647,nan,nan
1706090208659,nan,nan
1706090208671,nan,nan
1706090208713,nan,nan
1706090208714,nan,nan
1706090208732,nan,nan
1706090208740,nan,nan
1706090208748,nan,nan
1706090208761,nan,nan
1706090208771,nan,nan
1706090208781,nan,nan
1706090208793,nan,nan
1706090208804,nan,nan
1706090208814,nan,nan
1706090208826,nan,nan
1706090208838,nan,nan
1706090208848,nan,nan
1706090208899,nan,nan
1706090208900,nan,nan
1706090208904,nan,nan
1706090208920,nan,nan
1706090208925,nan,nan
1706090208939,nan,nan
1706090208947,nan,nan
1706090208958,nan,nan
1706090208970,nan,nan
1706090208981,nan,nan
1706090208992,nan,nan
1706090209004,nan,nan
1706090209014,nan,nan
1706090209032,nan,nan
1706090209058,nan,nan
1706090209059,nan,nan
1706090209074,nan,nan
1706090209080,nan,nan
1706090209092,nan,nan
1706090209104,nan,nan
1706090209114,nan,nan
1706090209125,nan,nan
1706090209137,nan,nan
1706090209147,nan,nan
1706090209159,nan,nan
1706090209171,nan,nan
1706090209210,nan,nan
1706090209211,nan,nan
1706090209214,nan,nan
1706090209227,nan,nan
1706090209238,nan,nan
1706090209248,nan,nan
1706090209259,nan,nan
1706090209271,nan,nan
1706090209281,nan,nan
1706090209293,nan,nan
1706090209304,nan,nan
1706090209340,nan,nan
1706090209341,nan,nan
1706090209347,nan,nan
1706090209358,nan,nan
1706090209371,nan,nan
1706090209380,nan,nan
1706090209392,nan,nan
1706090209410,nan,nan
1706090209426,nan,nan
1706090209436,nan,nan
1706090209447,nan,nan
1706090209458,nan,nan
1706090209469,nan,nan
1706090209506,nan,nan
1706090209507,nan,nan
1706090209514,nan,nan
1706090209525,nan,nan
1706090209536,nan,nan
1706090209547,nan,nan
1706090209558,nan,nan
1706090209569,nan,nan
1706090209581,nan,nan
1706090209592,nan,nan
1706090209603,nan,nan
1706090209645,nan,nan
1706090209646,nan,nan
1706090209647,nan,nan
1706090209664,nan,nan
1706090209670,nan,nan
1706090209682,nan,nan
1706090209691,nan,nan
1706090209702,nan,nan
1706090209714,nan,nan
1706090209725,nan,nan
1706090209736,nan,nan
1706090209747,nan,nan
1706090209759,nan,nan
1706090209794,nan,nan
1706090209803,nan,nan
1706090209812,nan,nan
1706090209832,nan,nan
1706090209850,nan,nan
1706090209863,nan,nan
1706090209874,nan,nan
1706090209883,nan,nan
1706090209896,nan,nan
1706090209907,nan,nan
1706090209946,nan,nan
1706090209950,nan,nan
1706090209966,nan,nan
1706090209973,nan,nan
1706090209984,nan,nan
1706090209995,nan,nan
1706090210006,nan,nan
1706090210017,nan,nan
1706090210028,nan,nan
1706090210039,nan,nan
1706090210051,nan,nan
1706090210062,nan,nan
1706090210097,nan,nan
1706090210098,nan,nan
1706090210115,nan,nan
1706090210117,nan,nan
1706090210129,nan,nan
1706090210138,nan,nan
1706090210150,nan,nan
1706090210161,nan,nan
1706090210172,nan,nan
1706090210183,nan,nan
1706090210194,nan,nan
1706090210205,nan,nan
1706090210217,nan,nan
1706090210228,nan,nan
1706090210263,nan,nan
1706090210264,nan,nan
1706090210279,nan,nan
1706090210283,nan,nan
1706090210296,nan,nan
1706090210305,nan,nan
1706090210316,nan,nan
1706090210332,nan,nan
1706090210352,nan,nan
1706090210364,nan,nan
1706090210375,nan,nan
1706090210410,nan,nan
1706090210419,nan,nan
1706090210431,nan,nan
1706090210443,nan,nan
1706090210452,nan,nan
1706090210464,nan,nan
1706090210475,nan,nan
1706090210486,nan,nan
1706090210498,nan,nan
1706090210509,nan,nan
1706090210519,nan,nan
1706090210562,nan,nan
1706090210565,nan,nan
1706090210580,nan,nan
1706090210587,nan,nan
1706090210598,nan,nan
1706090210609,nan,nan
1706090210619,nan,nan
1706090210631,nan,nan
1706090210642,nan,nan
1706090210652,nan,nan
1706090210665,nan,nan
1706090210676,nan,nan
1706090210711,nan,nan
1706090210718,nan,nan
1706090210730,nan,nan
1706090210743,nan,nan
1706090210753,nan,nan
1706090210764,nan,nan
1706090210774,nan,nan
1706090210787,nan,nan
1706090210797,nan,nan
1706090210808,nan,nan
1706090210819,nan,nan
1706090210840,nan,nan
1706090210861,nan,nan
1706090210863,nan,nan
1706090210879,nan,nan
1706090210886,nan,nan
1706090210897,nan,nan
1706090210908,nan,nan
1706090210918,nan,nan
1706090210930,nan,nan
1706090210941,nan,nan
1706090210952,nan,nan
1706090210963,nan,nan
1706090210976,nan,nan
1706090210992,nan,nan
1706090211013,nan,nan
1706090211019,nan,nan
1706090211032,nan,nan
1706090211043,nan,nan
1706090211052,nan,nan
1706090211064,nan,nan
1706090211076,nan,nan
1706090211085,nan,nan
1706090211096,nan,nan
1706090211109,nan,nan
1706090211117,nan,nan
1706090211163,nan,nan
1706090211164,nan,nan
1706090211180,nan,nan
1706090211184,nan,nan
1706090211197,nan,nan
1706090211210,nan,nan
1706090211218,nan,nan
1706090211229,nan,nan
1706090211242,nan,nan
1706090211251,nan,nan
1706090211263,nan,nan
1706090211276,nan,nan
1706090211310,nan,nan
1706090211311,nan,nan
1706090211318,nan,nan
1706090211330,nan,nan
1706090211344,nan,nan
1706090211352,nan,nan
1706090211364,nan,nan
1706090211375,nan,nan
1706090211385,nan,nan
1706090211397,nan,nan
1706090211408,nan,nan
1706090211418,nan,nan
1706090211462,nan,nan
1706090211463,nan,nan
1706090211477,nan,nan
1706090211486,nan,nan
1706090211498,nan,nan
1706090211507,nan,nan
1706090211517,nan,nan
1706090211530,nan,nan
1706090211541,nan,nan
1706090211551,nan,nan
1706090211563,nan,nan
1706090211574,nan,nan
1706090211611,nan,nan
1706090211612,nan,nan
1706090211617,nan,nan
1706090211630,nan,nan
1706090211641,nan,nan
1706090211650,nan,nan
1706090211663,nan,nan
1706090211674,nan,nan
1706090211684,nan,nan
1706090211696,nan,nan
1706090211708,nan,nan
1706090211744,nan,nan
1706090211745,nan,nan
1706090211751,nan,nan
1706090211763,nan,nan
1706090211777,nan,nan
1706090211784,nan,nan
1706090211796,nan,nan
1706090211808,nan,nan
1706090211817,nan,nan
1706090211829,nan,nan
1706090211841,nan,nan
1706090211850,nan,nan
1706090211873,nan,nan
1706090211895,nan,nan
1706090211896,nan,nan
1706090211913,nan,nan
1706090211917,nan,nan
1706090211929,nan,nan
1706090211940,nan,nan
1706090211950,nan,nan
1706090211962,nan,nan
1706090211974,nan,nan
1706090211984,nan,nan
1706090211995,nan,nan
1706090212007,nan,nan
1706090212044,nan,nan
1706090212051,nan,nan
1706090212065,nan,nan
1706090212074,nan,nan
1706090212084,nan,nan
1706090212096,nan,nan
1706090212107,nan,nan
1706090212117,nan,nan
1706090212128,nan,nan
1706090212140,nan,nan
1706090212150,nan,nan
1706090212162,nan,nan
1706090212194,nan,nan
1706090212195,nan,nan
1706090212211,nan,nan
1706090212217,nan,nan
1706090212229,nan,nan
1706090212241,nan,nan
1706090212250,nan,nan
1706090212262,nan,nan
1706090212274,nan,nan
1706090212284,nan,nan
1706090212296,nan,nan
1706090212307,nan,nan
1706090212325,nan,nan
1706090212345,nan,nan
1706090212346,nan,nan
1706090212350,nan,nan
1706090212365,nan,nan
1706090212374,nan,nan
1706090212384,nan,nan
1706090212396,nan,nan
1706090212407,nan,nan
1706090212417,nan,nan
1706090212429,nan,nan
1706090212441,nan,nan
1706090212476,nan,nan
1706090212477,nan,nan
1706090212484,nan,nan
1706090212496,nan,nan
1706090212509,nan,nan
1706090212517,nan,nan
1706090212528,nan,nan
1706090212540,nan,nan
1706090212550,nan,nan
1706090212561,nan,nan
1706090212574,nan,nan
1706090212583,nan,nan
1706090212625,nan,nan
1706090212626,nan,nan
1706090212629,nan,nan
1706090212641,nan,nan
1706090212650,nan,nan
1706090212662,nan,nan
1706090212674,nan,nan
1706090212684,nan,nan
1706090212695,nan,nan
1706090212707,nan,nan
1706090212717,nan,nan
1706090212728,nan,nan
1706090212761,nan,nan
1706090212762,nan,nan
1706090212777,nan,nan
1706090212784,nan,nan
1706090212795,nan,nan
1706090212807,nan,nan
1706090212816,nan,nan
1706090212829,nan,nan
1706090212840,nan,nan
1706090212850,nan,nan
1706090212862,nan,nan
1706090212873,nan,nan
1706090212890,nan,nan
1706090212911,nan,nan
1706090212912,nan,nan
1706090212916,nan,nan
1706090212930,nan,nan
1706090212940,nan,nan
1706090212949,nan,nan
1706090212962,nan,nan
1706090212973,nan,nan
1706090212983,nan,nan
1706090212995,nan,nan
1706090213006,nan,nan
1706090213043,nan,nan
1706090213044,nan,nan
1706090213049,nan,nan
1706090213062,nan,nan
1706090213074,nan,nan
1706090213083,nan,nan
1706090213095,nan,nan
1706090213106,nan,nan
1706090213117,nan,nan
1706090213128,nan,nan
1706090213140,nan,nan
1706090213150,nan,nan
1706090213174,nan,nan
1706090213194,nan,nan
1706090213195,nan,nan
1706090213209,nan,nan
1706090213217,nan,nan
1706090213229,nan,nan
1706090213240,nan,nan
1706090213250,nan,nan
1706090213262,nan,nan
1706090213272,nan,nan
1706090213283,nan,nan
1706090213294,nan,nan
1706090213335,nan,nan
1706090213336,nan,nan
1706090213339,nan,nan
1706090213356,nan,nan
1706090213361,nan,nan
1706090213373,nan,nan
1706090213383,nan,nan
1706090213394,nan,nan
1706090213406,nan,nan
1706090213416,nan,nan
1706090213428,nan,nan
1706090213439,nan,nan
1706090213450,nan,nan
1706090213462,nan,nan
1706090213498,nan,nan
1706090213499,nan,nan
1706090213507,nan,nan
1706090213516,nan,nan
1706090213529,nan,nan
1706090213540,nan,nan
1706090213549,nan,nan
1706090213562,nan,nan
1706090213573,nan,nan
1706090213583,nan,nan
1706090213595,nan,nan
1706090213607,nan,nan
1706090213626,nan,nan
1706090213647,nan,nan
1706090213649,nan,nan
1706090213664,nan,nan
1706090213672,nan,nan
1706090213682,nan,nan
1706090213694,nan,nan
1706090213706,nan,nan
1706090213716,nan,nan
1706090213727,nan,nan
1706090213739,nan,nan
1706090213749,nan,nan
1706090213761,nan,nan
1706090213799,nan,nan
1706090213800,nan,nan
1706090213806,nan,nan
1706090213816,nan,nan
1706090213828,nan,nan
1706090213839,nan,nan
1706090213850,nan,nan
1706090213861,nan,nan
1706090213873,nan,nan
1706090213883,nan,nan
1706090213895,nan,nan
1706090213906,nan,nan
1706090213945,nan,nan
1706090213946,nan,nan
1706090213950,nan,nan
1706090213962,nan,nan
1706090213973,nan,nan
1706090213983,nan,nan
1706090213995,nan,nan
1706090214006,nan,nan
1706090214016,nan,nan
1706090214027,nan,nan
1706090214038,nan,nan
1706090214049,nan,nan
1706090214061,nan,nan
1706090214097,nan,nan
1706090214098,nan,nan
1706090214106,nan,nan
1706090214116,nan,nan
1706090214127,nan,nan
1706090214139,nan,nan
1706090214149,nan,nan
1706090214160,nan,nan
1706090214172,nan,nan
1706090214183,nan,nan
1706090214195,nan,nan
1706090214212,nan,nan
1706090214245,nan,nan
1706090214246,nan,nan
1706090214249,nan,nan
1706090214262,nan,nan
1706090214272,nan,nan
1706090214283,nan,nan
1706090214294,nan,nan
1706090214305,nan,nan
1706090214316,nan,nan
1706090214326,nan,nan
1706090214343,nan,nan
1706090214363,nan,nan
1706090214395,nan,nan
1706090214396,nan,nan
1706090214409,0.5511239767074585,0.756931722164154
1706090214417,0.5511239767074585,0.756931722164154
1706090214429,0.5511239767074585,0.756931722164154
1706090214440,0.5142335295677185,0.5819838643074036
1706090214451,0.5142335295677185,0.5819838643074036
1706090214462,0.5142335295677185,0.5819838643074036
1706090214473,nan,nan
1706090214484,nan,nan
1706090214496,0.5402942299842834,0.5764065384864807
1706090214529,0.5218302607536316,0.5930706262588501
1706090214530,0.5231670141220093,0.5821579098701477
1706090214545,0.5225650072097778,0.5794684290885925
1706090214552,0.5239133238792419,0.5765520930290222
1706090214564,0.5223686695098877,0.571841299533844
1706090214574,0.5271028876304626,0.5660675168037415
1706090214585,0.5405031442642212,0.5779743790626526
1706090214596,0.5431646704673767,0.5835315585136414
1706090214607,0.5538267493247986,0.5881181955337524
1706090214617,nan,nan
1706090214629,nan,nan
1706090214665,nan,nan
1706090214666,nan,nan
1706090214673,nan,nan
1706090214684,nan,nan
1706090214696,nan,nan
1706090214706,nan,nan
1706090214717,nan,nan
1706090214727,nan,nan
1706090214745,nan,nan
1706090214765,nan,nan
1706090214777,nan,nan
1706090214815,nan,nan
1706090214819,nan,nan
1706090214831,nan,nan
1706090214844,nan,nan
1706090214853,nan,nan
1706090214864,nan,nan
1706090214876,nan,nan
1706090214886,nan,nan
1706090214897,nan,nan
1706090214909,nan,nan
1706090214919,nan,nan
1706090214962,nan,nan
1706090214963,nan,nan
1706090214964,nan,nan
1706090214978,nan,nan
1706090214986,nan,nan
1706090214997,nan,nan
1706090215009,nan,nan
1706090215019,nan,nan
1706090215031,nan,nan
1706090215042,nan,nan
1706090215053,nan,nan
1706090215065,nan,nan
1706090215096,nan,nan
1706090215097,nan,nan
1706090215098,nan,nan
1706090215113,nan,nan
1706090215120,nan,nan
1706090215131,nan,nan
1706090215143,nan,nan
1706090215153,nan,nan
1706090215164,nan,nan
1706090215175,nan,nan
1706090215185,nan,nan
1706090215197,nan,nan
1706090215209,nan,nan
1706090215246,nan,nan
1706090215247,nan,nan
1706090215252,nan,nan
1706090215264,nan,nan
1706090215275,nan,nan
1706090215285,nan,nan
1706090215298,nan,nan
1706090215309,nan,nan
1706090215319,nan,nan
1706090215331,nan,nan
1706090215343,nan,nan
1706090215381,nan,nan
1706090215382,nan,nan
1706090215399,nan,nan
1706090215408,nan,nan
1706090215419,nan,nan
1706090215431,nan,nan
1706090215442,nan,nan
1706090215453,nan,nan
1706090215464,nan,nan
1706090215475,nan,nan
1706090215486,nan,nan
1706090215496,nan,nan
1706090215533,nan,nan
1706090215534,nan,nan
1706090215550,nan,nan
1706090215567,nan,nan
1706090215578,0.5657345950603485,0.6922470331192017
1706090215589,0.5765710473060608,0.6865028738975525
1706090215601,0.5871153771877289,0.6825322508811951
1706090215612,0.5791991949081421,0.6713237464427948
1706090215623,0.5624821782112122,0.6634939312934875
1706090215634,0.544590413570404,0.66038578748703
1706090215645,0.5361498296260834,0.66240194439888
1706090215681,0.5370016098022461,0.6617806255817413
1706090215698,0.5331470966339111,0.6592694520950317
1706090215701,0.533574253320694,0.6588458120822906
1706090215714,0.53411865234375,0.656791090965271
1706090215724,0.5318885743618011,0.6566262543201447
1706090215734,0.531792551279068,0.6540063917636871
1706090215746,0.5309490263462067,0.6561587154865265
1706090215757,0.5307268500328064,0.6546164155006409
1706090215768,0.5301618278026581,0.6544266641139984
1706090215780,0.528797835111618,0.6511809229850769
1706090215790,0.5296537578105927,0.6507075130939484
1706090215835,0.5304161906242371,0.6496204733848572
1706090215836,0.5324585437774658,0.6527952253818512
1706090215851,0.5319727063179016,0.6555395722389221
1706090215858,0.5323911011219025,0.6531907320022583
1706090215869,0.5328945815563202,0.6567829847335815
1706090215879,0.5329132676124573,0.6563242971897125
1706090215891,0.5303465127944946,0.6571133434772491
1706090215902,0.5312226414680481,0.6551770269870758
1706090215912,0.5348996520042419,0.6556729674339294
1706090215923,0.5380001366138458,0.6560834646224976
1706090215934,0.5364647507667542,0.6581158339977264
1706090215945,0.5318402349948883,0.6599173843860626
1706090215988,0.5294651091098785,0.6629702150821686
1706090215989,0.5303636491298676,0.6637226939201355
1706090215990,0.5331559479236603,0.6609421372413635
1706090216010,0.5334693491458893,0.6613085567951202
1706090216012,0.5310958027839661,0.6684884130954742
1706090216024,0.5321511924266815,0.6712813079357147
1706090216035,0.5285123586654663,0.6576477289199829
1706090216045,0.5225954949855804,0.6265520751476288
1706090216057,0.5108313858509064,0.5897623598575592
1706090216068,0.508936882019043,0.5827456414699554
1706090216079,0.5096340477466583,0.5864740014076233
1706090216090,0.5100427865982056,0.5880067050457001
1706090216110,0.508777379989624,0.5892098546028137
1706090216135,0.5100325345993042,0.5871396660804749
1706090216136,0.510206937789917,0.5859667956829071
1706090216152,0.5105127990245819,0.5833640992641449
1706090216157,0.51314777135849,0.5868215560913086
1706090216168,0.5210597515106201,0.593845397233963
1706090216179,0.5531659722328186,0.6150418519973755
1706090216190,0.614581823348999,0.6635677218437195
1706090216199,0.6572500169277191,0.6972583532333374
1706090216210,0.7512129843235016,0.7903406322002411
1706090216221,nan,nan
1706090216233,nan,nan
1706090216244,nan,nan
1706090216283,nan,nan
1706090216284,nan,nan
1706090216286,nan,nan
1706090216302,nan,nan
1706090216309,nan,nan
1706090216319,nan,nan
1706090216331,nan,nan
1706090216342,nan,nan
1706090216353,nan,nan
1706090216363,nan,nan
1706090216381,nan,nan
1706090216410,nan,nan
1706090216431,nan,nan
1706090216433,nan,nan
1706090216449,nan,nan
1706090216455,nan,nan
1706090216468,nan,nan
1706090216477,nan,nan
1706090216489,nan,nan
1706090216500,nan,nan
1706090216511,nan,nan
1706090216522,nan,nan
1706090216565,nan,nan
1706090216566,nan,nan
1706090216567,nan,nan
1706090216582,nan,nan
1706090216589,nan,nan
1706090216602,nan,nan
1706090216611,nan,nan
1706090216622,nan,nan
1706090216633,nan,nan
1706090216644,nan,nan
1706090216654,nan,nan
1706090216670,nan,nan
1706090216715,nan,nan
1706090216719,nan,nan
1706090216734,nan,nan
1706090216748,nan,nan
1706090216757,nan,nan
1706090216768,nan,nan
1706090216779,nan,nan
1706090216791,nan,nan
1706090216802,nan,nan
1706090216813,nan,nan
1706090216824,nan,nan
1706090216865,nan,nan
1706090216869,nan,nan
1706090216880,nan,nan
1706090216893,nan,nan
1706090216902,nan,nan
1706090216913,nan,nan
1706090216924,nan,nan
1706090216935,nan,nan
1706090216947,nan,nan
1706090216958,nan,nan
1706090216999,nan,nan
1706090217000,nan,nan
1706090217002,nan,nan
1706090217019,nan,nan
1706090217026,nan,nan
1706090217036,nan,nan
1706090217046,nan,nan
1706090217057,nan,nan
1706090217068,nan,nan
1706090217079,nan,nan
1706090217090,nan,nan
1706090217102,nan,nan
1706090217112,nan,nan
1706090217148,nan,nan
1706090217149,nan,nan
1706090217157,nan,nan
1706090217168,nan,nan
1706090217181,nan,nan
1706090217191,nan,nan
1706090217201,nan,nan
1706090217212,nan,nan
1706090217224,nan,nan
1706090217235,nan,nan
1706090217246,nan,nan
1706090217257,nan,nan
1706090217301,nan,nan
1706090217302,nan,nan
1706090217313,nan,nan
1706090217324,nan,nan
1706090217335,nan,nan
1706090217346,nan,nan
1706090217358,nan,nan
1706090217369,nan,nan
1706090217380,nan,nan
1706090217391,nan,nan
1706090217402,nan,nan
1706090217412,nan,nan
1706090217448,nan,nan
1706090217466,nan,nan
1706090217468,nan,nan
1706090217480,nan,nan
1706090217490,nan,nan
1706090217501,nan,nan
1706090217512,nan,nan
1706090217524,nan,nan
1706090217534,nan,nan
1706090217546,nan,nan
1706090217581,nan,nan
1706090217582,nan,nan
1706090217597,nan,nan
1706090217602,nan,nan
1706090217613,nan,nan
1706090217624,nan,nan
1706090217634,nan,nan
1706090217645,nan,nan
1706090217656,nan,nan
1706090217668,nan,nan
1706090217679,nan,nan
1706090217717,nan,nan
1706090217718,nan,nan
1706090217724,nan,nan
1706090217735,nan,nan
1706090217745,nan,nan
1706090217757,nan,nan
1706090217768,nan,nan
1706090217779,nan,nan
1706090217790,nan,nan
1706090217801,nan,nan
1706090217812,nan,nan
1706090217848,nan,nan
1706090217856,nan,nan
1706090217867,nan,nan
1706090217880,nan,nan
1706090217890,nan,nan
1706090217901,nan,nan
1706090217912,nan,nan
1706090217923,nan,nan
1706090217934,nan,nan
1706090217945,nan,nan
1706090217957,nan,nan
1706090217978,nan,nan
1706090217998,nan,nan
1706090218001,nan,nan
1706090218015,nan,nan
1706090218023,nan,nan
1706090218035,nan,nan
1706090218045,nan,nan
1706090218057,nan,nan
1706090218068,nan,nan
1706090218079,nan,nan
1706090218090,nan,nan
1706090218101,nan,nan
1706090218112,nan,nan
1706090218149,nan,nan
1706090218150,nan,nan
1706090218157,nan,nan
1706090218168,nan,nan
1706090218180,nan,nan
1706090218190,nan,nan
1706090218200,nan,nan
1706090218211,nan,nan
1706090218223,nan,nan
1706090218234,nan,nan
1706090218245,nan,nan
1706090218282,nan,nan
1706090218283,nan,nan
1706090218290,nan,nan
1706090218300,nan,nan
1706090218313,nan,nan
1706090218323,nan,nan
1706090218334,nan,nan
1706090218345,nan,nan
1706090218356,nan,nan
1706090218367,nan,nan
1706090218378,nan,nan
1706090218390,nan,nan
1706090218432,nan,nan
1706090218434,nan,nan
1706090218448,nan,nan
1706090218456,nan,nan
1706090218468,nan,nan
1706090218478,nan,nan
1706090218489,nan,nan
1706090218507,nan,nan
1706090218528,nan,nan
1706090218539,nan,nan
1706090218550,nan,nan
1706090218584,nan,nan
1706090218585,nan,nan
1706090218594,nan,nan
1706090218605,nan,nan
1706090218616,nan,nan
1706090218626,nan,nan
1706090218639,nan,nan
1706090218649,nan,nan
1706090218660,nan,nan
1706090218671,nan,nan
1706090218683,nan,nan
1706090218693,nan,nan
1706090218715,nan,nan
1706090218736,nan,nan
1706090218738,nan,nan
1706090218753,nan,nan
1706090218761,nan,nan
1706090218772,nan,nan
1706090218782,nan,nan
1706090218793,nan,nan
1706090218805,nan,nan
1706090218816,nan,nan
1706090218826,nan,nan
1706090218838,nan,nan
1706090218849,nan,nan
1706090218885,nan,nan
1706090218894,nan,nan
1706090218905,nan,nan
1706090218916,nan,nan
1706090218927,nan,nan
1706090218937,nan,nan
1706090218948,nan,nan
1706090218960,nan,nan
1706090218970,nan,nan
1706090218981,nan,nan
1706090218993,nan,nan
1706090219035,nan,nan
1706090219036,nan,nan
1706090219037,nan,nan
1706090219054,nan,nan
1706090219060,nan,nan
1706090219072,nan,nan
1706090219082,nan,nan
1706090219093,nan,nan
1706090219104,nan,nan
1706090219115,nan,nan
1706090219127,nan,nan
1706090219137,nan,nan
1706090219149,nan,nan
1706090219186,nan,nan
1706090219194,nan,nan
1706090219205,nan,nan
1706090219216,nan,nan
1706090219227,nan,nan
1706090219237,nan,nan
1706090219250,nan,nan
1706090219259,nan,nan
1706090219271,nan,nan
1706090219283,nan,nan
1706090219293,nan,nan
1706090219314,nan,nan
1706090219335,nan,nan
1706090219336,nan,nan
1706090219337,nan,nan
1706090219352,nan,nan
1706090219360,nan,nan
1706090219371,nan,nan
1706090219383,nan,nan
1706090219392,nan,nan
1706090219403,nan,nan
1706090219416,nan,nan
1706090219425,nan,nan
1706090219437,nan,nan
1706090219450,nan,nan
1706090219484,nan,nan
1706090219485,nan,nan
1706090219492,nan,nan
1706090219504,nan,nan
1706090219517,nan,nan
1706090219525,nan,nan
1706090219537,nan,nan
1706090219550,nan,nan
1706090219559,nan,nan
1706090219570,nan,nan
1706090219583,nan,nan
1706090219592,nan,nan
1706090219613,nan,nan
1706090219633,nan,nan
1706090219638,nan,nan
1706090219650,nan,nan
1706090219659,nan,nan
1706090219671,nan,nan
1706090219682,nan,nan
1706090219691,nan,nan
1706090219704,nan,nan
1706090219715,nan,nan
1706090219725,nan,nan
1706090219769,nan,nan
1706090219771,nan,nan
1706090219786,nan,nan
1706090219792,nan,nan
1706090219804,nan,nan
1706090219815,nan,nan
1706090219825,nan,nan
1706090219838,nan,nan
1706090219848,nan,nan
1706090219858,nan,nan
1706090219871,nan,nan
1706090219882,nan,nan
1706090219922,nan,nan
1706090219925,nan,nan
1706090219938,nan,nan
1706090219948,nan,nan
1706090219959,nan,nan
1706090219972,nan,nan
1706090219982,nan,nan
1706090219992,nan,nan
1706090220005,nan,nan
1706090220015,nan,nan
1706090220026,nan,nan
1706090220037,nan,nan
1706090220072,nan,nan
1706090220073,nan,nan
1706090220081,nan,nan
1706090220092,nan,nan
1706090220103,nan,nan
1706090220114,nan,nan
1706090220126,nan,nan
1706090220136,nan,nan
1706090220148,nan,nan
1706090220159,nan,nan
1706090220170,nan,nan
1706090220181,nan,nan
1706090220223,nan,nan
1706090220224,nan,nan
1706090220226,nan,nan
1706090220239,nan,nan
1706090220248,nan,nan
1706090220259,nan,nan
1706090220270,nan,nan
1706090220282,nan,nan
1706090220293,nan,nan
1706090220303,nan,nan
1706090220315,nan,nan
1706090220327,nan,nan
1706090220337,nan,nan
1706090220371,nan,nan
1706090220372,nan,nan
1706090220388,nan,nan
1706090220392,nan,nan
1706090220404,nan,nan
1706090220415,nan,nan
1706090220426,nan,nan
1706090220436,nan,nan
1706090220447,nan,nan
1706090220458,nan,nan
1706090220469,nan,nan
1706090220481,nan,nan
1706090220519,nan,nan
1706090220524,nan,nan
1706090220537,nan,nan
1706090220548,nan,nan
1706090220558,nan,nan
1706090220569,nan,nan
1706090220582,nan,nan
1706090220591,nan,nan
1706090220603,nan,nan
1706090220615,nan,nan
1706090220624,nan,nan
1706090220636,nan,nan
1706090220670,nan,nan
1706090220671,nan,nan
1706090220688,nan,nan
1706090220691,nan,nan
1706090220703,nan,nan
1706090220715,nan,nan
1706090220725,nan,nan
1706090220736,nan,nan
1706090220748,nan,nan
1706090220758,nan,nan
1706090220770,nan,nan
1706090220782,nan,nan
1706090220821,nan,nan
1706090220825,nan,nan
1706090220839,nan,nan
1706090220849,nan,nan
1706090220858,nan,nan
1706090220869,nan,nan
1706090220882,nan,nan
1706090220891,nan,nan
1706090220903,nan,nan
1706090220915,nan,nan
1706090220925,nan,nan
1706090220937,nan,nan
1706090220971,nan,nan
1706090220972,nan,nan
1706090220989,nan,nan
1706090220991,nan,nan
1706090221003,nan,nan
1706090221014,nan,nan
1706090221024,nan,nan
1706090221037,nan,nan
1706090221047,nan,nan
1706090221058,nan,nan
1706090221070,nan,nan
1706090221081,nan,nan
1706090221120,nan,nan
1706090221121,nan,nan
1706090221124,nan,nan
1706090221138,nan,nan
1706090221148,nan,nan
1706090221158,nan,nan
1706090221170,nan,nan
1706090221180,nan,nan
1706090221190,nan,nan
1706090221203,nan,nan
1706090221214,nan,nan
1706090221224,nan,nan
1706090221236,nan,nan
1706090221271,nan,nan
1706090221272,nan,nan
1706090221281,nan,nan
1706090221291,nan,nan
1706090221304,nan,nan
1706090221314,nan,nan
1706090221324,nan,nan
1706090221336,nan,nan
1706090221348,nan,nan
1706090221358,nan,nan
1706090221370,nan,nan
1706090221381,nan,nan
1706090221399,nan,nan
1706090221420,nan,nan
1706090221421,nan,nan
1706090221424,nan,nan
1706090221438,nan,nan
1706090221447,nan,nan
1706090221457,nan,nan
1706090221469,nan,nan
1706090221480,nan,nan
1706090221490,nan,nan
1706090221502,nan,nan
1706090221513,nan,nan
1706090221551,nan,nan
1706090221552,nan,nan
1706090221557,nan,nan
1706090221568,nan,nan
1706090221589,nan,nan
1706090221603,nan,nan
1706090221614,nan,nan
1706090221625,nan,nan
1706090221636,nan,nan
1706090221647,nan,nan
1706090221658,nan,nan
1706090221670,nan,nan
1706090221703,nan,nan
1706090221704,nan,nan
1706090221720,nan,nan
1706090221729,nan,nan
1706090221741,nan,nan
1706090221753,nan,nan
1706090221762,nan,nan
1706090221773,nan,nan
1706090221786,nan,nan
1706090221796,nan,nan
1706090221807,nan,nan
1706090221818,nan,nan
1706090221853,nan,nan
1706090221854,nan,nan
1706090221863,nan,nan
1706090221874,nan,nan
1706090221894,nan,nan
1706090221907,nan,nan
1706090221918,nan,nan
1706090221929,nan,nan
1706090221941,nan,nan
1706090221952,nan,nan
1706090221963,nan,nan
1706090222006,nan,nan
1706090222008,0.5297884941101074,0.6779178977012634
1706090222023,0.5236892104148865,0.6450392007827759
1706090222030,0.526033341884613,0.6461719274520874
1706090222041,0.526033341884613,0.6461719274520874
1706090222053,0.5223925113677979,0.64306640625
1706090222063,0.5133209824562073,0.6361409425735474
1706090222075,0.5133209824562073,0.6361409425735474
1706090222086,0.16295461356639862,0.5798555612564087
1706090222097,0.39132964611053467,0.5764427185058594
1706090222108,0.42114317417144775,0.5765689015388489
1706090222120,0.5167359113693237,0.5841670036315918
1706090222154,0.5193301439285278,0.5884518027305603
1706090222155,0.5191835761070251,0.5947323441505432
1706090222163,0.5178647041320801,0.5939305424690247
1706090222174,0.5162784457206726,0.5892975926399231
1706090222187,0.5127422213554382,0.5850553512573242
1706090222196,0.5112538933753967,0.588634192943573
1706090222208,0.513469398021698,0.5889212489128113
1706090222219,0.5119168758392334,0.591975212097168
1706090222230,0.5104947090148926,0.5911375880241394
1706090222241,0.510435938835144,0.5967286229133606
1706090222252,0.5118878483772278,0.6009559631347656
1706090222263,0.5133786797523499,0.6071345210075378
1706090222303,0.509489893913269,0.6064417958259583
1706090222304,0.5013445615768433,0.6076616644859314
1706090222309,0.4882034659385681,0.6137186884880066
1706090222322,0.4900437444448471,0.6439214646816254
1706090222332,0.48787306249141693,0.6448419988155365
1706090222343,0.4886740893125534,0.6492318212985992
1706090222355,0.48756468296051025,0.6510623395442963
1706090222365,0.48914048075675964,0.648966372013092
1706090222376,0.48958155512809753,0.6466379165649414
1706090222388,0.4904445558786392,0.6474543213844299
1706090222399,0.4894576072692871,0.6493804752826691
1706090222410,0.49042901396751404,0.6493701338768005
1706090222421,0.49035510420799255,0.648910403251648
1706090222455,0.49082641303539276,0.6510910987854004
1706090222466,0.4904281795024872,0.6571879088878632
1706090222477,0.48848602175712585,0.6533758640289307
1706090222490,0.49029792845249176,0.6570705473423004
1706090222499,0.4902957081794739,0.6561249196529388
1706090222509,0.4924755394458771,0.6573004126548767
1706090222520,0.4937022626399994,0.6547499895095825
1706090222531,0.4939473420381546,0.6528405249118805
1706090222542,0.4933837950229645,0.6522438824176788
1706090222554,0.492652028799057,0.6512331068515778
1706090222565,0.4913826733827591,0.652352899312973
1706090222603,0.4893861413002014,0.6527232527732849
1706090222604,0.4905638098716736,0.6552609205245972
1706090222609,0.49482473731040955,0.6579498648643494
1706090222622,0.49349960684776306,0.6563850045204163
1706090222631,0.49277685582637787,0.6591644287109375
1706090222643,0.4898523837327957,0.6576316058635712
1706090222654,0.49129459261894226,0.6565658152103424
1706090222665,0.4916270673274994,0.6564382612705231
1706090222676,0.4906204491853714,0.6585377156734467
1706090222687,0.49089953303337097,0.661166250705719
1706090222698,0.49042166769504547,0.6592630445957184
1706090222710,0.49136829376220703,0.6579908728599548
1706090222721,0.4908318817615509,0.6570343971252441
1706090222758,0.49158839881420135,0.6594764292240143
1706090222765,0.4916548579931259,0.6598990261554718
1706090222776,0.4916338622570038,0.6571430563926697
1706090222788,0.4942857325077057,0.6581436991691589
1706090222798,0.5329238474369049,0.6698657870292664
1706090222809,0.586650162935257,0.6880522668361664
1706090222820,0.6507083475589752,0.7245147526264191
1706090222830,0.7387436330318451,0.7762937247753143
1706090222841,0.7980382442474365,0.9043707251548767
1706090222852,nan,nan
1706090222863,nan,nan
1706090222881,nan,nan
1706090222906,nan,nan
1706090222908,nan,nan
1706090222918,nan,nan
1706090222929,nan,nan
1706090222940,nan,nan
1706090222951,nan,nan
1706090222962,nan,nan
1706090222973,nan,nan
1706090222984,nan,nan
1706090222995,nan,nan
1706090223007,nan,nan
1706090223018,nan,nan
1706090223058,nan,nan
1706090223059,nan,nan
1706090223062,nan,nan
1706090223076,nan,nan
1706090223084,nan,nan
1706090223095,nan,nan
1706090223106,nan,nan
1706090223117,nan,nan
1706090223129,nan,nan
1706090223139,nan,nan
1706090223150,nan,nan
1706090223162,nan,nan
1706090223183,nan,nan
1706090223204,nan,nan
1706090223205,nan,nan
1706090223206,nan,nan
1706090223222,nan,nan
1706090223228,nan,nan
1706090223240,nan,nan
1706090223251,nan,nan
1706090223262,nan,nan
1706090223273,nan,nan
1706090223284,nan,nan
1706090223295,nan,nan
1706090223335,nan,nan
1706090223336,nan,nan
1706090223339,nan,nan
1706090223359,nan,nan
1706090223378,nan,nan
1706090223395,nan,nan
1706090223411,nan,nan
1706090223423,0.27790045738220215,0.35059767961502075
1706090223433,0.27790045738220215,0.35059767961502075
1706090223444,0.27790045738220215,0.35059767961502075
1706090223466,0.24555542320013046,0.36135318875312805
1706090223487,0.20215236395597458,0.29108574986457825
1706090223490,0.18978293240070343,0.27443578839302063
1706090223504,0.19368676096200943,0.27918770909309387
1706090223512,0.19655229151248932,0.28449055552482605
1706090223523,0.1942366063594818,0.2745758146047592
1706090223534,0.19516537338495255,0.2831561863422394
1706090223545,0.19401834905147552,0.2812293469905853
1706090223557,0.19446967542171478,0.29291167855262756
1706090223567,0.1931055709719658,0.2926100641489029
1706090223579,0.20304031670093536,0.29240648448467255
1706090223622,0.22407110035419464,0.2757922261953354
1706090223623,0.26892147958278656,0.2612049952149391
1706090223624,0.27840879559516907,0.25754185765981674
1706090223643,0.2759435772895813,0.2568745091557503
1706090223646,0.2774083614349365,0.2578885108232498
1706090223656,0.2750646620988846,0.261447437107563
1706090223667,0.2755559980869293,0.26117999106645584
1706090223678,0.27554088830947876,0.2558904066681862
1706090223690,0.2783011943101883,0.2634730786085129
1706090223701,0.2792743295431137,0.265662744641304
1706090223712,0.2925248295068741,0.29855063557624817
1706090223723,0.29140281677246094,0.3022814244031906
1706090223732,0.3208490312099457,0.3913809508085251
1706090223771,nan,nan
1706090223772,nan,nan
1706090223777,nan,nan
1706090223788,nan,nan
1706090223798,nan,nan
1706090223809,nan,nan
1706090223820,nan,nan
1706090223831,nan,nan
1706090223841,nan,nan
1706090223860,nan,nan
1706090223880,nan,nan
1706090223922,nan,nan
1706090223923,nan,nan
1706090223924,nan,nan
1706090223941,nan,nan
1706090223945,nan,nan
1706090223956,nan,nan
1706090223967,nan,nan
1706090223979,nan,nan
1706090223990,nan,nan
1706090224001,nan,nan
1706090224012,nan,nan
1706090224024,nan,nan
1706090224034,nan,nan
1706090224073,nan,nan
1706090224074,nan,nan
1706090224077,nan,nan
1706090224092,nan,nan
1706090224100,nan,nan
1706090224111,nan,nan
1706090224122,nan,nan
1706090224133,nan,nan
1706090224144,nan,nan
1706090224155,nan,nan
1706090224167,nan,nan
1706090224177,nan,nan
1706090224189,nan,nan
1706090224226,nan,nan
1706090224233,nan,nan
1706090224245,nan,nan
1706090224262,nan,nan
1706090224282,nan,nan
1706090224293,nan,nan
1706090224303,nan,nan
1706090224315,nan,nan
1706090224327,nan,nan
1706090224336,nan,nan
1706090224371,nan,nan
1706090224388,nan,nan
1706090224393,nan,nan
1706090224402,nan,nan
1706090224414,nan,nan
1706090224425,nan,nan
1706090224436,nan,nan
1706090224448,nan,nan
1706090224457,nan,nan
1706090224475,nan,nan
1706090224521,nan,nan
1706090224522,nan,nan
1706090224529,nan,nan
1706090224539,nan,nan
1706090224554,nan,nan
1706090224562,nan,nan
1706090224572,nan,nan
1706090224584,nan,nan
1706090224596,nan,nan
1706090224606,nan,nan
1706090224617,nan,nan
1706090224629,nan,nan
1706090224639,nan,nan
1706090224673,nan,nan
1706090224674,nan,nan
1706090224690,nan,nan
1706090224698,nan,nan
1706090224707,nan,nan
1706090224717,nan,nan
1706090224729,nan,nan
1706090224739,nan,nan
1706090224751,nan,nan
1706090224762,nan,nan
1706090224803,nan,nan
1706090224805,nan,nan
1706090224820,nan,nan
1706090224828,nan,nan
1706090224838,nan,nan
1706090224850,nan,nan
1706090224862,nan,nan
1706090224872,nan,nan
1706090224883,nan,nan
1706090224895,nan,nan
1706090224905,nan,nan
1706090224917,nan,nan
1706090224955,nan,nan
1706090224962,nan,nan
1706090224972,nan,nan
1706090224984,nan,nan
1706090224995,nan,nan
1706090225005,nan,nan
1706090225017,nan,nan
1706090225029,nan,nan
1706090225038,nan,nan
1706090225050,nan,nan
1706090225062,nan,nan
1706090225072,nan,nan
1706090225106,nan,nan
1706090225107,nan,nan
1706090225122,nan,nan
1706090225129,nan,nan
1706090225139,nan,nan
1706090225150,nan,nan
1706090225161,nan,nan
1706090225171,nan,nan
1706090225183,nan,nan
1706090225195,nan,nan
1706090225205,nan,nan
1706090225216,nan,nan
1706090225257,nan,nan
1706090225258,nan,nan
1706090225261,nan,nan
1706090225273,nan,nan
1706090225283,nan,nan
1706090225295,nan,nan
1706090225305,nan,nan
1706090225317,nan,nan
1706090225328,nan,nan
1706090225338,nan,nan
1706090225351,nan,nan
1706090225362,nan,nan
1706090225372,nan,nan
1706090225408,nan,nan
1706090225409,nan,nan
1706090225417,nan,nan
1706090225428,nan,nan
1706090225439,nan,nan
1706090225450,nan,nan
1706090225461,nan,nan
1706090225472,nan,nan
1706090225483,nan,nan
1706090225494,nan,nan
1706090225512,nan,nan
1706090225559,nan,nan
1706090225563,nan,nan
1706090225576,nan,nan
1706090225585,nan,nan
1706090225597,nan,nan
1706090225608,nan,nan
1706090225619,nan,nan
1706090225630,nan,nan
1706090225641,0.5044820308685303,0.5927575826644897
1706090225653,0.5044820308685303,0.5927575826644897
1706090225665,0.5064931511878967,0.5981489419937134
1706090225675,0.5087441802024841,0.6001939177513123
1706090225709,0.5044093728065491,0.603825032711029
1706090225726,0.5049910545349121,0.6198616027832031
1706090225732,0.5042482018470764,0.6270607709884644
1706090225742,0.5043959617614746,0.6250468492507935
1706090225753,0.5084702372550964,0.6283709406852722
1706090225765,0.5064009428024292,0.6293695569038391
1706090225775,0.5039662718772888,0.635843813419342
1706090225787,0.4991625249385834,0.6305220127105713
1706090225798,0.4990360736846924,0.6344804167747498
1706090225809,0.5013758540153503,0.6412335634231567
1706090225820,0.5048021674156189,0.6465309262275696
1706090225857,0.5236643552780151,0.6662585735321045
1706090225858,0.6586070656776428,0.8872203230857849
1706090225864,0.6965300440788269,0.9584346413612366
1706090225877,0.8403170704841614,1.323280692100525
1706090225886,nan,nan
1706090225897,nan,nan
1706090225907,nan,nan
1706090225918,nan,nan
1706090225929,nan,nan
1706090225940,nan,nan
1706090225950,nan,nan
1706090225969,nan,nan
1706090226007,nan,nan
1706090226017,nan,nan
1706090226033,nan,nan
1706090226044,nan,nan
1706090226055,nan,nan
1706090226067,nan,nan
1706090226077,nan,nan
1706090226089,nan,nan
1706090226100,nan,nan
1706090226110,nan,nan
1706090226159,nan,nan
1706090226160,nan,nan
1706090226177,nan,nan
1706090226180,nan,nan
1706090226193,nan,nan
1706090226203,nan,nan
1706090226214,nan,nan
1706090226225,nan,nan
1706090226236,nan,nan
1706090226246,nan,nan
1706090226258,nan,nan
1706090226270,nan,nan
1706090226306,nan,nan
1706090226307,nan,nan
1706090226313,nan,nan
1706090226324,nan,nan
1706090226336,nan,nan
1706090226346,nan,nan
1706090226358,nan,nan
1706090226369,nan,nan
1706090226379,nan,nan
1706090226391,nan,nan
1706090226402,nan,nan
1706090226412,nan,nan
1706090226425,nan,nan
1706090226458,nan,nan
1706090226459,nan,nan
1706090226475,nan,nan
1706090226479,nan,nan
1706090226493,nan,nan
1706090226502,nan,nan
1706090226512,nan,nan
1706090226524,nan,nan
1706090226536,nan,nan
1706090226545,nan,nan
1706090226558,nan,nan
1706090226568,nan,nan
1706090226607,nan,nan
1706090226608,nan,nan
1706090226613,nan,nan
1706090226625,nan,nan
1706090226636,nan,nan
1706090226646,nan,nan
1706090226657,nan,nan
1706090226669,nan,nan
1706090226679,nan,nan
1706090226691,nan,nan
1706090226702,nan,nan
1706090226713,nan,nan
1706090226753,nan,nan
1706090226754,nan,nan
1706090226757,nan,nan
1706090226770,nan,nan
1706090226780,nan,nan
1706090226790,nan,nan
1706090226802,nan,nan
1706090226813,nan,nan
1706090226824,nan,nan
1706090226835,nan,nan
1706090226846,nan,nan
1706090226857,nan,nan
1706090226869,nan,nan
1706090226906,nan,nan
1706090226907,nan,nan
1706090226913,nan,nan
1706090226924,nan,nan
1706090226937,nan,nan
1706090226946,nan,nan
1706090226958,nan,nan
1706090226969,nan,nan
1706090226980,nan,nan
1706090226991,nan,nan
1706090227002,nan,nan
1706090227042,nan,nan
1706090227043,nan,nan
1706090227046,nan,nan
1706090227060,nan,nan
1706090227069,nan,nan
1706090227079,nan,nan
1706090227090,nan,nan
1706090227102,nan,nan
1706090227112,nan,nan
1706090227123,nan,nan
1706090227136,nan,nan
1706090227145,nan,nan
1706090227157,nan,nan
1706090227190,nan,nan
1706090227209,nan,nan
1706090227212,nan,nan
1706090227223,nan,nan
1706090227236,nan,nan
1706090227245,nan,nan
1706090227257,nan,nan
1706090227269,nan,nan
1706090227279,nan,nan
1706090227290,nan,nan
1706090227302,nan,nan
1706090227343,nan,nan
1706090227344,nan,nan
1706090227345,nan,nan
1706090227361,nan,nan
1706090227369,nan,nan
1706090227380,nan,nan
1706090227391,nan,nan
1706090227403,nan,nan
1706090227412,nan,nan
1706090227424,nan,nan
1706090227436,nan,nan
1706090227446,nan,nan
1706090227458,nan,nan
1706090227492,nan,nan
1706090227501,nan,nan
1706090227512,nan,nan
1706090227524,nan,nan
1706090227535,nan,nan
1706090227545,nan,nan
1706090227557,nan,nan
1706090227568,nan,nan
1706090227579,nan,nan
1706090227590,nan,nan
1706090227601,nan,nan
1706090227643,nan,nan
1706090227644,nan,nan
1706090227645,nan,nan
1706090227661,nan,nan
1706090227668,nan,nan
1706090227679,nan,nan
1706090227691,nan,nan
1706090227702,nan,nan
1706090227712,nan,nan
1706090227724,nan,nan
1706090227735,nan,nan
1706090227745,nan,nan
1706090227758,nan,nan
1706090227792,nan,nan
1706090227802,nan,nan
1706090227812,nan,nan
1706090227826,nan,nan
1706090227835,nan,nan
1706090227844,nan,nan
1706090227857,nan,nan
1706090227868,nan,nan
1706090227878,nan,nan
1706090227890,nan,nan
1706090227901,nan,nan
1706090227940,nan,nan
1706090227941,nan,nan
1706090227945,nan,nan
1706090227957,nan,nan
1706090227968,nan,nan
1706090227978,nan,nan
1706090227990,nan,nan
1706090228001,nan,nan
1706090228012,nan,nan
1706090228023,nan,nan
1706090228035,nan,nan
1706090228046,nan,nan
1706090228057,nan,nan
1706090228092,nan,nan
1706090228111,nan,nan
1706090228113,nan,nan
1706090228125,nan,nan
1706090228135,nan,nan
1706090228146,nan,nan
1706090228157,nan,nan
1706090228168,nan,nan
1706090228179,nan,nan
1706090228191,nan,nan
1706090228201,nan,nan
1706090228238,nan,nan
1706090228239,nan,nan
1706090228245,nan,nan
1706090228256,nan,nan
1706090228269,nan,nan
1706090228278,nan,nan
1706090228289,nan,nan
1706090228301,nan,nan
1706090228311,nan,nan
1706090228323,nan,nan
1706090228334,nan,nan
1706090228344,nan,nan
1706090228368,nan,nan
1706090228389,nan,nan
1706090228390,nan,nan
1706090228406,nan,nan
1706090228412,nan,nan
1706090228424,nan,nan
1706090228434,nan,nan
1706090228445,nan,nan
1706090228456,nan,nan
1706090228467,nan,nan
1706090228478,nan,nan
1706090228489,nan,nan
1706090228524,nan,nan
1706090228526,nan,nan
1706090228543,nan,nan
1706090228561,nan,nan
1706090228571,0.5335262715816498,0.6964591145515442
1706090228582,0.5435323715209961,0.69704669713974
1706090228592,0.5435323715209961,0.69704669713974
1706090228604,0.4933238923549652,0.7034431099891663
1706090228614,0.4612404704093933,0.7037595808506012
1706090228626,0.4802345484495163,0.7101929187774658
1706090228637,0.4993094801902771,0.7383767366409302
1706090228674,0.5037887990474701,0.7080331742763519
1706090228675,0.5038130879402161,0.70320725440979
1706090228682,0.49657367169857025,0.6910688877105713
1706090228693,0.5004997998476028,0.6912222504615784
1706090228706,0.4991636723279953,0.6895206570625305
1706090228715,0.5001731663942337,0.6831810772418976
1706090228726,0.49565140902996063,0.6812548041343689
1706090228738,0.499613881111145,0.6757684648036957
1706090228748,0.4923408478498459,0.6773584187030792
1706090228760,0.5001014918088913,0.6696310341358185
1706090228771,0.5012850612401962,0.6667013466358185
1706090228810,0.4999522864818573,0.663410872220993
1706090228811,0.49946723878383636,0.6637802720069885
1706090228815,0.4965488910675049,0.6601053774356842
1706090228829,0.4946776479482651,0.6593903005123138
1706090228838,0.49598780274391174,0.6573056876659393
1706090228849,0.4955076575279236,0.6582498848438263
1706090228860,0.49607153236866,0.6559900343418121
1706090228872,0.4942020773887634,0.6545140147209167
1706090228882,0.49498477578163147,0.6540569961071014
1706090228894,0.4957771599292755,0.6585786044597626
1706090228905,0.4953363239765167,0.6621224880218506
1706090228916,0.49561475217342377,0.6599710881710052
1706090228927,0.4942062199115753,0.6573657691478729
1706090228962,0.4959375709295273,0.6582342982292175
1706090228963,0.4976588636636734,0.6638647019863129
1706090228978,0.4960508197546005,0.6614804863929749
1706090228981,0.49556951224803925,0.6575440764427185
1706090228994,0.4963211715221405,0.6548711359500885
1706090229004,0.4998033195734024,0.653946042060852
1706090229015,0.5008023679256439,0.6565453112125397
1706090229026,0.5005969107151031,0.65506911277771
1706090229037,0.49713677167892456,0.6475868821144104
1706090229048,0.48957324028015137,0.6132740676403046
1706090229060,0.48541359603405,0.5882579982280731
1706090229072,0.48236866295337677,0.5767009854316711
1706090229108,0.48210690915584564,0.5740829110145569
1706090229109,0.48233573138713837,0.5774741768836975
1706090229115,0.48231811821460724,0.5751624405384064
1706090229133,0.47873666882514954,0.5730001628398895
1706090229138,0.47926564514636993,0.5726591646671295
1706090229149,0.4777901768684387,0.5711547136306763
1706090229160,0.4768036901950836,0.568323165178299
1706090229171,0.4772116094827652,0.571651816368103
1706090229182,0.47880589962005615,0.5741008222103119
1706090229193,0.47794967889785767,0.5724983215332031
1706090229205,0.4788172245025635,0.5685797333717346
1706090229215,0.4780102074146271,0.5688034892082214
1706090229227,0.47974996268749237,0.5701623857021332
1706090229237,0.48018981516361237,0.5656976997852325
1706090229279,0.47988563776016235,0.5637624859809875
1706090229280,0.47989819943904877,0.5640852749347687
1706090229282,0.4795454889535904,0.565742701292038
1706090229296,0.4786411225795746,0.5677348375320435
1706090229304,0.4777166545391083,0.5703619122505188
1706090229316,0.479459285736084,0.568779319524765
1706090229327,0.4801042973995209,0.5673074722290039
1706090229338,0.48031124472618103,0.5683224201202393
1706090229349,0.4784662127494812,0.569991797208786
1706090229360,0.47793544828891754,0.5698752999305725
1706090229371,0.47809961438179016,0.5706362426280975
1706090229382,0.4786893427371979,0.570184975862503
1706090229394,0.4805460721254349,0.5762886703014374
1706090229425,0.47987499833106995,0.5742340981960297
1706090229426,0.4800071567296982,0.575588047504425
1706090229444,0.48299986124038696,0.5757966637611389
1706090229448,0.4826408326625824,0.5722771883010864
1706090229460,0.4848565459251404,0.5685839951038361
1706090229470,0.4839184731245041,0.5753099322319031
1706090229481,0.4857872873544693,0.5865715742111206
1706090229493,0.4835018813610077,0.5900866091251373
1706090229504,0.48248082399368286,0.5889058411121368
1706090229515,0.4811359643936157,0.5864438414573669
1706090229526,0.479745090007782,0.5846506059169769
1706090229537,0.48260197043418884,0.5877025425434113
1706090229578,0.48403605818748474,0.5873667001724243
1706090229579,0.4882185012102127,0.5926976799964905
1706090229581,0.49114225804805756,0.5938553810119629
1706090229597,0.4815668761730194,0.5816594064235687
1706090229604,0.4522804021835327,0.5467527508735657
1706090229616,0.390318900346756,0.4627053588628769
1706090229626,0.3365671634674072,0.39854490756988525
1706090229637,0.2834893614053726,0.3505610525608063
1706090229648,0.23430926352739334,0.32265667617321014
1706090229660,0.22364801168441772,0.32159633934497833
1706090229671,0.22639000415802002,0.3271239101886749
1706090229682,0.22655458003282547,0.33156540989875793
1706090229693,0.22896838188171387,0.332672119140625
1706090229704,0.2280699983239174,0.3352026045322418
1706090229746,0.22594912350177765,0.33108195662498474
1706090229747,0.225431390106678,0.3330311179161072
1706090229748,0.22602277249097824,0.32837410271167755
1706090229767,0.2247311994433403,0.33022046089172363
1706090229771,0.224760964512825,0.33329935371875763
1706090229783,0.23360249400138855,0.34179893136024475
