timestamp,x,y
1702303959496,nan,nan
1702303959507,nan,nan
1702303959519,nan,nan
1702303959530,nan,nan
1702303959568,nan,nan
1702303959574,nan,nan
1702303959584,nan,nan
1702303959598,nan,nan
1702303959608,1472.7067565917969,762.8550910949707
1702303959620,1503.7396240234375,799.7761058807373
1702303959631,1509.8985290527344,804.0394020080566
1702303959642,1503.7994384765625,826.1038112640381
1702303959653,1511.37939453125,821.6056823730469
1702303959664,1511.0609436035156,824.5737075805664
1702303959698,1518.1167602539062,810.3542232513428
1702303959714,1524.5925903320312,795.267505645752
1702303959720,1527.2840881347656,787.7392959594727
1702303959731,1530.1541137695312,779.6360206604004
1702303959742,1530.1950073242188,783.3814144134521
1702303959753,1521.7123413085938,789.6969223022461
1702303959764,1505.6637573242188,812.8637409210205
1702303959775,1480.6193542480469,824.6508693695068
1702303959786,1402.8669738769531,844.5736312866211
1702303959797,1391.5957641601562,842.0558738708496
1702303959808,1398.9668273925781,830.6288051605225
1702303959829,1407.000732421875,829.6348857879639
1702303959848,1419.1288757324219,839.5890998840332
1702303959853,1413.1402587890625,854.7480010986328
1702303959868,1408.1239318847656,847.0702743530273
1702303959875,1410.4267883300781,844.4343280792236
1702303959887,1374.1899108886719,785.108585357666
1702303959897,1337.2166442871094,713.0127382278442
1702303959908,1289.1416931152344,595.3874015808105
1702303959919,1165.8074951171875,282.47458934783936
1702303959931,1156.8743896484375,237.36631393432617
1702303959941,1138.5636138916016,208.37146282196045
1702303959953,1141.3484191894531,212.77376174926758
1702303959964,1137.2164916992188,216.95120573043823
1702303959998,1146.709213256836,228.58051300048828
1702303959999,1153.0912780761719,232.22559213638306
1702303960014,1154.0487670898438,220.63066005706787
1702303960020,1156.4725494384766,222.65388250350952
1702303960031,1156.7677307128906,229.9626874923706
1702303960041,1156.2728118896484,227.68508434295654
1702303960053,1156.9175720214844,231.53424739837646
1702303960064,1158.5747528076172,232.88747549057007
1702303960075,1161.9280242919922,228.19418907165527
1702303960086,1162.2453308105469,221.9771933555603
1702303960097,1172.0604705810547,216.2491750717163
1702303960132,1148.3164978027344,211.2123727798462
1702303960133,1007.3530578613281,201.78659677505493
1702303960148,824.0838623046875,205.80349445343018
1702303960153,709.8942565917969,237.4327254295349
1702303960166,695.4403686523438,242.24055290222168
1702303960175,700.164794921875,252.09376573562622
1702303960186,696.7514801025391,229.4804048538208
1702303960196,697.4822235107422,224.96787786483765
1702303960207,701.2347412109375,211.17587327957153
1702303960218,694.3846893310547,212.65774011611938
1702303960230,698.1244659423828,216.77587509155273
1702303960241,700.6380462646484,224.5503544807434
1702303960262,696.4553070068359,224.2452049255371
1702303960283,693.2738494873047,220.58862447738647
1702303960285,616.507682800293,262.35042572021484
1702303960298,592.4111175537109,273.35055112838745
1702303960308,556.971549987793,270.30105113983154
1702303960318,478.6057662963867,238.71613025665283
1702303960330,478.9542007446289,233.1843638420105
1702303960341,476.9219207763672,234.49617862701416
1702303960352,477.8807067871094,236.63870573043823
1702303960363,479.62032318115234,240.45403003692627
1702303960374,483.3563995361328,246.343731880188
1702303960385,472.05875396728516,242.86821126937866
1702303960419,465.84930419921875,232.4350619316101
1702303960436,463.22383880615234,234.9172854423523
1702303960441,464.5028305053711,229.50493097305298
1702303960451,475.58582305908203,227.94952869415283
1702303960463,483.2091522216797,234.85063791275024
1702303960474,491.99657440185547,243.36210250854492
1702303960485,480.99353790283203,231.64511919021606
1702303960496,473.7960433959961,226.74500226974487
1702303960507,465.29396057128906,226.3891053199768
1702303960549,471.0100555419922,231.79287672042847
1702303960553,618.6094284057617,190.02015352249146
1702303960565,670.8680725097656,190.59635639190674
1702303960575,717.8851318359375,185.9772276878357
1702303960586,796.1186981201172,221.1677885055542
1702303960598,812.7545547485352,183.64683866500854
1702303960608,815.4718780517578,187.34977841377258
1702303960619,894.7862243652344,39.669002294540405
1702303960631,883.4329986572266,51.993607878685
1702303960642,877.1711349487305,48.190664649009705
1702303960653,811.4065551757812,181.51617765426636
1702303960665,801.1663436889648,212.1083915233612
1702303960699,801.9266510009766,215.7084310054779
1702303960700,798.1241989135742,210.01466989517212
1702303960715,797.4510192871094,204.92117643356323
1702303960721,795.9425735473633,206.14337861537933
1702303960731,803.0823135375977,206.1833220720291
1702303960742,803.6535263061523,203.64037334918976
1702303960753,982.7912902832031,187.8145408630371
1702303960765,1058.563346862793,174.33747589588165
1702303960775,1109.831314086914,179.40206050872803
1702303960787,1279.2390060424805,161.34834229946136
1702303960798,1292.4633407592773,160.56519627571106
1702303960834,1296.0367584228516,157.25883185863495
1702303960842,1293.867416381836,168.15874457359314
1702303960853,1294.4918823242188,166.60365343093872
1702303960865,1296.322021484375,161.88654363155365
1702303960875,1299.1815948486328,165.63367009162903
1702303960886,1294.3948364257812,164.87464785575867
1702303960898,1293.7865447998047,166.82726383209229
1702303960908,1293.9540100097656,163.31391870975494
1702303960920,1305.2191162109375,167.6800775527954
1702303960931,1302.786636352539,168.30226957798004
1702303960942,1302.2887420654297,170.31873285770416
1702303960953,1301.8514251708984,172.75576651096344
1702303960984,1296.6969299316406,170.04211127758026
1702303960986,1365.3546905517578,150.1653814315796
1702303961002,1433.9111328125,142.8691130876541
1702303961008,1467.7204132080078,148.10981690883636
1702303961020,1470.550537109375,149.32510435581207
1702303961031,1475.7191467285156,144.95413899421692
1702303961042,1467.1971130371094,140.55621206760406
1702303961053,1469.6851348876953,139.47084546089172
1702303961064,1469.8924255371094,129.72419679164886
1702303961074,1484.6138000488281,131.82896375656128
1702303961085,1480.83984375,127.76419401168823
1702303961097,1475.31005859375,121.0744160413742
1702303961114,1478.0455780029297,122.23810851573944
1702303961133,1482.6770782470703,122.11755931377411
1702303961134,1482.759017944336,119.50441718101501
1702303961141,1484.0425109863281,115.22883921861649
1702303961152,1481.9213104248047,116.24433428049088
1702303961165,1508.2054901123047,140.06604373455048
1702303961174,1541.4422607421875,139.71320986747742
1702303961186,1578.4829711914062,148.68974268436432
1702303961197,1582.3973083496094,139.46155965328217
1702303961208,1579.8639678955078,134.85110521316528
1702303961219,1587.0999145507812,134.85604584217072
1702303961231,1594.8157501220703,132.22738444805145
1702303961268,1595.82763671875,133.65177154541016
1702303961269,1602.2091674804688,142.72222459316254
1702303961275,1600.189208984375,147.63952910900116
1702303961286,1607.5237274169922,149.9603372812271
1702303961299,1601.8476104736328,150.79574346542358
1702303961308,1601.9003295898438,153.90736877918243
1702303961320,1599.8701477050781,153.8191294670105
1702303961331,1602.4067687988281,156.9145917892456
1702303961342,1601.7017364501953,147.75399506092072
1702303961353,1534.7694396972656,158.65054965019226
1702303961365,1487.1109008789062,190.05314469337463
1702303961375,1467.5206756591797,205.50750732421875
1702303961419,1393.2359313964844,254.62213397026062
1702303961420,1389.9152374267578,245.48095107078552
1702303961436,1388.2421875,229.1790747642517
1702303961442,1393.5374450683594,227.51700639724731
1702303961453,1401.8006134033203,236.57467603683472
1702303961464,1389.903793334961,235.310400724411
1702303961474,1388.6934661865234,235.6839895248413
1702303961486,1395.7898712158203,231.1442005634308
1702303961497,1395.252914428711,229.53003644943237
1702303961508,1393.7989807128906,232.20301866531372
1702303961519,1393.4408569335938,225.36450147628784
1702303961550,1399.0594482421875,237.44637250900269
1702303961552,1038.838996887207,258.4261929988861
1702303961567,962.5554275512695,236.65606498718262
1702303961574,670.8065605163574,232.02068209648132
1702303961586,538.7522315979004,278.5467195510864
1702303961597,499.6476173400879,284.17744874954224
1702303961608,492.0738220214844,281.13292694091797
1702303961619,474.7012138366699,266.39567971229553
1702303961631,479.42636489868164,276.23799204826355
1702303961641,487.7749252319336,280.639990568161
1702303961653,503.9184379577637,289.98937726020813
1702303961664,512.4098205566406,297.9943335056305
1702303961701,507.0750617980957,293.4718716144562
1702303961708,518.9736557006836,255.78810095787048
1702303961720,516.2519454956055,268.04001331329346
1702303961730,495.7088088989258,297.2229301929474
1702303961741,497.29089736938477,304.01337146759033
1702303961753,497.91677474975586,303.48808765411377
1702303961764,523.2272148132324,317.9802882671356
1702303961775,581.9761276245117,339.9699068069458
1702303961786,1262.974739074707,680.987377166748
1702303961798,1324.6535110473633,724.7101950645447
1702303961808,1352.1847534179688,754.430422782898
1702303961820,1386.4197540283203,797.5506448745728
1702303961851,1383.4034729003906,797.0128297805786
1702303961852,1381.0723114013672,784.7852182388306
1702303961867,1390.433120727539,790.7963275909424
1702303961874,1389.912109375,792.1292352676392
1702303961887,1397.1037292480469,787.4945068359375
1702303961897,1397.1377563476562,792.8109884262085
1702303961907,1398.5765838623047,792.9813623428345
1702303961919,1391.932144165039,790.5915355682373
1702303961930,1389.1416931152344,779.5744800567627
1702303961941,1387.595443725586,779.5087766647339
1702303961952,1387.2083282470703,786.6756391525269
1702303961992,1384.7227478027344,793.926272392273
1702303961997,1378.652114868164,783.2988023757935
1702303962008,1384.8101043701172,780.5371999740601
1702303962019,1374.3193817138672,786.582727432251
1702303962030,1381.439208984375,797.9364538192749
1702303962041,1388.185043334961,811.0295391082764
1702303962052,1792.8254699707031,1051.1415338516235
1702303962064,1915.8880615234375,1130.006332397461
1702303962074,1963.1725311279297,1150.5476760864258
1702303962085,2076.953582763672,1315.00657081604
1702303962096,2383.923797607422,1429.8130130767822
1702303962114,2417.239761352539,1415.2832078933716
1702303962134,2432.5946044921875,1430.126724243164
1702303962135,2408.821258544922,1386.5052938461304
1702303962140,2407.1939086914062,1391.2240076065063
1702303962151,2405.388870239258,1388.3091974258423
1702303962164,2493.8424682617188,1417.6616191864014
1702303962173,2498.990936279297,1424.618968963623
1702303962184,nan,nan
1702303962195,nan,nan
1702303962206,nan,nan
1702303962217,nan,nan
1702303962227,nan,nan
1702303962268,nan,nan
1702303962269,nan,nan
1702303962271,nan,nan
1702303962288,nan,nan
1702303962307,nan,nan
1702303962318,nan,nan
1702303962330,nan,nan
1702303962341,nan,nan
1702303962351,nan,nan
1702303962363,nan,nan
1702303962374,nan,nan
1702303962384,nan,nan
1702303962419,nan,nan
1702303962435,nan,nan
1702303962441,nan,nan
1702303962452,nan,nan
1702303962462,nan,nan
1702303962474,nan,nan
1702303962483,nan,nan
1702303962495,nan,nan
1702303962507,nan,nan
1702303962517,nan,nan
1702303962529,nan,nan
1702303962546,nan,nan
1702303962569,nan,nan
1702303962574,nan,nan
1702303962587,nan,nan
1702303962595,nan,nan
1702303962607,nan,nan
1702303962617,nan,nan
1702303962629,nan,nan
1702303962640,nan,nan
1702303962650,nan,nan
1702303962662,nan,nan
1702303962673,nan,nan
1702303962684,nan,nan
1702303962719,nan,nan
1702303962720,nan,nan
1702303962735,nan,nan
1702303962740,nan,nan
1702303962752,nan,nan
1702303962762,nan,nan
1702303962773,nan,nan
1702303962784,nan,nan
1702303962796,nan,nan
1702303962807,nan,nan
1702303962817,nan,nan
1702303962851,nan,nan
1702303962852,nan,nan
1702303962866,nan,nan
1702303962874,nan,nan
1702303962885,nan,nan
1702303962896,nan,nan
1702303962907,nan,nan
1702303962917,nan,nan
1702303962929,nan,nan
1702303962940,nan,nan
1702303962951,nan,nan
1702303962986,nan,nan
1702303962987,nan,nan
1702303963002,nan,nan
1702303963007,nan,nan
1702303963017,nan,nan
1702303963029,nan,nan
1702303963040,nan,nan
1702303963050,nan,nan
1702303963062,nan,nan
1702303963074,nan,nan
1702303963084,nan,nan
1702303963118,nan,nan
1702303963119,nan,nan
1702303963133,nan,nan
1702303963140,nan,nan
1702303963150,nan,nan
1702303963162,nan,nan
1702303963173,nan,nan
1702303963183,nan,nan
1702303963195,nan,nan
1702303963206,nan,nan
1702303963217,nan,nan
1702303963229,nan,nan
1702303963266,nan,nan
1702303963267,nan,nan
1702303963273,nan,nan
1702303963284,nan,nan
1702303963296,nan,nan
1702303963306,nan,nan
1702303963316,nan,nan
1702303963328,nan,nan
1702303963339,nan,nan
1702303963349,nan,nan
1702303963361,nan,nan
1702303963400,nan,nan
1702303963401,nan,nan
1702303963406,nan,nan
1702303963416,nan,nan
1702303963429,nan,nan
1702303963440,nan,nan
1702303963450,nan,nan
1702303963461,nan,nan
1702303963473,nan,nan
1702303963483,nan,nan
1702303963495,nan,nan
1702303963506,nan,nan
1702303963516,nan,nan
1702303963555,nan,nan
1702303963556,nan,nan
1702303963562,nan,nan
1702303963573,nan,nan
1702303963585,nan,nan
1702303963595,nan,nan
1702303963606,nan,nan
1702303963617,nan,nan
1702303963628,nan,nan
1702303963640,nan,nan
1702303963650,nan,nan
1702303963662,nan,nan
1702303963701,nan,nan
1702303963702,nan,nan
1702303963706,nan,nan
1702303963720,nan,nan
1702303963728,nan,nan
1702303963739,nan,nan
1702303963750,nan,nan
1702303963761,nan,nan
1702303963773,nan,nan
1702303963783,nan,nan
1702303963795,nan,nan
1702303963806,nan,nan
1702303963816,nan,nan
1702303963852,nan,nan
1702303963868,nan,nan
1702303963873,nan,nan
1702303963884,nan,nan
1702303963895,nan,nan
1702303963906,nan,nan
1702303963916,nan,nan
1702303963928,nan,nan
1702303963939,nan,nan
1702303963950,nan,nan
1702303963961,nan,nan
1702303963982,nan,nan
1702303964002,nan,nan
1702303964006,nan,nan
1702303964020,nan,nan
1702303964028,nan,nan
1702303964039,nan,nan
1702303964050,nan,nan
1702303964062,nan,nan
1702303964073,nan,nan
1702303964082,nan,nan
1702303964095,nan,nan
1702303964133,nan,nan
1702303964134,nan,nan
1702303964140,nan,nan
1702303964150,nan,nan
1702303964163,nan,nan
1702303964173,nan,nan
1702303964183,nan,nan
1702303964195,nan,nan
1702303964213,nan,nan
1702303964228,nan,nan
1702303964239,nan,nan
1702303964250,nan,nan
1702303964286,nan,nan
1702303964287,nan,nan
1702303964301,nan,nan
1702303964306,nan,nan
1702303964317,nan,nan
1702303964328,nan,nan
1702303964339,nan,nan
1702303964349,nan,nan
1702303964366,nan,nan
1702303964386,nan,nan
1702303964419,nan,nan
1702303964420,nan,nan
1702303964435,nan,nan
1702303964442,1367.7020263671875,539.3647241592407
1702303964453,1381.2899017333984,513.4133219718933
1702303964464,1381.2899017333984,513.4133219718933
1702303964476,1358.1324005126953,557.016921043396
1702303964486,1349.5600128173828,617.4355459213257
1702303964497,1349.5600128173828,617.4355459213257
1702303964509,1289.5928955078125,831.5642738342285
1702303964520,1289.5928955078125,831.5642738342285
1702303964531,1285.5992126464844,818.9327430725098
1702303964568,1254.8456573486328,845.8036708831787
1702303964569,1303.3726501464844,809.9694871902466
1702303964584,1296.7228317260742,781.4168357849121
1702303964587,1155.7847595214844,470.59998750686646
1702303964599,1142.3545455932617,428.3660960197449
1702303964610,1106.5808486938477,330.0796151161194
1702303964621,1062.4695205688477,242.54952192306519
1702303964632,1055.0924682617188,245.41478633880615
1702303964643,1053.1560134887695,269.74464297294617
1702303964654,1050.396957397461,262.30714559555054
1702303964666,1060.8222579956055,270.27450799942017
1702303964701,1062.746467590332,266.73080563545227
1702303964702,1053.3125686645508,240.4505753517151
1702303964716,1056.8731689453125,241.594580411911
1702303964720,1060.7315826416016,255.534428358078
1702303964732,1063.6514282226562,266.30523562431335
1702303964742,1061.9182205200195,267.8408110141754
1702303964753,1066.8525695800781,277.63792276382446
1702303964765,1062.5848388671875,278.9413261413574
1702303964776,1034.220848083496,273.1575930118561
1702303964787,795.4435348510742,260.547970533371
1702303964797,730.0005340576172,250.49516916275024
1702303964835,644.1570281982422,254.64677810668945
1702303964836,497.06064224243164,300.689857006073
1702303964842,493.11941146850586,298.86802554130554
1702303964854,467.66849517822266,287.6251494884491
1702303964865,481.01293563842773,248.23328375816345
1702303964876,482.6789855957031,253.43356132507324
1702303964886,470.3907585144043,255.84563970565796
1702303964897,455.5859184265137,293.7138819694519
1702303964908,452.4818229675293,285.57987928390503
1702303964921,474.74937438964844,291.06542587280273
1702303964932,474.9229049682617,291.31020426750183
1702303964969,474.8740577697754,298.09027075767517
1702303964970,475.80196380615234,305.2379822731018
1702303964976,481.29812240600586,288.66958022117615
1702303964987,485.34149169921875,281.83751106262207
1702303965000,480.1934242248535,304.24286127090454
1702303965009,483.8665962219238,297.0123767852783
1702303965021,485.8723831176758,303.0174779891968
1702303965031,487.2804832458496,306.60855889320374
1702303965042,487.2804832458496,306.60855889320374
1702303965053,499.99303817749023,309.821115732193
1702303965064,490.68628311157227,276.2629473209381
1702303965101,533.5562324523926,275.3118360042572
1702303965117,770.8783721923828,298.83270621299744
1702303965120,808.2070922851562,305.3062605857849
1702303965131,809.4678115844727,309.3830144405365
1702303965142,812.5285720825195,313.61090540885925
1702303965153,821.1814498901367,326.60258173942566
1702303965164,822.9589080810547,330.1893711090088
1702303965175,841.0692596435547,360.4674446582794
1702303965187,1077.7104187011719,561.5823841094971
1702303965198,1170.7391357421875,662.8088021278381
1702303965209,1244.4790649414062,732.4822926521301
1702303965220,1320.2122497558594,840.7566976547241
1702303965253,1314.7441101074219,836.0200881958008
1702303965254,1319.0150451660156,835.8125925064087
1702303965269,1323.6759948730469,826.4437866210938
1702303965275,1327.329330444336,830.1245069503784
1702303965287,1320.3793334960938,836.4339637756348
1702303965298,1313.4291076660156,836.4931011199951
1702303965309,1314.8123931884766,837.2953605651855
1702303965320,1316.1776733398438,834.440975189209
1702303965331,1324.2724609375,846.2722206115723
1702303965342,1322.9826354980469,842.513952255249
1702303965354,1326.7257690429688,843.9375829696655
1702303965365,1325.1295471191406,842.060079574585
1702303965402,1325.703353881836,841.7983388900757
1702303965403,1320.0248718261719,848.9981603622437
1702303965409,1314.327392578125,857.9005193710327
1702303965420,1312.3194122314453,857.8377342224121
1702303965433,1315.1534271240234,863.6327219009399
1702303965442,1311.7654418945312,853.8654470443726
1702303965453,1305.8817291259766,852.1801614761353
1702303965465,1307.4269485473633,841.575779914856
1702303965476,1308.040771484375,846.8417501449585
1702303965487,1314.9645233154297,852.139778137207
1702303965498,1314.2698669433594,851.8288993835449
1702303965509,1333.808364868164,857.8952836990356
1702303965520,1374.1112518310547,882.6315593719482
1702303965555,1387.8556823730469,895.7320261001587
1702303965556,1389.8565673828125,893.0869388580322
1702303965570,1396.5209197998047,900.3374004364014
1702303965575,1404.526596069336,902.2143459320068
1702303965586,1404.5755004882812,909.7850847244263
1702303965598,1389.0872192382812,898.8337755203247
1702303965608,1385.0094604492188,899.4353628158569
1702303965620,1377.0735168457031,894.1757011413574
1702303965631,1383.3140563964844,889.6580457687378
1702303965642,1387.1903991699219,888.2791328430176
1702303965653,1387.5629425048828,891.8677139282227
1702303965665,1382.3939514160156,890.7742309570312
1702303965709,1376.8956756591797,888.8933372497559
1702303965710,1380.7019805908203,883.4091424942017
1702303965726,1281.8389129638672,891.2469434738159
1702303965732,1263.938331604004,884.0327024459839
1702303965742,1249.187889099121,880.278468132019
1702303965753,1239.1865158081055,882.723913192749
1702303965764,1234.592056274414,878.6727905273438
1702303965774,1240.0997924804688,873.3121061325073
1702303965786,1243.4611511230469,870.456690788269
1702303965797,1245.9931945800781,875.5604410171509
1702303965808,1246.2172317504883,876.6326379776001
1702303965819,1238.5127639770508,877.8009653091431
1702303965857,1231.1442947387695,870.8825397491455
1702303965864,1237.5268173217773,880.1547002792358
1702303965874,1239.9451446533203,875.3979635238647
1702303965886,1235.7344818115234,867.7579164505005
1702303965897,1230.8193588256836,867.3893594741821
1702303965908,1230.3534698486328,873.126711845398
1702303965919,1231.8961715698242,879.5086526870728
1702303965931,1249.3169403076172,885.9660387039185
1702303965942,1252.8625106811523,879.0457248687744
1702303965953,1253.6493301391602,885.8117580413818
1702303965964,1254.5729064941406,893.287353515625
1702303965983,1250.127944946289,893.2317781448364
1702303966003,1254.1247177124023,882.7803468704224
1702303966004,1246.0908889770508,883.1466722488403
1702303966008,1253.6408615112305,882.8800821304321
1702303966019,1254.031867980957,886.4328289031982
1702303966032,1252.978630065918,874.1421318054199
1702303966041,1241.3359069824219,883.025393486023
1702303966053,1239.6927642822266,883.4302139282227
1702303966064,1250.7517623901367,895.810432434082
1702303966075,1261.3385009765625,884.1192197799683
1702303966086,1263.3952713012695,888.7411165237427
1702303966097,1271.1616134643555,884.3970966339111
1702303966140,1272.4286270141602,890.8500623703003
1702303966141,1323.6930847167969,899.6683073043823
1702303966156,1367.3223114013672,947.3681116104126
1702303966163,1405.884780883789,1007.6636981964111
1702303966175,1404.8018646240234,1004.9312782287598
1702303966186,1340.5693817138672,903.8268041610718
1702303966198,1365.4610443115234,897.2811841964722
1702303966207,1372.1493530273438,898.1757545471191
1702303966219,1628.8832092285156,1026.9340181350708
1702303966229,nan,nan
1702303966240,nan,nan
1702303966251,nan,nan
1702303966295,nan,nan
1702303966313,nan,nan
1702303966316,nan,nan
1702303966328,nan,nan
1702303966338,nan,nan
1702303966349,nan,nan
1702303966361,nan,nan
1702303966371,nan,nan
1702303966383,nan,nan
1702303966393,nan,nan
1702303966439,nan,nan
1702303966440,nan,nan
1702303966442,nan,nan
1702303966457,nan,nan
1702303966465,nan,nan
1702303966477,nan,nan
1702303966486,nan,nan
1702303966498,nan,nan
1702303966509,nan,nan
1702303966520,nan,nan
1702303966531,nan,nan
1702303966542,nan,nan
1702303966553,nan,nan
1702303966589,nan,nan
1702303966590,nan,nan
1702303966603,nan,nan
1702303966609,nan,nan
1702303966619,nan,nan
1702303966631,nan,nan
1702303966642,nan,nan
1702303966652,nan,nan
1702303966664,nan,nan
1702303966676,nan,nan
1702303966685,nan,nan
1702303966721,nan,nan
1702303966736,nan,nan
1702303966742,nan,nan
1702303966752,nan,nan
1702303966764,nan,nan
1702303966776,nan,nan
1702303966786,nan,nan
1702303966797,nan,nan
1702303966809,nan,nan
1702303966819,nan,nan
1702303966859,nan,nan
1702303966864,nan,nan
1702303966876,nan,nan
1702303966886,nan,nan
1702303966897,nan,nan
1702303966909,nan,nan
1702303966919,nan,nan
1702303966931,nan,nan
1702303966949,nan,nan
1702303966986,nan,nan
1702303966987,nan,nan
1702303967001,nan,nan
1702303967008,nan,nan
1702303967020,nan,nan
1702303967030,nan,nan
1702303967041,nan,nan
1702303967052,nan,nan
1702303967064,nan,nan
1702303967075,nan,nan
1702303967086,nan,nan
1702303967119,nan,nan
1702303967120,nan,nan
1702303967136,nan,nan
1702303967155,nan,nan
1702303967173,nan,nan
1702303967190,nan,nan
1702303967200,nan,nan
1702303967212,571.7229652404785,932.1638917922974
1702303967253,571.7229652404785,932.1638917922974
1702303967256,488.6831474304199,786.9161796569824
1702303967268,498.69388580322266,791.8952178955078
1702303967281,505.89025497436523,811.4257764816284
1702303967290,448.83838653564453,874.37340259552
1702303967301,444.4171142578125,884.3015241622925
1702303967313,436.9747543334961,884.8761177062988
1702303967324,464.9761772155762,882.6165390014648
1702303967335,450.9638977050781,883.2070541381836
1702303967346,453.9446449279785,895.1323699951172
1702303967357,448.08338165283203,893.9914655685425
1702303967368,467.84589767456055,902.6065063476562
1702303967404,461.20622634887695,891.401481628418
1702303967420,465.5216598510742,890.3732299804688
1702303967424,463.5076904296875,893.7851715087891
1702303967436,465.02485275268555,896.6025638580322
1702303967447,456.13182067871094,897.7594327926636
1702303967457,463.6901092529297,893.2340097427368
1702303967468,467.16196060180664,887.3582983016968
1702303967479,456.10055923461914,874.1674947738647
1702303967490,458.22242736816406,885.6768751144409
1702303967501,456.83094024658203,887.9210901260376
1702303967512,470.05992889404297,882.4496412277222
1702303967553,821.5053176879883,872.3662090301514
1702303967554,968.8214492797852,893.8484716415405
1702303967557,1451.0480499267578,934.9817991256714
1702303967569,1488.2392120361328,938.4358835220337
1702303967579,1495.9786987304688,941.9923639297485
1702303967590,1516.1625671386719,962.1600437164307
1702303967601,1519.3929290771484,968.1787061691284
1702303967612,1518.3589935302734,966.9797801971436
1702303967624,1523.1301879882812,960.4881906509399
1702303967635,1543.1472778320312,952.2221803665161
1702303967645,1542.8211212158203,961.203203201294
1702303967686,1543.304214477539,952.4618625640869
1702303967687,1538.2958221435547,959.338960647583
1702303967690,1459.8615264892578,927.9249286651611
1702303967701,1407.6126098632812,897.5033140182495
1702303967712,1379.0621185302734,887.5805997848511
1702303967724,1296.1255264282227,810.2255201339722
1702303967735,1458.165054321289,831.4651823043823
1702303967745,1460.672950744629,830.7192277908325
1702303967757,1458.7207412719727,832.4468278884888
1702303967768,1269.6929931640625,803.1090402603149
1702303967779,1264.896240234375,805.0710439682007
1702303967791,1287.640037536621,797.826418876648
1702303967802,1287.5192642211914,800.7778787612915
1702303967837,1289.0406799316406,795.919303894043
1702303967838,1366.429443359375,896.6519165039062
1702303967845,1569.8280334472656,1072.3767757415771
1702303967856,nan,nan
1702303967867,nan,nan
1702303967878,nan,nan
1702303967889,nan,nan
1702303967899,nan,nan
1702303967909,nan,nan
1702303967921,nan,nan
1702303967933,nan,nan
1702303967973,nan,nan
1702303967974,nan,nan
1702303967976,nan,nan
1702303967989,nan,nan
1702303967999,nan,nan
1702303968010,nan,nan
1702303968021,nan,nan
1702303968032,nan,nan
1702303968043,nan,nan
1702303968054,nan,nan
1702303968066,nan,nan
1702303968103,nan,nan
1702303968109,nan,nan
1702303968120,nan,nan
1702303968134,nan,nan
1702303968142,nan,nan
1702303968153,nan,nan
1702303968165,nan,nan
1702303968176,nan,nan
1702303968187,nan,nan
1702303968198,nan,nan
1702303968238,nan,nan
1702303968239,nan,nan
1702303968243,nan,nan
1702303968256,nan,nan
1702303968265,nan,nan
1702303968276,nan,nan
1702303968287,nan,nan
1702303968298,nan,nan
1702303968309,nan,nan
1702303968320,nan,nan
1702303968332,nan,nan
1702303968371,nan,nan
1702303968372,nan,nan
1702303968376,nan,nan
1702303968387,nan,nan
1702303968398,nan,nan
1702303968409,nan,nan
1702303968419,nan,nan
1702303968438,nan,nan
1702303968458,nan,nan
1702303968469,nan,nan
1702303968487,nan,nan
1702303968508,nan,nan
1702303968509,nan,nan
1702303968514,nan,nan
1702303968524,nan,nan
1702303968537,nan,nan
1702303968547,nan,nan
1702303968556,nan,nan
1702303968569,nan,nan
1702303968580,nan,nan
1702303968590,nan,nan
1702303968602,nan,nan
1702303968640,nan,nan
1702303968641,nan,nan
1702303968647,nan,nan
1702303968658,nan,nan
1702303968668,nan,nan
1702303968680,nan,nan
1702303968690,nan,nan
1702303968701,nan,nan
1702303968714,nan,nan
1702303968724,nan,nan
1702303968735,nan,nan
1702303968747,nan,nan
1702303968757,nan,nan
1702303968789,nan,nan
1702303968790,nan,nan
1702303968805,nan,nan
1702303968824,nan,nan
1702303968836,nan,nan
1702303968847,nan,nan
1702303968859,nan,nan
1702303968869,nan,nan
1702303968880,1456.5139770507812,1019.762134552002
1702303968922,1456.5139770507812,1019.762134552002
1702303968923,1456.5139770507812,1019.762134552002
1702303968925,1473.6190795898438,1005.5166435241699
1702303968938,1473.6190795898438,1005.5166435241699
1702303968947,nan,nan
1702303968958,nan,nan
1702303968969,nan,nan
1702303968980,nan,nan
1702303968992,1229.7711181640625,776.1865711212158
1702303969003,1229.7711181640625,776.1865711212158
1702303969015,1235.6295776367188,783.5879230499268
1702303969026,1238.7693786621094,794.9735355377197
1702303969036,1238.7693786621094,794.9735355377197
1702303969072,1240.0700378417969,805.4446220397949
1702303969073,1229.0628814697266,806.9145584106445
1702303969087,1228.0264282226562,803.0791282653809
1702303969093,1231.9329833984375,810.1898574829102
1702303969104,1230.0454711914062,810.3085613250732
1702303969115,1222.459487915039,817.9325580596924
1702303969126,1216.739730834961,816.7220878601074
1702303969137,1222.9361724853516,821.8492698669434
1702303969148,1220.5638122558594,832.2280883789062
1702303969159,1224.8006439208984,833.8848781585693
1702303969170,1220.4885864257812,834.4026947021484
1702303969206,1213.91845703125,816.4560985565186
1702303969207,1206.2857055664062,788.2959079742432
1702303969215,1214.1354370117188,784.3632316589355
1702303969226,1194.8677825927734,789.5701503753662
1702303969237,1209.0902709960938,794.8840999603271
1702303969248,1214.3132019042969,806.1038017272949
1702303969259,1214.9962615966797,808.2410717010498
1702303969270,1202.9071044921875,799.4358730316162
1702303969281,1200.6810760498047,795.2396965026855
1702303969293,1206.1872100830078,794.1861248016357
1702303969303,1214.6331024169922,800.2796745300293
1702303969314,1206.88232421875,804.902172088623
1702303969325,1291.4311218261719,916.5546798706055
1702303969356,1309.0298461914062,936.5435314178467
1702303969357,nan,nan
1702303969373,nan,nan
1702303969380,nan,nan
1702303969392,nan,nan
1702303969403,nan,nan
1702303969413,nan,nan
1702303969424,nan,nan
1702303969435,nan,nan
1702303969446,nan,nan
1702303969488,nan,nan
1702303969489,nan,nan
1702303969491,nan,nan
1702303969503,nan,nan
1702303969520,nan,nan
1702303969539,nan,nan
1702303969558,nan,nan
1702303969572,nan,nan
1702303969583,nan,nan
1702303969594,nan,nan
1702303969605,nan,nan
1702303969638,nan,nan
1702303969639,nan,nan
1702303969654,nan,nan
1702303969669,nan,nan
1702303969686,nan,nan
1702303969696,nan,nan
1702303969707,nan,nan
1702303969719,nan,nan
1702303969730,nan,nan
1702303969741,nan,nan
1702303969773,nan,nan
1702303969774,nan,nan
1702303969775,nan,nan
1702303969789,nan,nan
1702303969796,nan,nan
1702303969808,nan,nan
1702303969820,nan,nan
1702303969830,nan,nan
1702303969841,nan,nan
1702303969852,nan,nan
1702303969862,nan,nan
1702303969874,nan,nan
1702303969905,nan,nan
1702303969906,nan,nan
1702303969907,nan,nan
1702303969921,nan,nan
1702303969929,nan,nan
1702303969940,nan,nan
1702303969952,nan,nan
1702303969962,nan,nan
1702303969974,nan,nan
1702303969986,nan,nan
1702303969995,nan,nan
1702303970007,nan,nan
1702303970019,nan,nan
1702303970054,nan,nan
1702303970055,nan,nan
1702303970068,nan,nan
1702303970074,nan,nan
1702303970086,nan,nan
1702303970095,nan,nan
1702303970108,nan,nan
1702303970119,nan,nan
1702303970129,nan,nan
1702303970140,nan,nan
1702303970151,nan,nan
1702303970190,nan,nan
1702303970191,nan,nan
1702303970195,nan,nan
1702303970207,nan,nan
1702303970219,nan,nan
1702303970229,nan,nan
1702303970241,nan,nan
1702303970252,nan,nan
1702303970263,nan,nan
1702303970274,nan,nan
1702303970285,nan,nan
1702303970323,nan,nan
1702303970324,nan,nan
1702303970329,nan,nan
1702303970341,nan,nan
1702303970355,nan,nan
1702303970362,nan,nan
1702303970374,nan,nan
1702303970386,nan,nan
1702303970395,nan,nan
1702303970407,nan,nan
1702303970419,nan,nan
1702303970456,nan,nan
1702303970457,nan,nan
1702303970461,nan,nan
1702303970474,nan,nan
1702303970486,nan,nan
1702303970495,nan,nan
1702303970507,nan,nan
1702303970518,nan,nan
1702303970528,nan,nan
1702303970540,nan,nan
1702303970551,nan,nan
1702303970561,nan,nan
1702303970574,nan,nan
1702303970606,nan,nan
1702303970607,nan,nan
1702303970622,nan,nan
1702303970628,nan,nan
1702303970640,nan,nan
1702303970651,nan,nan
1702303970661,nan,nan
1702303970674,nan,nan
1702303970685,nan,nan
1702303970695,nan,nan
1702303970707,nan,nan
1702303970739,nan,nan
1702303970740,nan,nan
1702303970755,nan,nan
1702303970762,nan,nan
1702303970773,nan,nan
1702303970784,nan,nan
1702303970795,nan,nan
1702303970807,nan,nan
1702303970818,nan,nan
1702303970828,nan,nan
1702303970846,nan,nan
1702303970871,nan,nan
1702303970891,nan,nan
1702303970895,nan,nan
1702303970907,nan,nan
1702303970918,nan,nan
1702303970928,nan,nan
1702303970938,nan,nan
1702303970957,nan,nan
1702303970975,nan,nan
1702303970986,nan,nan
1702303971024,nan,nan
1702303971025,nan,nan
1702303971031,nan,nan
1702303971042,nan,nan
1702303971055,nan,nan
1702303971064,nan,nan
1702303971075,nan,nan
1702303971087,nan,nan
1702303971097,nan,nan
1702303971109,nan,nan
1702303971119,nan,nan
1702303971130,nan,nan
1702303971141,nan,nan
1702303971185,nan,nan
1702303971187,nan,nan
1702303971200,nan,nan
1702303971209,nan,nan
1702303971220,nan,nan
1702303971230,nan,nan
1702303971242,nan,nan
1702303971253,nan,nan
1702303971263,nan,nan
1702303971276,nan,nan
1702303971287,nan,nan
1702303971323,nan,nan
1702303971324,nan,nan
1702303971329,nan,nan
1702303971341,nan,nan
1702303971354,nan,nan
1702303971363,nan,nan
1702303971375,nan,nan
1702303971386,nan,nan
1702303971396,nan,nan
1702303971408,nan,nan
1702303971419,nan,nan
1702303971458,nan,nan
1702303971459,nan,nan
1702303971463,nan,nan
1702303971475,nan,nan
1702303971487,nan,nan
1702303971496,nan,nan
1702303971508,nan,nan
1702303971519,nan,nan
1702303971530,nan,nan
1702303971542,nan,nan
1702303971552,nan,nan
1702303971563,nan,nan
1702303971575,nan,nan
1702303971609,nan,nan
1702303971625,nan,nan
1702303971631,nan,nan
1702303971642,nan,nan
1702303971652,nan,nan
1702303971663,nan,nan
1702303971675,nan,nan
1702303971686,1030.4267883300781,962.2418403625488
1702303971697,1030.4267883300781,962.2418403625488
1702303971708,1030.4267883300781,962.2418403625488
1702303971738,1108.5193634033203,861.1128616333008
1702303971741,1108.5193634033203,861.1128616333008
1702303971754,1080.3385162353516,886.499605178833
1702303971764,1080.3385162353516,886.499605178833
1702303971774,1080.3385162353516,886.499605178833
1702303971786,1069.8442077636719,851.6922569274902
1702303971797,1069.8442077636719,851.6922569274902
1702303971808,1069.8442077636719,851.6922569274902
1702303971819,nan,nan
1702303971830,1138.5706329345703,853.5007953643799
1702303971842,1145.0511169433594,858.6080646514893
1702303971873,1135.5656433105469,867.9384613037109
1702303971875,1115.8525085449219,867.0364665985107
1702303971889,1033.0940246582031,841.3237380981445
1702303971897,679.1508483886719,786.1067962646484
1702303971908,679.1508483886719,786.1067962646484
1702303971920,618.2431411743164,700.7261610031128
1702303971931,654.3442535400391,716.0400724411011
1702303971942,667.4006652832031,716.5548419952393
1702303971953,666.7427825927734,719.002046585083
1702303971964,668.4343719482422,704.526572227478
1702303971975,665.2142333984375,706.6313123703003
1702303972008,668.6530303955078,706.7022085189819
1702303972009,662.2916412353516,698.6806869506836
1702303972024,724.8641204833984,708.0081224441528
1702303972031,1011.0820007324219,754.3007755279541
1702303972042,1081.434555053711,775.4236221313477
1702303972053,1116.1669921875,777.4250221252441
1702303972064,1136.6943359375,797.0046329498291
1702303972076,1141.240005493164,796.5962505340576
1702303972087,1142.1605682373047,795.1413345336914
1702303972097,1159.5604705810547,811.5550804138184
1702303972108,1181.6960906982422,863.6622047424316
1702303972140,1140.9703063964844,868.9509201049805
1702303972141,965.8456420898438,732.8054237365723
1702303972155,734.9748229980469,558.2031011581421
1702303972164,413.2200622558594,318.94065856933594
1702303972175,344.31461334228516,273.6195659637451
1702303972186,322.62577056884766,278.2862877845764
1702303972197,315.3175354003906,274.55142974853516
1702303972208,315.1104164123535,273.23060274124146
1702303972219,319.65702056884766,268.3946228027344
1702303972231,313.7283515930176,256.3880681991577
1702303972242,314.3628692626953,251.97954654693604
1702303972274,310.19718170166016,255.30082941055298
1702303972275,316.7009735107422,264.15432929992676
1702303972291,313.5759735107422,256.31288051605225
1702303972297,313.42262268066406,252.65321016311646
1702303972309,322.1230697631836,253.92163753509521
1702303972320,319.75664138793945,252.78530359268188
1702303972330,325.8750915527344,259.6358370780945
1702303972341,320.3997802734375,262.4574136734009
1702303972353,319.67599868774414,268.9745593070984
1702303972364,310.02878189086914,333.8726878166199
1702303972375,305.48168182373047,350.49978733062744
1702303972407,302.3202896118164,458.99436950683594
1702303972408,270.95935821533203,863.1949424743652
1702303972423,275.1771354675293,894.6308612823486
1702303972430,262.1048927307129,885.8579349517822
1702303972443,274.086856842041,898.2400417327881
1702303972454,326.2589454650879,938.6304616928101
1702303972465,307.3142433166504,900.4637432098389
1702303972476,311.7906856536865,897.8994655609131
1702303972488,317.0819854736328,899.7201919555664
1702303972499,315.0452995300293,893.8655948638916
1702303972510,314.9529552459717,875.4371023178101
1702303972521,314.67928886413574,873.8145160675049
1702303972558,313.79055976867676,872.7565670013428
1702303972559,308.9480400085449,892.421064376831
1702303972574,307.4182415008545,904.6386337280273
1702303972577,302.3598575592041,901.5613460540771
1702303972589,302.72510528564453,896.9218111038208
1702303972599,345.27685165405273,918.7478256225586
1702303972610,402.7954292297363,934.6239280700684
1702303972620,412.5107765197754,923.9506244659424
1702303972632,nan,nan
1702303972642,nan,nan
1702303972653,nan,nan
1702303972693,nan,nan
1702303972694,nan,nan
1702303972698,nan,nan
1702303972709,nan,nan
1702303972720,nan,nan
1702303972731,nan,nan
1702303972742,nan,nan
1702303972752,nan,nan
1702303972764,nan,nan
1702303972775,nan,nan
1702303972786,nan,nan
1702303972826,nan,nan
1702303972829,nan,nan
1702303972843,nan,nan
1702303972851,nan,nan
1702303972864,nan,nan
1702303972874,nan,nan
1702303972886,nan,nan
1702303972897,nan,nan
1702303972908,nan,nan
1702303972919,nan,nan
1702303972930,nan,nan
1702303972942,nan,nan
1702303972978,nan,nan
1702303972984,nan,nan
1702303972996,nan,nan
1702303973008,nan,nan
1702303973020,nan,nan
1702303973030,nan,nan
1702303973041,nan,nan
1702303973051,nan,nan
1702303973062,nan,nan
1702303973074,nan,nan
1702303973084,nan,nan
1702303973127,nan,nan
1702303973128,nan,nan
1702303973129,nan,nan
1702303973142,nan,nan
1702303973152,nan,nan
1702303973163,nan,nan
1702303973175,nan,nan
1702303973186,nan,nan
1702303973197,nan,nan
1702303973208,nan,nan
1702303973218,nan,nan
1702303973229,nan,nan
1702303973240,nan,nan
1702303973278,nan,nan
1702303973285,nan,nan
1702303973296,nan,nan
1702303973308,nan,nan
1702303973317,nan,nan
1702303973328,nan,nan
1702303973340,nan,nan
1702303973351,nan,nan
1702303973362,nan,nan
1702303973373,nan,nan
1702303973396,nan,nan
1702303973433,nan,nan
1702303973450,nan,nan
1702303973465,nan,nan
1702303973476,nan,nan
1702303973489,nan,nan
1702303973498,nan,nan
1702303973510,nan,nan
1702303973522,nan,nan
1702303973558,nan,nan
1702303973559,nan,nan
1702303973565,nan,nan
1702303973577,nan,nan
1702303973589,nan,nan
1702303973598,nan,nan
1702303973610,nan,nan
1702303973622,nan,nan
1702303973632,nan,nan
1702303973643,nan,nan
1702303973655,nan,nan
1702303973693,nan,nan
1702303973694,nan,nan
1702303973699,nan,nan
1702303973710,nan,nan
1702303973723,nan,nan
1702303973732,nan,nan
1702303973743,nan,nan
1702303973756,nan,nan
1702303973765,nan,nan
1702303973777,nan,nan
1702303973789,nan,nan
1702303973828,nan,nan
1702303973829,nan,nan
1702303973831,nan,nan
1702303973844,nan,nan
1702303973856,nan,nan
1702303973864,nan,nan
1702303973876,nan,nan
1702303973888,nan,nan
1702303973898,nan,nan
1702303973909,nan,nan
1702303973922,nan,nan
1702303973931,nan,nan
1702303973943,nan,nan
1702303973975,nan,nan
1702303973976,nan,nan
1702303973992,nan,nan
1702303973998,nan,nan
1702303974010,nan,nan
1702303974022,nan,nan
1702303974031,nan,nan
1702303974043,nan,nan
1702303974055,nan,nan
1702303974065,nan,nan
1702303974077,nan,nan
1702303974108,nan,nan
1702303974109,nan,nan
1702303974124,nan,nan
1702303974131,nan,nan
1702303974143,nan,nan
1702303974155,nan,nan
1702303974164,nan,nan
1702303974176,nan,nan
1702303974188,nan,nan
1702303974197,nan,nan
1702303974209,nan,nan
1702303974221,nan,nan
1702303974260,nan,nan
1702303974261,nan,nan
1702303974265,nan,nan
1702303974276,nan,nan
1702303974289,nan,nan
1702303974298,nan,nan
1702303974309,nan,nan
1702303974322,nan,nan
1702303974331,nan,nan
1702303974343,nan,nan
1702303974355,nan,nan
1702303974393,nan,nan
1702303974398,nan,nan
1702303974410,nan,nan
1702303974429,nan,nan
1702303974442,nan,nan
1702303974454,1577.4745178222656,821.1989307403564
1702303974465,1577.4745178222656,821.1989307403564
1702303974476,1577.4745178222656,821.1989307403564
1702303974487,1388.0242919921875,860.685338973999
1702303974526,1388.0242919921875,860.685338973999
1702303974531,nan,nan
1702303974543,nan,nan
1702303974556,nan,nan
1702303974564,1417.6950073242188,836.0290145874023
1702303974575,1417.6950073242188,836.0290145874023
1702303974588,1410.103759765625,848.1655597686768
1702303974599,1366.7793273925781,855.758228302002
1702303974609,1366.7793273925781,855.758228302002
1702303974620,1335.8320617675781,860.123405456543
1702303974631,1233.2504272460938,867.414722442627
1702303974642,1246.2760925292969,866.9299507141113
1702303974675,1238.0040740966797,877.6370716094971
1702303974676,1230.3685760498047,897.3696327209473
1702303974691,1230.0630187988281,881.5341281890869
1702303974698,1231.5108489990234,880.4622745513916
1702303974709,1225.1469421386719,874.2358589172363
1702303974721,1225.8853149414062,880.0277137756348
1702303974731,1228.0614471435547,874.7032070159912
1702303974742,1227.2083282470703,879.8743343353271
1702303974754,1225.820083618164,885.75270652771
1702303974765,1225.3273010253906,890.033597946167
1702303974776,1229.2167663574219,878.3753871917725
1702303974809,1238.0567932128906,877.2711753845215
1702303974810,1231.6221618652344,864.4818019866943
1702303974825,1233.3861541748047,857.3611164093018
1702303974832,1235.0083923339844,863.3769035339355
1702303974843,1229.7249603271484,859.7275543212891
1702303974854,1229.4660186767578,857.284984588623
1702303974865,1227.308349609375,853.6977767944336
1702303974876,1225.1801300048828,864.8997116088867
1702303974887,1215.5896759033203,881.9925498962402
1702303974898,1212.5305938720703,903.398380279541
1702303974909,1213.1426239013672,893.1870174407959
1702303974942,1218.3688354492188,894.6354103088379
1702303974943,1221.4179992675781,893.6802005767822
1702303974957,1219.2222595214844,893.9267921447754
1702303974965,1221.2187957763672,892.0341396331787
1702303974976,1223.3214569091797,885.626277923584
1702303974987,1225.6526184082031,890.0684452056885
1702303974998,1223.1739044189453,888.3676242828369
1702303975009,1224.923324584961,896.4141654968262
1702303975020,1225.4014587402344,902.3721885681152
1702303975031,1230.510482788086,903.9593696594238
1702303975042,1227.1334075927734,898.7379455566406
1702303975077,1232.0478057861328,886.5680122375488
1702303975078,1222.6799774169922,878.463191986084
1702303975094,1139.3659210205078,874.6203804016113
1702303975097,1034.1201782226562,883.318977355957
1702303975109,866.2587738037109,885.8998203277588
1702303975120,399.45831298828125,888.0074787139893
1702303975131,399.45831298828125,888.0074787139893
1702303975142,399.45831298828125,888.0074787139893
1702303975153,nan,nan
1702303975165,324.73827362060547,833.3043193817139
1702303975175,324.73827362060547,833.3043193817139
1702303975212,318.0422592163086,853.1700038909912
1702303975228,325.4343032836914,851.2477397918701
1702303975231,333.20396423339844,847.5535869598389
1702303975242,325.3460693359375,846.7780208587646
1702303975254,325.25630950927734,847.2476005554199
1702303975264,324.49954986572266,854.4813251495361
1702303975275,324.49954986572266,854.4813251495361
1702303975287,319.189510345459,837.9240703582764
1702303975298,264.4964599609375,684.5484924316406
1702303975309,264.4964599609375,684.5484924316406
1702303975321,251.71993255615234,549.8613882064819
1702303975359,289.28537368774414,252.72505044937134
1702303975360,291.6932678222656,249.1017723083496
1702303975366,319.65137481689453,265.48462986946106
1702303975377,319.2241668701172,259.9643862247467
1702303975389,283.92295837402344,256.50187969207764
1702303975400,191.78192138671875,263.8684380054474
1702303975411,195.29593467712402,268.97549271583557
1702303975422,306.99398040771484,239.07850742340088
1702303975433,330.205135345459,251.76805973052979
1702303975444,327.01953887939453,247.26893305778503
1702303975455,329.242582321167,242.24350333213806
1702303975495,318.10476303100586,236.4284634590149
1702303975496,319.24339294433594,238.38802099227905
1702303975500,277.46047019958496,221.40788912773132
1702303975511,271.2976360321045,214.23036217689514
1702303975523,263.51311683654785,206.8552851676941
1702303975532,286.10387802124023,204.26220059394836
1702303975543,285.8098602294922,207.1105134487152
1702303975555,263.1721878051758,201.38245224952698
1702303975566,260.12351989746094,204.54641819000244
1702303975577,291.90415382385254,176.2703776359558
1702303975588,320.3620433807373,171.42521381378174
1702303975600,311.35090827941895,160.36076366901398
1702303975610,268.39476585388184,192.32330739498138
1702303975646,266.7000102996826,218.99677097797394
1702303975661,325.24269104003906,141.76172018051147
1702303975667,396.69960021972656,125.03681659698486
1702303975677,386.52021408081055,148.97018909454346
1702303975689,394.34261322021484,158.71190786361694
1702303975699,384.4255828857422,166.23536467552185
1702303975710,369.5993995666504,140.60935735702515
1702303975722,355.23101806640625,135.05737245082855
1702303975733,358.4084129333496,126.42651736736298
1702303975744,392.62916564941406,127.07500040531158
1702303975783,430.15771865844727,132.1063256263733
1702303975789,353.0677604675293,150.57550728321075
1702303975802,361.46554946899414,147.0669686794281
1702303975810,361.4923095703125,148.58753979206085
1702303975822,453.32489013671875,226.15162253379822
1702303975833,784.8854064941406,437.83495903015137
1702303975844,909.7657775878906,520.3229928016663
1702303975855,1054.442024230957,617.7864217758179
1702303975866,1325.7260131835938,812.9788827896118
1702303975878,1354.7052001953125,839.1825199127197
1702303975889,1355.3108978271484,841.6504526138306
1702303975929,1367.5801849365234,853.274073600769
1702303975933,1363.995361328125,860.5217027664185
1702303975947,1362.3169708251953,865.118408203125
1702303975956,1350.1093292236328,864.1417837142944
1702303975965,1352.1956634521484,865.8758640289307
1702303975977,1361.5483856201172,865.8515310287476
1702303975988,1380.3296661376953,860.5089569091797
1702303975999,1380.4307556152344,859.1896104812622
1702303976010,1374.8528289794922,861.9355487823486
1702303976022,1359.3466186523438,864.0022659301758
1702303976032,1357.5543975830078,865.7226991653442
1702303976043,1356.4450073242188,866.6516447067261
1702303976061,1366.0872650146484,867.8746891021729
1702303976080,1362.9959869384766,873.634443283081
1702303976096,1334.2935180664062,874.5724010467529
1702303976099,1141.35986328125,868.5536956787109
1702303976111,1085.9698486328125,866.2652349472046
1702303976122,918.8735580444336,864.9218559265137
1702303976133,472.4425506591797,835.7736253738403
1702303976143,485.5031967163086,843.940372467041
1702303976154,468.12795639038086,848.9708232879639
1702303976166,471.9274139404297,856.2320566177368
1702303976177,464.0820121765137,846.7259645462036
1702303976213,458.8275909423828,844.0178775787354
1702303976214,456.0093307495117,863.267126083374
1702303976229,460.95020294189453,862.4280452728271
1702303976232,460.0528907775879,864.160623550415
1702303976244,470.9758186340332,863.9449310302734
1702303976255,477.8942108154297,871.6550588607788
1702303976265,480.6174659729004,872.7378129959106
1702303976277,443.61066818237305,867.7528953552246
1702303976288,411.3225555419922,855.636305809021
1702303976299,279.0141201019287,865.7025718688965
1702303976310,263.70811462402344,877.65380859375
1702303976321,276.36317253112793,891.5447330474854
1702303976362,275.9747505187988,897.5698328018188
1702303976366,262.715539932251,885.74622631073
1702303976378,263.7031841278076,880.5643272399902
1702303976387,260.1310729980469,870.4105138778687
1702303976399,263.3064365386963,873.7828874588013
1702303976410,262.5090980529785,879.4256114959717
1702303976421,272.6773262023926,889.6568441390991
1702303976432,267.88548469543457,889.2537832260132
1702303976444,272.4274730682373,885.3447103500366
1702303976454,265.03429412841797,874.1476249694824
1702303976466,265.12722969055176,872.4049186706543
1702303976501,257.6753234863281,873.5920858383179
1702303976502,256.41407012939453,882.5561141967773
1702303976510,249.9306583404541,876.0157299041748
1702303976522,252.75197982788086,882.2881078720093
1702303976532,261.2117576599121,877.0985698699951
1702303976543,267.8260326385498,891.090259552002
1702303976555,272.9863739013672,888.5345649719238
1702303976565,383.8031196594238,888.2359170913696
1702303976577,535.4770278930664,891.7457056045532
1702303976588,686.860237121582,874.6799898147583
1702303976600,1169.617576599121,861.9499254226685
1702303976610,1218.318214416504,854.351806640625
1702303976649,1249.7086715698242,852.8215742111206
1702303976650,1238.1331253051758,843.5890674591064
1702303976656,1241.8397903442383,848.0895566940308
1702303976668,1239.4369888305664,851.5691757202148
1702303976677,1235.939712524414,851.5302515029907
1702303976688,1242.2687911987305,847.1498823165894
1702303976698,1249.0571212768555,846.3110589981079
1702303976710,1251.773567199707,842.9263257980347
1702303976721,1258.1675338745117,839.2409706115723
1702303976732,1251.5011978149414,843.0183792114258
1702303976743,1257.8155517578125,857.6587343215942
1702303976754,1252.1581268310547,859.3476247787476
1702303976765,1256.5776062011719,858.9046096801758
1702303976799,1248.350830078125,849.1181516647339
1702303976816,1261.629867553711,850.0252532958984
1702303976821,1248.6176300048828,847.9292249679565
1702303976832,1241.220703125,862.3173666000366
1702303976843,1232.960548400879,872.9602003097534
1702303976854,1235.676383972168,878.7854862213135
1702303976865,1232.0001983642578,876.0165882110596
1702303976877,1223.9088821411133,866.6931867599487
1702303976888,1225.5681991577148,869.4268083572388
1702303976930,1220.5218505859375,872.5573968887329
1702303976931,1219.1836166381836,874.8461580276489
1702303976946,1231.7584228515625,883.4431314468384
1702303976954,1241.9790649414062,885.8058786392212
1702303976966,1241.5708541870117,888.2891321182251
1702303976976,1237.8227615356445,883.6335468292236
1702303976987,1229.139175415039,885.376296043396
1702303976998,1227.8635025024414,883.9607334136963
1702303977009,1225.0323486328125,875.4752111434937
1702303977021,1225.5988693237305,868.0830430984497
1702303977032,1227.379035949707,875.4659843444824
1702303977043,1231.6982650756836,879.0065431594849
1702303977078,1233.1855010986328,881.7431259155273
1702303977093,946.0624313354492,866.2032222747803
1702303977098,450.3021812438965,879.4509744644165
1702303977110,450.3021812438965,879.4509744644165
1702303977121,422.8728675842285,874.1890382766724
1702303977132,357.1705722808838,872.3665523529053
1702303977143,361.48716926574707,874.2120838165283
1702303977153,362.49242782592773,876.9266939163208
1702303977165,355.7366752624512,868.3462429046631
1702303977176,340.8185386657715,876.2772130966187
1702303977187,339.82715606689453,873.6885595321655
1702303977204,337.0783233642578,873.4659576416016
1702303977230,351.182918548584,864.1428565979004
1702303977231,344.4557571411133,866.8788814544678
1702303977246,341.6866874694824,863.2181596755981
1702303977253,355.0440788269043,866.1778163909912
1702303977266,354.69640731811523,862.9159069061279
1702303977276,362.38250732421875,866.2451076507568
1702303977287,361.80286407470703,865.9784746170044
1702303977299,356.61216735839844,861.960825920105
1702303977309,338.43875885009766,876.8009519577026
1702303977320,335.81329345703125,880.8688545227051
1702303977331,339.7236442565918,888.898401260376
1702303977343,349.3252944946289,890.7948303222656
1702303977379,370.0679588317871,889.718599319458
1702303977386,936.6960906982422,1245.089020729065
1702303977397,nan,nan
1702303977408,nan,nan
1702303977419,nan,nan
1702303977430,nan,nan
1702303977441,nan,nan
1702303977451,nan,nan
1702303977461,nan,nan
1702303977473,nan,nan
1702303977484,nan,nan
1702303977494,nan,nan
1702303977532,nan,nan
1702303977533,nan,nan
1702303977549,nan,nan
1702303977555,nan,nan
1702303977564,nan,nan
1702303977576,nan,nan
1702303977587,nan,nan
1702303977597,nan,nan
1702303977610,nan,nan
1702303977620,nan,nan
1702303977630,nan,nan
1702303977642,nan,nan
1702303977661,nan,nan
1702303977681,nan,nan
1702303977687,nan,nan
1702303977699,nan,nan
1702303977709,nan,nan
1702303977721,nan,nan
1702303977730,nan,nan
1702303977742,nan,nan
1702303977754,nan,nan
1702303977764,nan,nan
1702303977776,nan,nan
1702303977813,nan,nan
1702303977828,nan,nan
1702303977830,nan,nan
1702303977843,nan,nan
1702303977855,nan,nan
1702303977864,nan,nan
1702303977877,nan,nan
1702303977896,nan,nan
1702303977910,nan,nan
1702303977921,nan,nan
1702303977943,nan,nan
1702303977962,nan,nan
1702303977966,nan,nan
1702303977977,nan,nan
1702303977990,1190.4713439941406,689.8724412918091
1702303978000,1190.4713439941406,689.8724412918091
1702303978011,1190.4713439941406,689.8724412918091
1702303978022,1130.4002380371094,777.2098445892334
1702303978033,1226.8547821044922,702.6016473770142
1702303978045,1238.5342407226562,704.7549247741699
1702303978056,1246.9512176513672,698.3213138580322
1702303978097,1252.977523803711,700.0318765640259
1702303978098,1244.0522003173828,691.2262487411499
1702303978114,1211.2273406982422,775.8295154571533
1702303978122,1175.2129364013672,867.1430683135986
1702303978132,1193.9866638183594,825.2862739562988
1702303978144,1203.5162353515625,824.5411777496338
1702303978155,1212.5189971923828,817.7824401855469
1702303978166,1229.299087524414,831.3920974731445
1702303978177,1220.361328125,831.3603401184082
1702303978188,1203.53759765625,842.5657939910889
1702303978199,1199.5085144042969,840.5031108856201
1702303978210,1207.2039031982422,841.4698219299316
1702303978249,1215.5094909667969,837.4016189575195
1702303978256,1214.555892944336,822.7193355560303
1702303978266,1212.331771850586,831.2395763397217
1702303978278,1212.868881225586,829.0506362915039
1702303978288,1212.1945190429688,830.3992938995361
1702303978299,1220.9366607666016,830.4526805877686
1702303978311,1218.126220703125,831.099157333374
1702303978322,1214.7781372070312,829.350528717041
1702303978333,1223.1562042236328,824.9788284301758
1702303978344,1223.31787109375,824.6821117401123
1702303978355,1217.4726867675781,822.8277397155762
1702303978366,1262.0841979980469,825.2397537231445
1702303978396,1291.2654113769531,842.4538707733154
1702303978397,1319.4479370117188,852.2779655456543
1702303978400,1368.55712890625,889.9066543579102
1702303978413,1365.4544067382812,881.4725017547607
1702303978422,1374.0150451660156,879.7418117523193
1702303978433,1370.7601928710938,877.130241394043
1702303978444,1373.634033203125,883.1758117675781
1702303978455,1365.8433532714844,886.0948276519775
1702303978466,1373.8215637207031,883.3076477050781
1702303978478,1373.3683776855469,880.043420791626
1702303978488,1373.1703186035156,881.9472312927246
1702303978499,1372.1415710449219,879.2845058441162
1702303978511,1373.0549621582031,882.764253616333
1702303978547,1381.4524841308594,883.5091781616211
1702303978548,1381.0908508300781,889.482479095459
1702303978555,1365.5030822753906,873.0219554901123
1702303978566,1365.1626586914062,875.0604343414307
1702303978578,1370.1292419433594,877.9089832305908
1702303978589,1372.2320556640625,883.1757259368896
1702303978600,1381.96044921875,870.7610034942627
1702303978611,1386.8388366699219,878.7156200408936
1702303978622,1429.0328979492188,868.7115383148193
1702303978633,1698.3073425292969,873.1078720092773
1702303978644,1762.252197265625,878.942813873291
1702303978655,1797.1200561523438,888.4934520721436
1702303978666,1821.2672424316406,903.5987091064453
1702303978696,1824.3019104003906,898.6864471435547
1702303978699,1831.0409545898438,893.0108070373535
1702303978713,1825.8137512207031,891.9134616851807
1702303978721,1827.7304077148438,889.2185497283936
1702303978733,1832.8070068359375,887.2925090789795
1702303978743,1832.601318359375,885.0250339508057
1702303978755,1820.7070922851562,888.5462379455566
1702303978766,1815.7191467285156,892.1105289459229
1702303978777,1816.2251281738281,898.3887004852295
1702303978788,1816.6940307617188,897.3988151550293
1702303978831,1814.0385437011719,892.8061866760254
1702303978833,1877.7288818359375,886.4156627655029
1702303978847,1891.9206237792969,885.7050704956055
1702303978855,1892.1893310546875,891.9247913360596
1702303978867,1887.5860595703125,885.1144695281982
1702303978877,1877.4079895019531,882.9167747497559
1702303978888,1876.1929321289062,883.9342975616455
1702303978899,1878.5417175292969,878.1417560577393
1702303978911,1893.8224792480469,875.0563144683838
1702303978921,1889.6368408203125,873.2300090789795
1702303978932,1898.7887573242188,886.8174362182617
1702303978944,1893.1944274902344,880.5830383300781
1702303978980,1887.191162109375,885.9743213653564
1702303978987,1929.5988464355469,966.908369064331
1702303978998,nan,nan
1702303979010,nan,nan
1702303979020,nan,nan
1702303979031,nan,nan
1702303979042,nan,nan
1702303979054,nan,nan
1702303979064,nan,nan
1702303979076,nan,nan
1702303979117,nan,nan
1702303979118,nan,nan
1702303979134,nan,nan
1702303979147,nan,nan
1702303979157,nan,nan
1702303979167,nan,nan
1702303979179,nan,nan
1702303979191,nan,nan
1702303979200,nan,nan
1702303979212,nan,nan
1702303979224,nan,nan
1702303979244,nan,nan
1702303979264,nan,nan
1702303979265,nan,nan
1702303979267,nan,nan
1702303979280,nan,nan
1702303979290,nan,nan
1702303979300,nan,nan
1702303979312,nan,nan
1702303979324,nan,nan
1702303979334,nan,nan
1702303979345,nan,nan
1702303979357,nan,nan
1702303979367,nan,nan
1702303979398,nan,nan
1702303979400,nan,nan
1702303979414,nan,nan
1702303979423,nan,nan
1702303979434,nan,nan
1702303979445,nan,nan
1702303979457,nan,nan
1702303979466,nan,nan
1702303979478,nan,nan
1702303979489,nan,nan
1702303979500,nan,nan
1702303979511,nan,nan
1702303979548,nan,nan
1702303979563,nan,nan
1702303979567,nan,nan
1702303979578,nan,nan
1702303979590,nan,nan
1702303979600,nan,nan
1702303979612,nan,nan
1702303979624,nan,nan
1702303979634,nan,nan
1702303979645,nan,nan
1702303979682,nan,nan
1702303979683,nan,nan
1702303979690,nan,nan
1702303979699,nan,nan
1702303979712,nan,nan
1702303979723,nan,nan
1702303979733,nan,nan
1702303979745,nan,nan
1702303979757,nan,nan
1702303979766,nan,nan
1702303979778,nan,nan
1702303979817,nan,nan
1702303979818,nan,nan
1702303979823,nan,nan
1702303979835,nan,nan
1702303979844,nan,nan
1702303979855,nan,nan
1702303979866,nan,nan
1702303979878,nan,nan
1702303979889,nan,nan
1702303979899,nan,nan
1702303979916,nan,nan
1702303979945,nan,nan
1702303979965,nan,nan
1702303979968,nan,nan
1702303979981,nan,nan
1702303979991,1675.3190612792969,930.3605461120605
1702303980001,1675.3190612792969,930.3605461120605
1702303980013,1675.3190612792969,930.3605461120605
1702303980024,nan,nan
1702303980035,nan,nan
1702303980046,nan,nan
1702303980057,nan,nan
1702303980097,nan,nan
1702303980101,nan,nan
1702303980113,1467.63427734375,932.5936031341553
1702303980127,1419.0510559082031,920.9213161468506
1702303980135,1414.7848510742188,889.8629665374756
1702303980147,1421.9851684570312,891.4029407501221
1702303980158,1425.1225280761719,882.1446418762207
1702303980169,1426.0746765136719,873.4819221496582
1702303980180,1416.7231750488281,867.4208164215088
1702303980191,1422.1571350097656,864.3618965148926
1702303980234,1410.3956604003906,865.925989151001
1702303980235,1394.2098999023438,864.0781402587891
1702303980236,1294.0467834472656,860.7880783081055
1702303980251,1288.0598449707031,867.0358657836914
1702303980258,1292.8189086914062,874.4391918182373
1702303980269,1283.5800170898438,869.7560977935791
1702303980280,1285.8494567871094,865.6480693817139
1702303980291,1277.087631225586,867.8736591339111
1702303980302,1275.3907012939453,867.7604484558105
1702303980313,1273.8063049316406,857.9566097259521
1702303980325,1282.0692443847656,851.6719150543213
1702303980336,1285.4127502441406,856.7912864685059
1702303980347,1288.1573486328125,866.7616367340088
1702303980385,1287.5994873046875,862.4065017700195
1702303980386,1281.7384338378906,860.1555919647217
1702303980392,1278.0597686767578,858.5971641540527
1702303980403,1277.3381805419922,853.3069896697998
1702303980416,1277.7418518066406,849.7993469238281
1702303980424,1266.9286346435547,859.1516304016113
1702303980435,1271.7552185058594,866.667308807373
1702303980446,1272.4396514892578,870.9033107757568
1702303980457,1280.6695556640625,863.1103134155273
1702303980468,1282.7699279785156,862.5750732421875
1702303980479,1290.6396484375,876.4645385742188
1702303980514,1293.9369201660156,881.5149021148682
1702303980515,1300.3855895996094,890.0972843170166
1702303980530,1285.714111328125,880.4391860961914
1702303980536,1270.4576110839844,865.9911346435547
1702303980547,1260.3079986572266,847.9745006561279
1702303980557,1268.1944274902344,847.5391674041748
1702303980567,nan,nan
1702303980579,nan,nan
1702303980590,nan,nan
1702303980600,nan,nan
1702303980612,nan,nan
1702303980623,nan,nan
1702303980644,nan,nan
1702303980663,nan,nan
1702303980664,nan,nan
1702303980667,nan,nan
1702303980679,nan,nan
1702303980697,nan,nan
1702303980715,nan,nan
1702303980727,nan,nan
1702303980737,nan,nan
1702303980749,nan,nan
1702303980760,nan,nan
1702303980801,nan,nan
1702303980803,nan,nan
1702303980816,nan,nan
1702303980829,nan,nan
1702303980837,nan,nan
1702303980849,nan,nan
1702303980860,nan,nan
1702303980870,nan,nan
1702303980882,nan,nan
1702303980894,nan,nan
1702303980936,nan,nan
1702303980937,nan,nan
1702303980953,nan,nan
1702303980961,nan,nan
1702303980971,nan,nan
1702303980982,nan,nan
1702303980993,nan,nan
1702303981004,nan,nan
1702303981016,nan,nan
1702303981026,nan,nan
1702303981036,nan,nan
1702303981048,nan,nan
1702303981083,nan,nan
1702303981084,nan,nan
1702303981099,nan,nan
1702303981103,nan,nan
1702303981115,nan,nan
1702303981127,nan,nan
1702303981137,nan,nan
1702303981148,nan,nan
1702303981159,nan,nan
1702303981170,nan,nan
1702303981181,nan,nan
1702303981216,nan,nan
1702303981217,nan,nan
1702303981232,nan,nan
1702303981236,nan,nan
1702303981249,nan,nan
1702303981259,nan,nan
1702303981270,nan,nan
1702303981282,nan,nan
1702303981293,nan,nan
1702303981303,nan,nan
1702303981315,nan,nan
1702303981350,nan,nan
1702303981366,nan,nan
1702303981370,nan,nan
1702303981382,nan,nan
1702303981393,nan,nan
1702303981403,nan,nan
1702303981415,nan,nan
1702303981426,nan,nan
1702303981436,nan,nan
1702303981448,nan,nan
1702303981459,nan,nan
1702303981480,nan,nan
1702303981500,nan,nan
1702303981503,nan,nan
1702303981516,nan,nan
1702303981526,nan,nan
1702303981536,nan,nan
1702303981548,nan,nan
1702303981559,nan,nan
1702303981570,nan,nan
1702303981581,nan,nan
1702303981593,nan,nan
1702303981634,nan,nan
1702303981636,nan,nan
1702303981650,nan,nan
1702303981660,nan,nan
1702303981670,nan,nan
1702303981681,nan,nan
1702303981693,nan,nan
1702303981703,nan,nan
1702303981715,nan,nan
1702303981726,nan,nan
1702303981737,nan,nan
1702303981748,nan,nan
1702303981783,nan,nan
1702303981784,nan,nan
1702303981799,nan,nan
1702303981803,nan,nan
1702303981815,nan,nan
1702303981826,nan,nan
1702303981836,nan,nan
1702303981847,nan,nan
1702303981859,nan,nan
1702303981869,nan,nan
1702303981881,nan,nan
1702303981901,nan,nan
1702303981921,nan,nan
1702303981922,nan,nan
1702303981927,nan,nan
1702303981939,nan,nan
1702303981948,nan,nan
1702303981960,nan,nan
1702303981969,nan,nan
1702303981981,nan,nan
1702303981993,nan,nan
1702303982003,nan,nan
1702303982014,nan,nan
1702303982025,nan,nan
1702303982036,nan,nan
1702303982068,nan,nan
1702303982069,nan,nan
1702303982084,nan,nan
1702303982093,nan,nan
1702303982102,nan,nan
1702303982114,nan,nan
1702303982125,nan,nan
1702303982135,nan,nan
1702303982148,nan,nan
1702303982159,nan,nan
1702303982169,nan,nan
1702303982181,nan,nan
1702303982218,nan,nan
1702303982219,nan,nan
1702303982226,nan,nan
1702303982236,nan,nan
1702303982250,nan,nan
1702303982259,nan,nan
1702303982269,nan,nan
1702303982281,nan,nan
1702303982293,nan,nan
1702303982302,nan,nan
1702303982314,nan,nan
1702303982326,nan,nan
1702303982336,nan,nan
1702303982373,nan,nan
1702303982381,nan,nan
1702303982393,nan,nan
1702303982404,nan,nan
1702303982414,nan,nan
1702303982426,nan,nan
1702303982436,nan,nan
1702303982448,nan,nan
1702303982459,nan,nan
1702303982469,nan,nan
1702303982481,nan,nan
1702303982516,nan,nan
1702303982532,nan,nan
1702303982535,nan,nan
1702303982548,nan,nan
1702303982558,nan,nan
1702303982569,nan,nan
1702303982581,nan,nan
1702303982592,nan,nan
1702303982609,nan,nan
1702303982653,nan,nan
1702303982654,nan,nan
1702303982660,nan,nan
1702303982671,nan,nan
1702303982683,nan,nan
1702303982693,nan,nan
1702303982704,nan,nan
1702303982714,nan,nan
1702303982725,nan,nan
1702303982742,nan,nan
1702303982763,nan,nan
1702303982801,nan,nan
1702303982806,1353.0929565429688,888.6916351318359
1702303982817,1366.812744140625,885.4617404937744
1702303982829,1354.68994140625,890.8891582489014
1702303982840,1378.7979125976562,871.3213062286377
1702303982851,1372.7919006347656,871.530818939209
1702303982862,1374.0023803710938,870.9506893157959
1702303982873,1362.4996948242188,863.7897491455078
1702303982884,1364.1143798828125,858.1575393676758
1702303982896,1364.4610595703125,854.6651744842529
1702303982932,1371.3081359863281,856.8575477600098
1702303982939,1396.7501831054688,853.4922122955322
1702303982950,1397.3583984375,855.9994125366211
1702303982962,1394.6537780761719,859.4493770599365
1702303982972,1393.465576171875,869.1201782226562
1702303982983,1387.5991821289062,870.6807518005371
1702303982995,1417.5857543945312,872.9992961883545
1702303983006,1668.6085510253906,876.641263961792
1702303983017,1729.202880859375,884.4455909729004
1702303983028,1760.7839965820312,884.4247341156006
1702303983039,1786.2614440917969,884.3507480621338
1702303983050,1789.5433044433594,873.5149669647217
1702303983093,1797.1603393554688,872.5295448303223
1702303983095,1810.5984497070312,887.2835826873779
1702303983109,1803.922119140625,891.3951301574707
1702303983117,1801.8637084960938,887.1212768554688
1702303983128,1801.8307495117188,883.9354991912842
1702303983139,1810.4843139648438,877.2482585906982
1702303983150,1818.2295227050781,882.4327754974365
1702303983161,1802.77099609375,884.7530364990234
1702303983173,1806.0298156738281,883.222246170044
1702303983184,1803.1576538085938,885.1492309570312
1702303983195,1815.8230590820312,880.550422668457
1702303983233,1814.9603271484375,891.3035488128662
1702303983234,1822.0103454589844,889.3409442901611
1702303983240,1827.9379272460938,889.9777221679688
1702303983251,1818.2754516601562,899.8344326019287
1702303983264,1810.9034729003906,905.0296783447266
1702303983273,1813.2415771484375,908.2460975646973
1702303983284,1816.3890075683594,907.6177310943604
1702303983294,1822.3731994628906,905.3331756591797
1702303983305,1823.6689758300781,899.4969463348389
1702303983316,1829.7979736328125,905.1547336578369
1702303983328,1832.8802490234375,907.3141479492188
1702303983366,1830.8259582519531,907.0613765716553
1702303983372,1540.4597473144531,858.4503078460693
1702303983383,1483.1593322753906,852.5877285003662
1702303983396,1416.795654296875,854.6901512145996
1702303983406,1359.1452026367188,849.7486209869385
1702303983417,1352.0640563964844,833.9501953125
1702303983428,1375.5987548828125,834.0160274505615
1702303983439,1377.0114135742188,829.1647052764893
1702303983450,1376.5834045410156,829.2142295837402
1702303983462,1367.1504211425781,822.3118114471436
1702303983473,1365.9408569335938,829.5415019989014
1702303983483,1372.4211120605469,835.947732925415
1702303983523,1369.9398803710938,843.4713077545166
1702303983527,1387.2154235839844,853.5584735870361
1702303983539,1467.5364685058594,866.1264896392822
1702303983552,1567.0584106445312,922.0166873931885
1702303983561,1567.0584106445312,922.0166873931885
1702303983571,2085.9548950195312,1285.1522541046143
1702303983582,nan,nan
1702303983593,nan,nan
1702303983604,nan,nan
1702303983616,nan,nan
1702303983627,nan,nan
1702303983638,nan,nan
1702303983670,nan,nan
1702303983671,nan,nan
1702303983690,nan,nan
1702303983706,nan,nan
1702303983718,nan,nan
1702303983730,nan,nan
1702303983740,nan,nan
1702303983752,nan,nan
1702303983764,nan,nan
1702303983804,nan,nan
1702303983806,nan,nan
1702303983820,nan,nan
1702303983831,nan,nan
1702303983840,nan,nan
1702303983852,nan,nan
1702303983864,nan,nan
1702303983873,nan,nan
1702303983885,nan,nan
1702303983897,nan,nan
1702303983907,nan,nan
1702303983918,nan,nan
1702303983953,nan,nan
1702303983969,nan,nan
1702303983973,nan,nan
1702303983985,nan,nan
1702303983996,nan,nan
1702303984006,nan,nan
1702303984018,nan,nan
1702303984029,nan,nan
1702303984039,nan,nan
1702303984051,nan,nan
1702303984063,nan,nan
1702303984102,nan,nan
1702303984106,nan,nan
1702303984118,nan,nan
1702303984131,nan,nan
1702303984140,nan,nan
1702303984151,nan,nan
1702303984162,nan,nan
1702303984173,nan,nan
1702303984184,nan,nan
1702303984196,nan,nan
1702303984235,nan,nan
1702303984236,nan,nan
1702303984239,nan,nan
1702303984251,nan,nan
1702303984263,nan,nan
1702303984272,nan,nan
1702303984284,nan,nan
1702303984296,nan,nan
1702303984306,nan,nan
1702303984318,nan,nan
1702303984329,nan,nan
1702303984339,nan,nan
1702303984372,nan,nan
1702303984373,nan,nan
1702303984389,nan,nan
1702303984396,nan,nan
1702303984407,nan,nan
1702303984418,nan,nan
1702303984429,nan,nan
1702303984440,nan,nan
1702303984451,nan,nan
1702303984463,nan,nan
1702303984473,nan,nan
1702303984485,nan,nan
1702303984502,nan,nan
1702303984522,nan,nan
1702303984529,nan,nan
1702303984540,nan,nan
1702303984550,nan,nan
1702303984563,nan,nan
1702303984573,nan,nan
1702303984584,nan,nan
1702303984596,nan,nan
1702303984606,nan,nan
1702303984618,nan,nan
1702303984630,nan,nan
1702303984640,nan,nan
1702303984669,nan,nan
1702303984672,nan,nan
1702303984687,nan,nan
1702303984695,nan,nan
1702303984705,nan,nan
1702303984717,nan,nan
1702303984728,nan,nan
1702303984739,nan,nan
1702303984750,nan,nan
1702303984762,nan,nan
1702303984773,nan,nan
1702303984784,nan,nan
1702303984822,nan,nan
1702303984823,nan,nan
1702303984829,nan,nan
1702303984841,nan,nan
1702303984851,nan,nan
1702303984862,nan,nan
1702303984872,nan,nan
1702303984884,nan,nan
1702303984895,nan,nan
1702303984906,nan,nan
1702303984917,nan,nan
1702303984929,nan,nan
1702303984939,nan,nan
1702303984972,nan,nan
1702303984973,nan,nan
1702303984988,nan,nan
1702303984996,nan,nan
1702303985007,nan,nan
1702303985018,nan,nan
1702303985029,nan,nan
1702303985039,nan,nan
1702303985051,nan,nan
1702303985062,nan,nan
1702303985072,nan,nan
1702303985084,nan,nan
1702303985103,nan,nan
1702303985125,nan,nan
1702303985129,nan,nan
1702303985143,nan,nan
1702303985151,nan,nan
1702303985162,nan,nan
1702303985172,nan,nan
1702303985184,nan,nan
1702303985196,nan,nan
1702303985206,nan,nan
1702303985217,nan,nan
1702303985229,nan,nan
1702303985239,nan,nan
1702303985272,nan,nan
1702303985273,nan,nan
1702303985289,nan,nan
1702303985296,nan,nan
1702303985307,nan,nan
1702303985316,nan,nan
1702303985328,nan,nan
1702303985338,nan,nan
1702303985350,nan,nan
1702303985361,nan,nan
1702303985372,nan,nan
1702303985383,nan,nan
1702303985420,nan,nan
1702303985421,nan,nan
1702303985428,nan,nan
1702303985439,nan,nan
1702303985450,nan,nan
1702303985462,nan,nan
1702303985472,nan,nan
1702303985484,nan,nan
1702303985495,nan,nan
1702303985505,nan,nan
1702303985517,nan,nan
1702303985554,nan,nan
1702303985555,nan,nan
1702303985562,nan,nan
1702303985572,nan,nan
1702303985585,nan,nan
1702303985595,nan,nan
1702303985605,nan,nan
1702303985618,nan,nan
1702303985629,nan,nan
1702303985639,nan,nan
1702303985651,nan,nan
1702303985662,nan,nan
1702303985683,nan,nan
1702303985704,nan,nan
1702303985705,nan,nan
1702303985706,nan,nan
1702303985718,nan,nan
1702303985728,nan,nan
1702303985738,nan,nan
1702303985750,nan,nan
1702303985762,nan,nan
1702303985771,nan,nan
1702303985784,nan,nan
1702303985795,nan,nan
1702303985805,nan,nan
1702303985838,nan,nan
1702303985839,nan,nan
1702303985855,nan,nan
1702303985862,nan,nan
1702303985872,nan,nan
1702303985884,nan,nan
1702303985895,nan,nan
1702303985905,nan,nan
1702303985917,nan,nan
1702303985929,nan,nan
1702303985938,nan,nan
1702303985950,nan,nan
1702303985986,nan,nan
1702303985987,nan,nan
1702303986003,nan,nan
1702303986004,nan,nan
1702303986016,nan,nan
1702303986028,nan,nan
1702303986038,nan,nan
1702303986050,nan,nan
1702303986061,nan,nan
1702303986071,nan,nan
1702303986084,nan,nan
1702303986119,nan,nan
1702303986134,nan,nan
1702303986138,nan,nan
1702303986150,nan,nan
1702303986169,nan,nan
1702303986184,nan,nan
1702303986195,nan,nan
1702303986206,nan,nan
1702303986218,nan,nan
1702303986229,nan,nan
1702303986269,nan,nan
1702303986270,nan,nan
1702303986273,nan,nan
1702303986283,nan,nan
1702303986300,nan,nan
1702303986321,nan,nan
1702303986337,nan,nan
1702303986353,nan,nan
1702303986364,1599.0945434570312,820.1264762878418
1702303986404,1617.3478698730469,829.6606349945068
1702303986408,1526.6728210449219,807.7912330627441
1702303986423,1500.2456665039062,811.5431499481201
1702303986431,1463.9717102050781,802.2427940368652
1702303986442,1400.3976440429688,808.0016040802002
1702303986453,1404.1500854492188,806.5500354766846
1702303986464,1390.8406066894531,821.852445602417
1702303986475,1380.0070190429688,814.0241718292236
1702303986487,1367.0570373535156,812.2638702392578
1702303986498,1370.1364135742188,803.2334518432617
1702303986509,1372.9325866699219,800.2810478210449
1702303986520,1378.8568115234375,795.950117111206
1702303986557,1386.0307312011719,800.7962894439697
1702303986558,1382.6521301269531,799.5322608947754
1702303986564,1382.8009033203125,801.5047359466553
1702303986575,1383.3145141601562,808.6720275878906
1702303986589,1386.6184997558594,801.626615524292
1702303986598,1393.6367797851562,802.8432655334473
1702303986608,1396.2046813964844,795.7479858398438
1702303986619,1395.8627319335938,807.22243309021
1702303986630,1398.2046508789062,804.0318489074707
1702303986641,1392.8561401367188,807.899980545044
1702303986652,1386.4317321777344,795.8636856079102
1702303986664,1385.1692199707031,790.228214263916
1702303986682,1384.9139404296875,793.5751819610596
1702303986705,1391.9186401367188,795.1506900787354
1702303986709,1403.1852722167969,789.8302173614502
1702303986722,1402.969970703125,787.4081611633301
1702303986731,1405.6747436523438,790.0435924530029
1702303986742,1398.5830688476562,786.7752456665039
1702303986753,1387.8335571289062,789.8208618164062
1702303986764,1415.2267456054688,789.8000049591064
1702303986775,1710.09033203125,801.1977195739746
1702303986786,1839.1508483886719,811.7421913146973
1702303986798,1973.6961364746094,811.4586925506592
1702303986836,2184.652557373047,836.3555145263672
1702303986837,2202.6837158203125,840.2354907989502
1702303986841,2219.0130615234375,855.721321105957
1702303986852,2218.399200439453,849.6560096740723
1702303986866,2214.6083068847656,844.3512439727783
1702303986874,2207.7540588378906,858.7132930755615
1702303986886,2209.959716796875,859.7341632843018
1702303986897,2216.2686157226562,869.36110496521
1702303986908,2206.5457153320312,860.9097003936768
1702303986919,2203.1320190429688,871.001672744751
1702303986930,2200.843048095703,869.403247833252
1702303986941,2200.78369140625,869.1364002227783
1702303986952,2199.3942260742188,868.7555694580078
1702303986987,2201.9651794433594,870.9617614746094
1702303986988,2204.39208984375,878.9240169525146
1702303987002,2199.902801513672,870.9938621520996
1702303987008,2187.2103881835938,869.0067958831787
1702303987019,2185.914306640625,874.7758197784424
1702303987030,2210.6991577148438,895.2640342712402
1702303987041,2237.5120544433594,941.6816997528076
1702303987052,2298.473663330078,941.706075668335
1702303987063,nan,nan
1702303987074,nan,nan
1702303987085,nan,nan
1702303987122,nan,nan
1702303987130,nan,nan
1702303987140,nan,nan
1702303987152,nan,nan
1702303987168,nan,nan
1702303987188,nan,nan
1702303987199,nan,nan
1702303987209,nan,nan
1702303987221,nan,nan
1702303987231,nan,nan
1702303987248,nan,nan
1702303987271,nan,nan
1702303987272,nan,nan
1702303987275,nan,nan
1702303987288,nan,nan
1702303987298,nan,nan
1702303987308,nan,nan
1702303987320,nan,nan
1702303987331,nan,nan
1702303987341,nan,nan
1702303987353,nan,nan
1702303987365,nan,nan
1702303987404,nan,nan
1702303987405,nan,nan
1702303987408,nan,nan
1702303987421,nan,nan
1702303987432,nan,nan
1702303987442,nan,nan
1702303987454,nan,nan
1702303987465,nan,nan
1702303987475,nan,nan
1702303987487,nan,nan
1702303987498,nan,nan
1702303987509,nan,nan
1702303987520,nan,nan
1702303987553,nan,nan
1702303987554,nan,nan
1702303987568,nan,nan
1702303987576,nan,nan
1702303987588,nan,nan
1702303987598,nan,nan
1702303987609,nan,nan
1702303987620,nan,nan
1702303987632,nan,nan
1702303987642,nan,nan
1702303987654,nan,nan
1702303987665,nan,nan
1702303987684,nan,nan
1702303987705,nan,nan
1702303987709,nan,nan
1702303987721,nan,nan
1702303987737,nan,nan
1702303987742,nan,nan
1702303987754,nan,nan
1702303987765,nan,nan
1702303987776,nan,nan
1702303987787,nan,nan
1702303987798,nan,nan
1702303987838,nan,nan
1702303987842,nan,nan
1702303987855,nan,nan
1702303987866,nan,nan
1702303987875,nan,nan
1702303987887,nan,nan
1702303987899,nan,nan
1702303987908,nan,nan
1702303987920,nan,nan
1702303987931,nan,nan
1702303987941,nan,nan
1702303987954,nan,nan
1702303987989,nan,nan
1702303987990,nan,nan
1702303987998,nan,nan
1702303988008,nan,nan
1702303988020,nan,nan
1702303988032,nan,nan
1702303988041,nan,nan
1702303988054,nan,nan
1702303988065,nan,nan
1702303988075,nan,nan
1702303988087,nan,nan
1702303988122,nan,nan
1702303988123,nan,nan
1702303988138,nan,nan
1702303988142,nan,nan
1702303988154,nan,nan
1702303988165,nan,nan
1702303988175,nan,nan
1702303988187,nan,nan
1702303988198,nan,nan
1702303988208,nan,nan
1702303988220,nan,nan
1702303988231,nan,nan
1702303988248,nan,nan
1702303988272,nan,nan
1702303988273,nan,nan
1702303988275,nan,nan
1702303988288,nan,nan
1702303988298,nan,nan
1702303988308,nan,nan
1702303988320,nan,nan
1702303988331,nan,nan
1702303988342,nan,nan
1702303988353,nan,nan
1702303988365,nan,nan
1702303988376,nan,nan
1702303988387,nan,nan
1702303988422,nan,nan
1702303988423,nan,nan
1702303988437,nan,nan
1702303988442,nan,nan
1702303988453,nan,nan
1702303988465,nan,nan
1702303988475,nan,nan
1702303988487,nan,nan
1702303988498,nan,nan
1702303988508,nan,nan
1702303988519,nan,nan
1702303988531,nan,nan
1702303988541,nan,nan
1702303988576,nan,nan
1702303988577,nan,nan
1702303988591,nan,nan
1702303988598,nan,nan
1702303988609,nan,nan
1702303988620,nan,nan
1702303988631,nan,nan
1702303988641,nan,nan
1702303988654,nan,nan
1702303988665,nan,nan
1702303988675,nan,nan
1702303988687,nan,nan
1702303988722,nan,nan
1702303988723,nan,nan
1702303988736,nan,nan
1702303988741,nan,nan
1702303988754,nan,nan
1702303988764,nan,nan
1702303988774,nan,nan
1702303988786,nan,nan
1702303988797,nan,nan
1702303988808,nan,nan
1702303988820,nan,nan
1702303988856,nan,nan
1702303988857,nan,nan
1702303988864,nan,nan
1702303988875,nan,nan
1702303988888,nan,nan
1702303988897,nan,nan
1702303988908,nan,nan
1702303988919,nan,nan
1702303988930,nan,nan
1702303988941,nan,nan
1702303988953,nan,nan
1702303988964,nan,nan
1702303988974,nan,nan
1702303989006,nan,nan
1702303989007,nan,nan
1702303989024,nan,nan
1702303989031,nan,nan
1702303989042,nan,nan
1702303989053,nan,nan
1702303989064,nan,nan
1702303989074,nan,nan
1702303989086,nan,nan
1702303989098,nan,nan
1702303989138,nan,nan
1702303989139,nan,nan
1702303989141,nan,nan
1702303989154,nan,nan
1702303989165,nan,nan
1702303989174,nan,nan
1702303989186,nan,nan
1702303989197,nan,nan
1702303989207,nan,nan
1702303989219,nan,nan
1702303989230,nan,nan
1702303989241,nan,nan
1702303989252,nan,nan
1702303989289,nan,nan
1702303989290,nan,nan
1702303989304,nan,nan
1702303989307,nan,nan
1702303989320,nan,nan
1702303989330,nan,nan
1702303989341,nan,nan
1702303989352,nan,nan
1702303989364,nan,nan
1702303989374,nan,nan
1702303989386,nan,nan
1702303989424,nan,nan
1702303989425,nan,nan
1702303989430,nan,nan
1702303989441,nan,nan
1702303989455,nan,nan
1702303989464,nan,nan
1702303989474,nan,nan
1702303989486,nan,nan
1702303989497,nan,nan
1702303989507,nan,nan
1702303989520,nan,nan
1702303989556,nan,nan
1702303989557,nan,nan
1702303989571,nan,nan
1702303989574,nan,nan
1702303989588,nan,nan
1702303989605,nan,nan
1702303989622,nan,nan
1702303989631,nan,nan
1702303989642,nan,nan
1702303989654,nan,nan
1702303989688,nan,nan
1702303989689,nan,nan
1702303989704,nan,nan
1702303989708,nan,nan
1702303989721,nan,nan
1702303989730,nan,nan
1702303989748,nan,nan
1702303989769,nan,nan
1702303989784,nan,nan
1702303989822,nan,nan
1702303989823,1562.2772216796875,917.6383781433105
1702303989839,1550.985107421875,931.9329643249512
1702303989845,1488.807373046875,1010.6450271606445
1702303989856,1521.611328125,961.7263412475586
1702303989868,1450.3158569335938,883.2468795776367
1702303989878,1450.3158569335938,883.2468795776367
1702303989889,1333.4024047851562,842.8836250305176
1702303989901,1285.0148010253906,891.5050792694092
1702303989912,1348.0870056152344,843.9579677581787
1702303989923,1348.0870056152344,843.9579677581787
1702303989935,1345.9487915039062,841.1501026153564
1702303989974,1277.219009399414,872.1137809753418
1702303989979,1359.8648071289062,855.075101852417
1702303989990,1359.9668884277344,856.3703727722168
1702303990003,1348.1436157226562,861.5737724304199
1702303990012,1347.4935913085938,852.5103950500488
1702303990023,1329.1548156738281,846.4462852478027
1702303990035,1242.9078674316406,784.0526103973389
1702303990045,855.0919342041016,605.3985214233398
1702303990057,749.9429321289062,503.5828971862793
1702303990068,543.071403503418,390.18733978271484
1702303990110,517.9067611694336,379.2724657058716
1702303990111,487.4238967895508,372.3294925689697
1702303990125,487.5713348388672,348.7546133995056
1702303990134,490.04589080810547,351.12420558929443
1702303990144,456.34613037109375,353.34011793136597
1702303990156,459.5339584350586,347.6714086532593
1702303990167,444.6641540527344,330.04940271377563
1702303990178,477.47364044189453,329.5649743080139
1702303990190,475.3601837158203,328.1426954269409
1702303990201,477.0889663696289,324.53742027282715
1702303990241,456.29871368408203,313.21937799453735
1702303990245,678.7828826904297,409.62103843688965
1702303990258,812.7147674560547,477.1082925796509
1702303990267,934.4580078125,520.3751993179321
1702303990278,1182.1066284179688,653.5378217697144
1702303990290,1196.3565063476562,658.6477088928223
1702303990301,1202.5309753417969,660.3943634033203
1702303990312,1227.2767639160156,657.1525812149048
1702303990323,1226.8775177001953,650.5046939849854
1702303990334,1229.6595001220703,654.207558631897
1702303990345,1228.69873046875,656.9421243667603
1702303990375,1237.856674194336,671.3467884063721
1702303990379,1226.7875671386719,667.835111618042
1702303990391,1211.3037872314453,662.6548862457275
1702303990401,1242.0304870605469,691.0831689834595
1702303990412,1353.831787109375,764.721565246582
1702303990423,1389.9354553222656,784.484338760376
1702303990434,1393.7010192871094,781.0316276550293
1702303990445,1397.1347045898438,776.7776870727539
1702303990457,1406.6363525390625,782.6100540161133
1702303990468,1405.5171203613281,792.0655059814453
1702303990479,1413.3377075195312,799.1250801086426
1702303990510,1403.7979125976562,800.212812423706
1702303990511,1406.9841003417969,792.5822925567627
1702303990526,1398.2479858398438,794.115400314331
1702303990533,1402.88818359375,784.5876789093018
1702303990545,1408.3210754394531,790.3253746032715
1702303990556,1407.8622436523438,795.0747299194336
1702303990567,1400.3994750976562,797.5099182128906
1702303990578,1403.8218688964844,780.0782203674316
1702303990589,1406.8846130371094,777.0515727996826
1702303990600,1405.430908203125,784.1298580169678
1702303990611,1400.9443664550781,800.2422523498535
1702303990623,1398.336181640625,796.4039039611816
1702303990658,1400.0297546386719,797.2739696502686
1702303990673,1387.7549743652344,787.9321575164795
1702303990678,1280.6198120117188,768.9820289611816
1702303990691,1270.6381225585938,765.0711536407471
1702303990701,1259.1133880615234,766.9412326812744
1702303990712,1271.8878173828125,770.1626300811768
1702303990723,1274.26025390625,783.9691829681396
1702303990734,1276.6421508789062,765.5993556976318
1702303990745,1277.3667907714844,771.3536167144775
1702303990758,1280.7421875,777.2171401977539
1702303990792,1249.6998977661133,812.1640920639038
1702303990793,1247.5164413452148,795.5703163146973
1702303990810,1241.0007858276367,795.835018157959
1702303990814,1249.799919128418,800.6419658660889
1702303990826,1253.9303970336914,805.7405233383179
1702303990836,1260.9800338745117,796.0586500167847
1702303990847,1255.6164932250977,793.804521560669
1702303990858,1248.6589813232422,793.4330463409424
1702303990869,1235.3086471557617,795.085244178772
1702303990880,996.2766265869141,730.2504372596741
1702303990890,926.6882705688477,699.8419761657715
1702303990902,863.6708450317383,685.9947395324707
1702303990944,610.0435447692871,653.5833549499512
1702303990945,616.3677406311035,658.3509278297424
1702303990946,602.0243453979492,664.0058183670044
1702303990962,593.2564926147461,660.7126450538635
1702303990969,591.8539810180664,653.9332008361816
1702303990980,566.7588806152344,645.9486722946167
1702303990990,566.9614601135254,644.5797157287598
1702303991002,568.2618713378906,651.3654255867004
1702303991012,585.8738327026367,637.1137762069702
1702303991024,595.4580688476562,633.9323329925537
1702303991035,595.7472610473633,631.448221206665
1702303991046,598.8563919067383,622.8742933273315
1702303991058,717.3696136474609,545.568265914917
1702303991093,716.2575721740723,544.306468963623
1702303991094,715.5404663085938,548.5708808898926
1702303991107,598.1572723388672,634.5934438705444
1702303991113,609.9607086181641,653.7663674354553
1702303991125,625.5518531799316,650.7671427726746
1702303991135,624.2700386047363,650.6070041656494
1702303991147,646.2069129943848,664.3649339675903
1702303991158,639.6225929260254,668.1775116920471
1702303991169,647.0252227783203,672.0761132240295
1702303991180,644.0915679931641,667.2086334228516
1702303991191,671.4251136779785,671.4990520477295
1702303991202,673.4584045410156,671.9716787338257
1702303991243,667.4750137329102,671.8247151374817
1702303991247,642.4863052368164,683.3565187454224
1702303991258,642.8108024597168,683.6587285995483
1702303991270,647.730712890625,678.0251026153564
1702303991279,902.9809951782227,752.0150828361511
1702303991289,921.2080383300781,755.7918047904968
1702303991300,948.0903244018555,756.5651607513428
1702303991311,nan,nan
1702303991322,nan,nan
1702303991333,nan,nan
1702303991344,nan,nan
1702303991355,nan,nan
1702303991391,nan,nan
1702303991392,nan,nan
1702303991399,nan,nan
1702303991410,nan,nan
1702303991423,nan,nan
1702303991433,nan,nan
1702303991443,nan,nan
1702303991455,nan,nan
1702303991465,nan,nan
1702303991476,nan,nan
1702303991486,nan,nan
1702303991525,nan,nan
1702303991526,nan,nan
1702303991541,nan,nan
1702303991545,nan,nan
1702303991557,nan,nan
1702303991569,nan,nan
1702303991578,nan,nan
1702303991590,nan,nan
1702303991602,nan,nan
1702303991612,nan,nan
1702303991624,nan,nan
1702303991635,nan,nan
1702303991645,nan,nan
1702303991677,nan,nan
1702303991678,nan,nan
1702303991694,nan,nan
1702303991702,nan,nan
1702303991712,nan,nan
1702303991724,nan,nan
1702303991736,nan,nan
1702303991745,nan,nan
1702303991758,nan,nan
1702303991769,nan,nan
1702303991779,nan,nan
1702303991810,nan,nan
1702303991827,nan,nan
1702303991834,nan,nan
1702303991845,nan,nan
1702303991856,nan,nan
1702303991867,nan,nan
1702303991878,nan,nan
1702303991890,nan,nan
1702303991901,nan,nan
1702303991911,nan,nan
1702303991941,nan,nan
1702303991960,nan,nan
1702303991967,nan,nan
1702303991980,nan,nan
1702303991993,1491.5391540527344,897.1642398834229
1702303992003,1458.3222961425781,870.0286102294922
1702303992015,1459.8196411132812,808.1205654144287
1702303992026,1451.9184875488281,794.7217082977295
1702303992037,1459.6990966796875,795.7747650146484
1702303992048,1464.5207214355469,787.7283096313477
1702303992059,1466.4817810058594,786.4168167114258
1702303992093,1432.0674133300781,766.8688774108887
1702303992094,1275.5268859863281,718.9612340927124
1702303992109,1259.7620391845703,717.9661560058594
1702303992114,1265.6166076660156,724.0217685699463
1702303992125,1259.1939544677734,723.1680965423584
1702303992136,1253.3843994140625,717.8471946716309
1702303992147,1251.9505310058594,721.2314128875732
1702303992158,1248.1037902832031,715.1671743392944
1702303992169,1251.141357421875,713.0389595031738
1702303992181,1254.5037841796875,708.660306930542
1702303992193,1255.20263671875,712.18674659729
1702303992204,1254.085464477539,720.1862525939941
1702303992241,1252.1615600585938,722.3574256896973
1702303992242,1254.3919372558594,718.7630081176758
1702303992247,1254.922866821289,712.8854084014893
1702303992258,1251.3632202148438,724.4837093353271
1702303992271,1253.4791564941406,726.756420135498
1702303992280,1250.5833435058594,720.5628776550293
1702303992292,1257.8714752197266,712.4171590805054
1702303992303,1257.4899291992188,710.3119468688965
1702303992314,1250.0,712.3007726669312
1702303992326,1241.6481018066406,711.0399198532104
1702303992337,1240.4483795166016,711.2052726745605
1702303992348,1248.9300537109375,712.0182180404663
1702303992359,1254.4432067871094,717.0345497131348
1702303992393,1259.5496368408203,722.211856842041
1702303992394,1259.0371704101562,730.0751495361328
1702303992409,1245.1017761230469,736.3527202606201
1702303992415,1240.2571868896484,743.6238670349121
1702303992426,1241.2013244628906,742.9434013366699
1702303992436,1238.33251953125,736.6073799133301
1702303992447,1245.5350494384766,749.2285251617432
1702303992458,nan,nan
1702303992468,nan,nan
1702303992479,nan,nan
1702303992491,nan,nan
1702303992532,nan,nan
1702303992533,nan,nan
1702303992535,nan,nan
1702303992551,nan,nan
1702303992556,nan,nan
1702303992573,nan,nan
1702303992594,nan,nan
1702303992606,nan,nan
1702303992615,nan,nan
1702303992627,nan,nan
1702303992639,nan,nan
1702303992677,nan,nan
1702303992678,nan,nan
1702303992693,nan,nan
1702303992704,nan,nan
1702303992715,nan,nan
1702303992726,nan,nan
1702303992737,nan,nan
1702303992748,nan,nan
1702303992760,nan,nan
1702303992771,nan,nan
1702303992781,nan,nan
1702303992807,nan,nan
1702303992828,nan,nan
1702303992829,nan,nan
1702303992842,nan,nan
1702303992850,nan,nan
1702303992862,nan,nan
1702303992874,nan,nan
1702303992884,nan,nan
1702303992895,nan,nan
1702303992907,nan,nan
1702303992917,nan,nan
1702303992961,nan,nan
1702303992962,nan,nan
1702303992977,nan,nan
1702303992984,nan,nan
1702303992996,nan,nan
1702303993007,nan,nan
1702303993017,nan,nan
1702303993029,nan,nan
1702303993040,nan,nan
1702303993050,nan,nan
1702303993063,nan,nan
1702303993074,nan,nan
1702303993111,nan,nan
1702303993112,nan,nan
1702303993118,nan,nan
1702303993129,nan,nan
1702303993142,nan,nan
1702303993150,nan,nan
1702303993162,nan,nan
1702303993174,nan,nan
1702303993184,nan,nan
1702303993196,nan,nan
1702303993208,nan,nan
1702303993217,nan,nan
1702303993257,nan,nan
1702303993258,nan,nan
1702303993261,nan,nan
1702303993274,nan,nan
1702303993283,nan,nan
1702303993295,nan,nan
1702303993306,nan,nan
1702303993316,nan,nan
1702303993328,nan,nan
1702303993340,nan,nan
1702303993350,nan,nan
1702303993362,nan,nan
1702303993394,nan,nan
1702303993395,nan,nan
1702303993410,nan,nan
1702303993417,nan,nan
1702303993428,nan,nan
1702303993440,nan,nan
1702303993449,nan,nan
1702303993461,nan,nan
1702303993473,nan,nan
1702303993483,nan,nan
1702303993495,nan,nan
1702303993506,nan,nan
1702303993544,nan,nan
1702303993545,nan,nan
1702303993549,nan,nan
1702303993561,nan,nan
1702303993575,nan,nan
1702303993583,nan,nan
1702303993594,nan,nan
1702303993606,nan,nan
1702303993616,nan,nan
1702303993628,nan,nan
1702303993639,nan,nan
1702303993676,nan,nan
1702303993677,nan,nan
1702303993682,nan,nan
1702303993694,nan,nan
1702303993708,nan,nan
1702303993716,nan,nan
1702303993728,nan,nan
1702303993739,nan,nan
1702303993749,nan,nan
1702303993761,nan,nan
1702303993772,nan,nan
1702303993783,nan,nan
1702303993795,nan,nan
1702303993826,nan,nan
1702303993828,nan,nan
1702303993843,nan,nan
1702303993849,nan,nan
1702303993862,nan,nan
1702303993873,nan,nan
1702303993883,nan,nan
1702303993895,nan,nan
1702303993906,nan,nan
1702303993916,nan,nan
1702303993929,nan,nan
1702303993964,nan,nan
1702303993965,nan,nan
1702303993983,nan,nan
1702303993995,nan,nan
1702303994006,nan,nan
1702303994016,nan,nan
1702303994028,nan,nan
1702303994040,nan,nan
1702303994049,nan,nan
1702303994061,nan,nan
1702303994073,nan,nan
1702303994111,nan,nan
1702303994112,nan,nan
1702303994116,nan,nan
1702303994128,nan,nan
1702303994140,nan,nan
1702303994150,nan,nan
1702303994162,nan,nan
1702303994173,nan,nan
1702303994183,nan,nan
1702303994195,nan,nan
1702303994206,nan,nan
1702303994216,nan,nan
1702303994228,nan,nan
1702303994262,nan,nan
1702303994263,nan,nan
1702303994272,nan,nan
1702303994283,nan,nan
1702303994296,nan,nan
1702303994306,nan,nan
1702303994316,nan,nan
1702303994328,nan,nan
1702303994339,nan,nan
1702303994349,nan,nan
1702303994361,nan,nan
1702303994372,nan,nan
1702303994411,nan,nan
1702303994412,nan,nan
1702303994416,nan,nan
1702303994428,nan,nan
1702303994441,nan,nan
1702303994449,nan,nan
1702303994461,nan,nan
1702303994472,nan,nan
1702303994483,nan,nan
1702303994495,nan,nan
1702303994506,nan,nan
1702303994516,nan,nan
1702303994527,nan,nan
1702303994560,nan,nan
1702303994561,nan,nan
1702303994576,nan,nan
1702303994583,nan,nan
1702303994595,nan,nan
1702303994605,nan,nan
1702303994616,nan,nan
1702303994627,nan,nan
1702303994639,nan,nan
1702303994649,nan,nan
1702303994661,nan,nan
1702303994672,nan,nan
1702303994692,nan,nan
1702303994712,nan,nan
1702303994716,nan,nan
1702303994728,nan,nan
1702303994742,nan,nan
1702303994749,nan,nan
1702303994761,nan,nan
1702303994771,nan,nan
1702303994782,nan,nan
1702303994794,nan,nan
1702303994806,nan,nan
1702303994847,nan,nan
1702303994848,nan,nan
1702303994864,nan,nan
1702303994871,nan,nan
1702303994881,nan,nan
1702303994893,nan,nan
1702303994904,nan,nan
1702303994915,nan,nan
1702303994926,nan,nan
1702303994938,nan,nan
1702303994948,nan,nan
1702303994960,nan,nan
1702303994993,nan,nan
1702303994994,nan,nan
1702303995009,nan,nan
1702303995016,nan,nan
1702303995027,nan,nan
1702303995038,nan,nan
1702303995048,nan,nan
1702303995060,nan,nan
1702303995071,nan,nan
1702303995081,nan,nan
1702303995093,nan,nan
1702303995131,nan,nan
1702303995132,nan,nan
1702303995138,nan,nan
1702303995150,nan,nan
1702303995161,nan,nan
1702303995171,nan,nan
1702303995182,nan,nan
1702303995194,nan,nan
1702303995205,nan,nan
1702303995215,nan,nan
1702303995227,nan,nan
1702303995261,nan,nan
1702303995276,nan,nan
1702303995282,nan,nan
1702303995294,nan,nan
1702303995305,nan,nan
1702303995315,nan,nan
1702303995327,nan,nan
1702303995345,nan,nan
1702303995359,nan,nan
1702303995371,nan,nan
1702303995411,nan,nan
1702303995412,nan,nan
1702303995416,nan,nan
1702303995426,nan,nan
1702303995440,1348.3984375,926.6525745391846
1702303995449,1348.3984375,926.6525745391846
1702303995460,1348.3984375,926.6525745391846
1702303995471,1324.4569396972656,941.301383972168
1702303995482,1324.4569396972656,941.301383972168
1702303995494,1324.4569396972656,941.301383972168
1702303995506,1387.0562744140625,924.4780540466309
1702303995546,1387.0562744140625,924.4780540466309
1702303995547,1387.0562744140625,924.4780540466309
1702303995549,1436.7115783691406,935.0725650787354
1702303995563,1436.7115783691406,935.0725650787354
1702303995572,1208.6456298828125,838.040714263916
1702303995583,1235.6082153320312,822.9439544677734
1702303995594,1244.9147033691406,825.9889698028564
1702303995606,1243.094482421875,831.0431098937988
