timestamp,x,y
1706195629697,1284.061279296875,745.8437919616699
1706195629707,1284.061279296875,745.8437919616699
1706195629718,1292.2747802734375,724.0269184112549
1706195629730,1297.37060546875,723.6945819854736
1706195629741,1297.2874450683594,721.3468551635742
1706195629752,1289.4668579101562,735.1848220825195
1706195629763,1279.6209716796875,732.8818988800049
1706195629774,1275.5608367919922,735.4895210266113
1706195629811,1274.2252349853516,728.9208126068115
1706195629812,1269.6569061279297,731.1872577667236
1706195629818,1278.1583404541016,733.9274883270264
1706195629831,1283.602294921875,734.4256496429443
1706195629841,1293.8461303710938,733.1071186065674
1706195629852,1286.3533020019531,733.1933784484863
1706195629863,1203.4652709960938,776.0588550567627
1706195629874,1187.0211791992188,778.1443691253662
1706195629885,1154.9547576904297,768.2984733581543
1706195629896,1172.327651977539,772.1218872070312
1706195629907,1181.8193054199219,781.0466480255127
1706195629919,1202.8250885009766,787.236499786377
1706195629930,1196.197738647461,774.8385143280029
1706195629964,1182.6258850097656,764.8340034484863
1706195629965,1193.7584686279297,778.9867973327637
1706195629982,1192.7424621582031,786.1671352386475
1706195629986,1191.6539001464844,790.3850269317627
1706195629997,1183.9173126220703,785.5182552337646
1706195630008,1195.8980560302734,792.1902179718018
1706195630019,1192.1762084960938,791.8236351013184
1706195630028,1219.4418334960938,857.4176788330078
1706195630040,1156.2235260009766,876.1843013763428
1706195630051,1251.8861389160156,823.3156871795654
1706195630062,1251.8861389160156,823.3156871795654
1706195630074,1227.9150390625,785.3170680999756
1706195630110,1161.5727996826172,793.9299201965332
1706195630111,1161.5727996826172,793.9299201965332
1706195630126,1131.0199737548828,809.6245765686035
1706195630129,1131.0199737548828,809.6245765686035
1706195630140,1131.0199737548828,809.6245765686035
1706195630151,658.2588958740234,215.04833936691284
1706195630163,658.2588958740234,215.04833936691284
1706195630174,658.2588958740234,215.04833936691284
1706195630186,571.4433670043945,254.00270998477936
1706195630197,564.9685668945312,201.08660995960236
1706195630208,578.5139083862305,193.65284621715546
1706195630220,546.9638442993164,279.4651937484741
1706195630231,588.2014465332031,272.6759433746338
1706195630263,568.33740234375,284.3514919281006
1706195630264,575.52978515625,265.92190504074097
1706195630281,563.8950729370117,262.2052216529846
1706195630288,585.7005500793457,230.6254506111145
1706195630298,478.3116149902344,218.4469449520111
1706195630309,468.9357376098633,214.5739209651947
1706195630320,400.5659484863281,204.1511356830597
1706195630331,296.4512825012207,215.00977993011475
1706195630342,298.6276435852051,207.36703991889954
1706195630354,314.35840606689453,234.72057223320007
1706195630365,314.90403175354004,216.50909185409546
1706195630376,314.13116455078125,226.56996130943298
1706195630412,290.66457748413086,205.56076526641846
1706195630427,274.2041015625,214.392249584198
1706195630431,244.55405235290527,234.305602312088
1706195630443,239.64605331420898,236.16013526916504
1706195630454,235.02417087554932,227.60222554206848
1706195630464,257.8325366973877,192.79944241046906
1706195630474,264.50782775878906,201.63267016410828
1706195630487,285.0951290130615,194.76894557476044
1706195630498,482.1731948852539,134.07002985477448
1706195630509,484.3809127807617,131.43131017684937
1706195630545,505.65494537353516,130.86664080619812
1706195630546,505.001163482666,129.62713301181793
1706195630561,513.9077758789062,154.0451592206955
1706195630564,518.9843559265137,135.2358466386795
1706195630576,501.59507751464844,124.57146406173706
1706195630587,508.63752365112305,120.83508253097534
1706195630598,509.0328788757324,132.18727469444275
1706195630609,521.5602493286133,137.69220292568207
1706195630620,519.1953086853027,143.07116389274597
1706195630631,574.2441177368164,144.16171252727509
1706195630642,615.6488418579102,145.56642830371857
1706195630654,670.8729934692383,150.3573364019394
1706195630671,848.3457565307617,117.21528589725494
1706195630696,857.9619216918945,126.74161791801453
1706195630697,857.8613662719727,122.29161858558655
1706195630698,867.6803207397461,156.0037136077881
1706195630713,869.0407943725586,155.35056352615356
1706195630720,856.8132400512695,142.42505192756653
1706195630732,860.7751083374023,117.61757433414459
1706195630742,862.6015472412109,116.2214469909668
1706195630754,864.5905685424805,125.98839461803436
1706195630765,869.1302108764648,125.75585782527924
1706195630775,865.1348114013672,121.8403959274292
1706195630786,906.1903381347656,128.01898777484894
1706195630797,1222.7267837524414,125.45965075492859
1706195630808,1281.4403533935547,124.26097691059113
1706195630851,1316.5801239013672,112.33127295970917
1706195630852,1317.6498413085938,126.97576940059662
1706195630853,1313.9002990722656,130.781791806221
1706195630867,1317.3328399658203,131.72746360301971
1706195630875,1319.1686248779297,127.92116224765778
1706195630887,1318.968505859375,138.26820194721222
1706195630898,1323.2039642333984,140.89954555034637
1706195630908,1319.7283935546875,149.23159182071686
1706195630920,1319.925308227539,145.83324909210205
1706195630931,1316.771240234375,141.161350607872
1706195630942,1322.0919036865234,129.59321916103363
1706195630953,1333.1757354736328,122.25525319576263
1706195630964,1335.4505157470703,122.6792460680008
1706195630975,1340.958480834961,126.21338903903961
1706195631012,1334.3614196777344,130.74715912342072
1706195631013,1331.2353515625,126.74600601196289
1706195631020,1328.9925384521484,133.5392528772354
1706195631031,1333.482666015625,148.29947590827942
1706195631044,1347.1630859375,148.10615301132202
1706195631054,1337.5218200683594,147.4118685722351
1706195631064,1274.0797805786133,158.78227829933167
1706195631076,1252.7653121948242,163.662970662117
1706195631087,1239.246482849121,160.70929527282715
1706195631098,1228.1047058105469,147.1215033531189
1706195631108,1227.1169662475586,131.37156665325165
1706195631120,1228.9188385009766,130.03104150295258
1706195631142,1220.8393478393555,145.56977033615112
1706195631163,1226.3103103637695,155.1234233379364
1706195631164,1228.9620208740234,146.16581082344055
1706195631179,1221.681137084961,144.2018222808838
1706195631186,1220.5825805664062,149.29369032382965
1706195631198,1228.173713684082,153.74371647834778
1706195631208,1230.911521911621,141.6715121269226
1706195631220,1227.2643661499023,146.7040765285492
1706195631230,1220.4295349121094,149.45960104465485
1706195631241,1213.6746215820312,155.60671985149384
1706195631253,1209.513931274414,142.87306129932404
1706195631264,1224.2860794067383,138.61698031425476
1706195631297,1226.5266799926758,138.7963342666626
1706195631298,1104.6170806884766,205.64897775650024
1706195631314,1101.2814331054688,216.48670077323914
1706195631320,1079.8759841918945,228.44799041748047
1706195631332,1078.6680221557617,237.2555387020111
1706195631342,1065.1955795288086,259.8487401008606
1706195631353,1075.1367950439453,254.6922469139099
1706195631364,1073.5273361206055,252.47066974639893
1706195631375,1072.9725646972656,247.3903727531433
1706195631387,1069.8020935058594,247.6524567604065
1706195631398,1071.7341995239258,255.94444155693054
1706195631409,1082.8505325317383,235.04510879516602
1706195631445,1082.2724151611328,231.2974512577057
1706195631446,1072.8388977050781,221.3238286972046
1706195631447,1065.6601333618164,222.87192463874817
1706195631453,1041.2018966674805,220.99741458892822
1706195631463,986.0113906860352,216.70386850833893
1706195631477,753.5530090332031,254.24168944358826
1706195631487,389.77746963500977,333.6694407463074
1706195631497,397.9226493835449,294.09277081489563
1706195631508,400.30391693115234,296.64808988571167
1706195631519,402.71833419799805,287.73513078689575
1706195631530,404.9410057067871,292.2105038166046
1706195631540,407.1643829345703,293.66596698760986
1706195631552,402.39601135253906,300.96402168273926
1706195631563,397.39721298217773,295.4943108558655
1706195631597,413.927001953125,290.85411071777344
1706195631607,390.57397842407227,283.7258183956146
1706195631619,362.3385429382324,276.1724388599396
1706195631631,251.73527717590332,288.75543236732483
1706195631641,237.0256805419922,287.1899127960205
1706195631653,237.92424201965332,290.01524448394775
1706195631664,230.06674766540527,273.8898575305939
1706195631675,224.05757904052734,264.3378782272339
1706195631686,222.4356174468994,260.97400188446045
1706195631697,219.5590305328369,265.02214193344116
1706195631708,217.11694717407227,270.89399099349976
1706195631749,210.96959114074707,267.28002548217773
1706195631750,204.69639778137207,259.1690146923065
1706195631753,206.26030921936035,257.7199137210846
1706195631769,202.68658638000488,248.73077988624573
1706195631776,205.0870132446289,247.29324460029602
1706195631786,184.79169845581055,259.01286721229553
1706195631797,97.83995449542999,287.2065532207489
1706195631808,24.466609954833984,342.22753286361694
1706195631819,220.28300285339355,339.5164096355438
1706195631831,215.2646541595459,272.00562715530396
1706195631841,214.59739685058594,269.52709436416626
1706195631853,218.09234619140625,261.35510087013245
1706195631864,217.0078945159912,252.67449617385864
1706195631900,208.88629913330078,255.66795945167542
1706195631901,208.32921028137207,253.06645274162292
1706195631907,225.16435623168945,263.0296468734741
1706195631921,226.55715942382812,278.89708042144775
1706195631930,220.1197052001953,282.9178512096405
1706195631941,246.14654541015625,281.69655561447144
1706195631952,329.4900703430176,264.9456989765167
1706195631963,748.7302017211914,231.58847093582153
1706195631974,774.0892791748047,228.50329756736755
1706195631986,793.6883163452148,228.89485716819763
1706195631997,781.9398498535156,227.61180639266968
1706195632008,781.440315246582,232.01419115066528
1706195632019,779.5811462402344,233.47447156906128
1706195632050,780.4916381835938,244.41139340400696
1706195632051,787.7159881591797,232.71747708320618
1706195632052,782.6712036132812,242.50067353248596
1706195632070,802.03857421875,236.6578996181488
1706195632074,804.46533203125,239.2644166946411
1706195632086,808.4878921508789,227.74961829185486
1706195632097,794.6520233154297,228.344886302948
1706195632108,789.5066452026367,244.23741459846497
1706195632119,789.6131896972656,248.72199296951294
1706195632130,795.336799621582,253.84084939956665
1706195632141,801.8278503417969,238.79411816596985
1706195632152,805.3872299194336,226.65699362754822
1706195632164,817.2450256347656,224.84230756759644
1706195632175,817.4098968505859,229.5261311531067
1706195632217,811.0970687866211,252.10256338119507
1706195632218,726.3184356689453,251.3356876373291
1706195632219,621.9586753845215,246.42594695091248
1706195632233,345.9463119506836,260.7448124885559
1706195632241,349.0989303588867,251.0473930835724
1706195632253,358.0914115905762,260.1910972595215
1706195632264,326.754674911499,264.79304909706116
1706195632274,323.1754398345947,270.46260595321655
1706195632285,318.6909866333008,252.1492874622345
1706195632296,332.2508907318115,267.9574763774872
1706195632307,338.0216407775879,277.0694875717163
1706195632319,351.71216011047363,303.16386222839355
1706195632330,336.2573528289795,282.0261883735657
1706195632363,337.13332176208496,275.4662346839905
1706195632364,328.19393157958984,251.7613971233368
1706195632379,343.6045551300049,260.5406427383423
1706195632386,341.2080669403076,284.4697666168213
1706195632396,335.23481369018555,275.7190275192261
1706195632407,334.12306785583496,272.0865869522095
1706195632419,341.5549087524414,266.3618195056915
1706195632430,326.04750633239746,281.80240631103516
1706195632441,328.0149459838867,286.35623931884766
1706195632452,320.33066749572754,292.7885842323303
1706195632464,351.15739822387695,299.7825300693512
1706195632474,350.98400115966797,294.2155623435974
1706195632517,347.7334403991699,271.6026842594147
1706195632519,328.79661560058594,279.0751254558563
1706195632533,337.4668312072754,260.49861788749695
1706195632540,335.36072731018066,266.3534939289093
1706195632552,340.64380645751953,273.440877199173
1706195632563,330.30012130737305,277.57532000541687
1706195632573,335.40178298950195,276.02579712867737
1706195632585,329.3592357635498,276.58615350723267
1706195632596,335.4083442687988,285.58369874954224
1706195632607,351.88220977783203,271.3247323036194
1706195632619,388.6874580383301,244.48110938072205
1706195632630,536.6024017333984,159.84730303287506
1706195632665,543.9919471740723,149.34960901737213
1706195632666,517.528076171875,167.6468986272812
1706195632674,511.4119338989258,170.82845449447632
1706195632685,511.02373123168945,175.68595111370087
1706195632697,540.0870513916016,164.2264974117279
1706195632708,550.5606269836426,167.58986949920654
1706195632719,559.6461486816406,161.7776781320572
1706195632730,560.877857208252,167.46504485607147
1706195632741,548.9432716369629,157.30491757392883
1706195632752,554.0696907043457,164.62496101856232
1706195632764,801.5506362915039,130.5097997188568
1706195632774,878.1755447387695,142.95641362667084
1706195632785,967.2201919555664,127.32676327228546
1706195632818,1120.0650787353516,133.53192508220673
1706195632819,1119.2451858520508,123.89702796936035
1706195632835,1122.6891708374023,139.1826957464218
1706195632841,1123.2078170776367,148.50667119026184
1706195632851,1130.9632873535156,137.1048206090927
1706195632862,1127.7167892456055,123.80871891975403
1706195632874,1121.7900466918945,114.61630046367645
1706195632884,1122.8931045532227,107.10794985294342
1706195632896,1124.6233367919922,120.18022119998932
1706195632907,1125.0214767456055,114.49723184108734
1706195632918,1119.7616577148438,122.73050308227539
1706195632929,1121.3548278808594,111.28366112709045
1706195632967,1114.8664855957031,127.90586292743683
1706195632968,1115.178337097168,132.42400646209717
1706195632974,1128.033561706543,123.33479940891266
1706195632985,1124.2425918579102,114.76283490657806
1706195632997,1121.7451095581055,115.02474188804626
1706195633007,1128.0723190307617,126.75467491149902
1706195633018,1163.6301040649414,127.34293162822723
1706195633030,1306.2378692626953,129.7474193572998
1706195633040,1332.3155975341797,120.53428888320923
1706195633052,1339.262466430664,133.9448243379593
1706195633063,1337.363052368164,141.66256964206696
1706195633074,1337.0672607421875,148.4567767381668
1706195633085,1317.8990936279297,151.58147513866425
1706195633117,1327.9817199707031,153.89746069908142
1706195633118,1346.1764526367188,126.38374149799347
1706195633136,1328.3831024169922,116.30667686462402
1706195633141,1331.7977142333984,120.67490369081497
1706195633152,1326.4523315429688,135.9365040063858
1706195633163,1342.248306274414,149.50482308864594
1706195633174,1350.5670166015625,139.79595065116882
1706195633185,1345.0210571289062,137.5990927219391
1706195633197,1343.6885070800781,123.2574713230133
1706195633207,1331.0757446289062,144.53501164913177
1706195633218,1323.0683898925781,148.40629756450653
1706195633229,1329.775390625,160.88706135749817
1706195633266,1335.679931640625,156.47918343544006
1706195633267,1352.4024963378906,131.77085101604462
1706195633273,1339.8307037353516,125.18619954586029
1706195633284,1258.2573699951172,131.11458957195282
1706195633295,951.8574142456055,151.19930863380432
1706195633306,877.4135208129883,176.91344261169434
1706195633317,448.6973571777344,337.8371000289917
1706195633329,459.6045112609863,288.1447148323059
1706195633339,455.36481857299805,282.07178592681885
1706195633351,454.5580291748047,276.1203718185425
1706195633362,453.3065605163574,283.6676573753357
1706195633373,454.7185707092285,281.2969493865967
1706195633416,458.5097312927246,279.77099776268005
1706195633418,432.46395111083984,273.60212087631226
1706195633433,432.76140213012695,260.44708728790283
1706195633441,424.1514587402344,260.3094470500946
1706195633452,424.91525650024414,269.37403678894043
1706195633463,444.1273307800293,276.1260259151459
1706195633474,450.63920974731445,279.2111027240753
1706195633485,427.8424644470215,275.17287611961365
1706195633496,278.87621879577637,302.60239005088806
1706195633507,264.92774963378906,309.1869127750397
1706195633518,259.23736572265625,307.12722301483154
1706195633530,271.5679168701172,318.31024289131165
1706195633565,262.4735355377197,312.69163727760315
1706195633580,259.61127281188965,298.9840042591095
1706195633585,258.2936668395996,291.7663621902466
1706195633597,243.09874534606934,283.34722995758057
1706195633606,253.78021240234375,285.5816602706909
1706195633618,254.5862579345703,285.74289321899414
1706195633629,325.42391777038574,278.76182198524475
1706195633640,391.17496490478516,282.43348717689514
1706195633651,502.82270431518555,288.0623495578766
1706195633662,911.2565612792969,249.21782612800598
1706195633673,922.6258087158203,251.29106640815735
1706195633716,932.5298690795898,251.97298049926758
1706195633717,944.556770324707,250.02135157585144
1706195633733,929.0966033935547,208.53986263275146
1706195633740,936.5764617919922,220.39610624313354
1706195633751,940.050163269043,229.0540623664856
1706195633762,950.9792709350586,240.0690257549286
1706195633773,952.1289825439453,238.53354692459106
1706195633784,953.3555603027344,250.5895721912384
1706195633796,954.2472839355469,245.78518867492676
1706195633807,991.5361022949219,235.40238976478577
1706195633818,990.6719970703125,217.36507058143616
1706195633852,979.9106216430664,211.11703634262085
1706195633853,940.4328918457031,227.81186699867249
1706195633870,957.7234268188477,248.18392038345337
1706195633874,961.4686965942383,244.21958327293396
1706195633885,958.3323669433594,240.4625380039215
1706195633896,956.5300750732422,234.3971300125122
1706195633907,954.3269348144531,241.96504712104797
1706195633918,946.6584014892578,249.7580122947693
1706195633929,947.5022125244141,261.749986410141
1706195633940,957.6979827880859,253.48913669586182
1706195633952,945.2246856689453,243.19036602973938
1706195633961,831.6024017333984,221.35521054267883
1706195634000,727.593994140625,241.37025117874146
1706195634006,669.4903564453125,238.74178290367126
1706195634017,671.3006210327148,239.86964106559753
1706195634029,672.3078918457031,234.19951558113098
1706195634039,673.060302734375,244.27740097045898
1706195634050,673.8686752319336,246.99836254119873
1706195634062,675.2941513061523,258.9592981338501
1706195634072,674.1558074951172,250.34161806106567
1706195634084,670.9287643432617,266.0293972492218
1706195634095,675.3300857543945,255.8747363090515
1706195634106,679.6850967407227,264.35227632522583
1706195634117,682.7011871337891,248.8592255115509
1706195634152,685.1288604736328,245.35259127616882
1706195634169,691.3386535644531,236.11853957176208
1706195634172,692.6802825927734,229.8164427280426
1706195634184,686.0340118408203,234.90570902824402
1706195634196,684.5298004150391,238.80664944648743
1706195634206,677.0452499389648,243.0987846851349
1706195634218,677.9957962036133,249.7527551651001
1706195634229,762.6150894165039,254.48273420333862
1706195634240,824.3975067138672,267.5121223926544
1706195634251,886.1891555786133,263.4403896331787
1706195634262,1091.4434051513672,254.8974895477295
1706195634301,1093.9074325561523,246.4690124988556
1706195634307,1084.2970275878906,252.5624978542328
1706195634319,1091.5447998046875,252.5837516784668
1706195634329,1092.276840209961,248.44202399253845
1706195634340,1094.7002029418945,238.46973180770874
1706195634351,1089.6185302734375,246.30234003067017
1706195634362,1092.2548294067383,263.46145033836365
1706195634373,1094.3135833740234,269.6688652038574
1706195634384,1099.3325424194336,259.2130994796753
1706195634396,1113.5705947875977,251.58737540245056
1706195634406,1105.877685546875,243.32567811012268
1706195634418,1097.6110458374023,246.09614253044128
1706195634452,1090.5572891235352,245.67216038703918
1706195634453,1102.377586364746,245.7869803905487
1706195634461,1102.0247650146484,235.33844590187073
1706195634472,1092.7976608276367,236.26909732818604
1706195634484,1091.7588806152344,233.4213423728943
1706195634495,1380.4608154296875,397.51095056533813
1706195634505,1431.6903686523438,431.76823139190674
1706195634515,1431.6903686523438,431.76823139190674
1706195634526,nan,nan
1706195634537,nan,nan
1706195634549,nan,nan
1706195634560,nan,nan
1706195634602,nan,nan
1706195634603,nan,nan
1706195634604,nan,nan
1706195634621,nan,nan
1706195634624,nan,nan
1706195634642,nan,nan
1706195634662,nan,nan
1706195634674,nan,nan
1706195634684,nan,nan
1706195634695,nan,nan
1706195634706,nan,nan
1706195634716,nan,nan
1706195634750,nan,nan
1706195634751,nan,nan
1706195634760,nan,nan
1706195634772,nan,nan
1706195634783,nan,nan
1706195634793,nan,nan
1706195634805,nan,nan
1706195634816,nan,nan
1706195634827,nan,nan
1706195634839,nan,nan
1706195634850,nan,nan
1706195634860,nan,nan
1706195634900,nan,nan
1706195634905,nan,nan
1706195634920,nan,nan
1706195634927,nan,nan
1706195634939,nan,nan
1706195634950,nan,nan
1706195634960,nan,nan
1706195634972,nan,nan
1706195634983,nan,nan
1706195634994,nan,nan
1706195635005,nan,nan
1706195635017,nan,nan
1706195635053,nan,nan
1706195635054,nan,nan
1706195635061,nan,nan
1706195635074,nan,nan
1706195635086,nan,nan
1706195635095,nan,nan
1706195635107,nan,nan
1706195635117,nan,nan
1706195635127,nan,nan
1706195635140,nan,nan
1706195635158,nan,nan
1706195635172,nan,nan
1706195635183,nan,nan
1706195635217,nan,nan
1706195635218,1638.5760498046875,924.0581703186035
1706195635237,1638.5760498046875,924.0581703186035
1706195635240,1638.5760498046875,924.0581703186035
1706195635251,1570.0515747070312,976.5848350524902
1706195635262,1570.0515747070312,976.5848350524902
1706195635274,1570.0515747070312,976.5848350524902
1706195635284,nan,nan
1706195635296,1293.3506774902344,870.7469272613525
1706195635306,1301.04736328125,860.1860618591309
1706195635317,1301.04736328125,860.1860618591309
1706195635329,1301.8397521972656,804.291615486145
1706195635368,1297.6870727539062,802.6763677597046
1706195635369,1290.2990341186523,797.5790548324585
1706195635374,1298.7274932861328,787.2914743423462
1706195635387,1295.257797241211,792.2063541412354
1706195635397,1295.000877380371,786.855583190918
1706195635408,1285.926628112793,788.530740737915
1706195635419,1290.414810180664,795.19690990448
1706195635430,1291.7329406738281,798.2441568374634
1706195635441,1302.4956512451172,796.7556381225586
1706195635453,1308.2537841796875,779.6169662475586
1706195635464,1310.7801055908203,770.1141357421875
1706195635474,1304.332046508789,764.998025894165
1706195635486,1293.4552001953125,777.4826145172119
1706195635520,1301.0041046142578,779.2574644088745
1706195635521,1306.6409301757812,777.4730443954468
1706195635530,1298.0522918701172,784.7919130325317
1706195635547,1292.0307922363281,793.4223175048828
1706195635552,1298.6319732666016,793.872971534729
1706195635564,1297.125015258789,785.3932857513428
1706195635574,1296.1994171142578,777.6703262329102
1706195635585,1297.534408569336,779.2454051971436
1706195635596,1302.1646118164062,780.97412109375
1706195635606,1303.7429809570312,785.2870273590088
1706195635619,1303.8496398925781,774.745774269104
1706195635630,1301.5101623535156,779.8607683181763
1706195635672,1307.2721099853516,784.1402435302734
1706195635673,1317.9985046386719,785.7002592086792
1706195635674,1311.9380950927734,783.1873512268066
1706195635690,1304.1771697998047,774.1113996505737
1706195635697,1299.1500091552734,787.250018119812
1706195635709,1306.1495971679688,791.1893892288208
1706195635719,1302.0459747314453,812.8038740158081
1706195635730,1307.9242706298828,804.9968433380127
1706195635741,1304.9568176269531,810.8065509796143
1706195635752,1307.9337310791016,794.2237615585327
1706195635763,1298.6035919189453,804.5472192764282
1706195635774,1294.8780822753906,793.6479234695435
1706195635785,1297.0304870605469,800.947437286377
1706195635817,1303.4176635742188,799.5288705825806
1706195635819,1262.6554870605469,804.5927095413208
1706195635834,1173.3373260498047,799.593071937561
1706195635841,1178.5764694213867,796.3839054107666
1706195635853,1183.6993408203125,792.0434474945068
1706195635863,1176.927604675293,793.4353637695312
1706195635873,1169.8597717285156,800.2328538894653
1706195635885,1161.278419494629,788.9092111587524
1706195635896,1162.1232604980469,801.667857170105
1706195635907,1159.9068069458008,804.7380208969116
1706195635919,1173.2798385620117,818.2155418395996
1706195635929,1167.4533081054688,810.9243965148926
1706195635949,1175.8219528198242,805.5500221252441
1706195635970,1180.4452514648438,802.929482460022
1706195635971,1184.386863708496,810.3606605529785
1706195635974,1189.857406616211,804.8071146011353
1706195635987,1176.5222549438477,806.6853904724121
1706195635995,1028.7226867675781,804.5305252075195
1706195636006,966.1941909790039,809.8217725753784
1706195636018,547.2241973876953,806.5205955505371
1706195636029,372.81856536865234,774.3699645996094
1706195636040,372.8243637084961,771.643853187561
1706195636051,378.7016487121582,774.9246454238892
1706195636063,377.5292205810547,774.0841484069824
1706195636074,378.4223747253418,780.8250331878662
1706195636119,391.65002822875977,784.7616147994995
1706195636120,371.89815521240234,765.0636863708496
1706195636137,376.7374801635742,777.5237703323364
1706195636141,368.7691116333008,781.262640953064
1706195636153,382.62853622436523,792.2419309616089
1706195636163,381.28597259521484,795.6631851196289
1706195636174,396.9912910461426,802.0339250564575
1706195636186,390.4539680480957,800.3636598587036
1706195636197,387.4138832092285,803.7819528579712
1706195636207,380.9967231750488,797.0611095428467
1706195636218,381.8695831298828,796.1670112609863
1706195636230,379.88170623779297,790.6928586959839
1706195636268,380.9528160095215,791.1731243133545
1706195636273,403.03903579711914,809.7598886489868
1706195636285,414.1500663757324,819.0245819091797
1706195636296,481.669864654541,830.7196998596191
1706195636307,467.28519439697266,832.5439023971558
1706195636317,475.08825302124023,828.9318466186523
1706195636329,504.8415946960449,844.1980791091919
1706195636340,489.20581817626953,841.6304111480713
1706195636351,479.86034393310547,839.6444606781006
1706195636363,470.7884407043457,831.9320583343506
1706195636374,490.7937240600586,838.5767269134521
1706195636415,499.6961784362793,839.5709896087646
1706195636416,502.96131134033203,841.2949848175049
1706195636417,495.2635955810547,842.5654077529907
1706195636431,503.5946464538574,843.4460306167603
1706195636440,515.1088905334473,842.5085878372192
1706195636451,509.5335006713867,849.8449230194092
1706195636463,513.8980484008789,852.7201652526855
1706195636474,506.6553497314453,869.9114513397217
1706195636484,512.6584625244141,862.1494817733765
1706195636496,797.0322036743164,920.5687665939331
1706195636506,846.3265228271484,913.2849168777466
1706195636517,869.2295074462891,913.3511781692505
1706195636528,nan,nan
1706195636569,nan,nan
1706195636570,nan,nan
1706195636572,nan,nan
1706195636587,nan,nan
1706195636594,nan,nan
1706195636606,nan,nan
1706195636614,nan,nan
1706195636626,nan,nan
1706195636637,nan,nan
1706195636648,nan,nan
1706195636659,nan,nan
1706195636670,nan,nan
1706195636681,nan,nan
1706195636718,nan,nan
1706195636719,nan,nan
1706195636734,nan,nan
1706195636741,nan,nan
1706195636753,nan,nan
1706195636763,nan,nan
1706195636775,nan,nan
1706195636786,nan,nan
1706195636797,nan,nan
1706195636808,nan,nan
1706195636820,nan,nan
1706195636830,nan,nan
1706195636868,nan,nan
1706195636869,nan,nan
1706195636875,nan,nan
1706195636886,nan,nan
1706195636897,nan,nan
1706195636908,nan,nan
1706195636919,nan,nan
1706195636929,nan,nan
1706195636941,nan,nan
1706195636952,nan,nan
1706195636963,nan,nan
1706195636974,nan,nan
1706195637016,nan,nan
1706195637017,nan,nan
1706195637018,nan,nan
1706195637032,nan,nan
1706195637040,nan,nan
1706195637052,nan,nan
1706195637062,nan,nan
1706195637074,nan,nan
1706195637086,nan,nan
1706195637095,nan,nan
1706195637107,nan,nan
1706195637119,nan,nan
1706195637151,nan,nan
1706195637152,nan,nan
1706195637153,nan,nan
1706195637169,nan,nan
1706195637175,nan,nan
1706195637187,nan,nan
1706195637201,nan,nan
1706195637217,nan,nan
1706195637229,nan,nan
1706195637240,nan,nan
1706195637251,nan,nan
1706195637263,nan,nan
1706195637302,nan,nan
1706195637303,nan,nan
1706195637307,nan,nan
1706195637322,nan,nan
1706195637330,756.3774108886719,926.4616012573242
1706195637341,756.3774108886719,926.4616012573242
1706195637352,748.4881591796875,926.7472457885742
1706195637362,680.9159851074219,929.1943645477295
1706195637373,680.9159851074219,929.1943645477295
1706195637384,nan,nan
1706195637396,780.3603363037109,945.3328514099121
1706195637406,780.3603363037109,945.3328514099121
1706195637417,780.3603363037109,945.3328514099121
1706195637451,708.4785461425781,780.6520843505859
1706195637469,708.8381958007812,752.039909362793
1706195637473,708.8381958007812,752.039909362793
1706195637485,708.8381958007812,752.039909362793
1706195637496,nan,nan
1706195637507,nan,nan
1706195637518,nan,nan
1706195637529,696.3897705078125,739.4874286651611
1706195637540,696.3897705078125,739.4874286651611
1706195637551,696.3897705078125,739.4874286651611
1706195637563,709.4640350341797,756.1405563354492
1706195637602,709.4640350341797,756.1405563354492
1706195637603,709.4640350341797,756.1405563354492
1706195637607,714.3479156494141,753.7796974182129
1706195637620,714.3479156494141,753.7796974182129
1706195637629,716.1126708984375,754.3556213378906
1706195637641,703.3152770996094,757.5868892669678
1706195637651,703.3152770996094,757.5868892669678
1706195637663,712.3834991455078,738.9506435394287
1706195637674,726.6093444824219,732.7836227416992
1706195637685,739.7731781005859,719.8790216445923
1706195637697,755.4711151123047,716.8067979812622
1706195637707,755.4711151123047,716.8067979812622
1706195637719,762.2212982177734,732.6707553863525
1706195637752,802.8634643554688,762.0139503479004
1706195637753,802.8634643554688,762.0139503479004
1706195637771,801.0828399658203,781.5866088867188
1706195637773,783.7169647216797,789.5941829681396
1706195637785,769.5265197753906,774.9472618103027
1706195637796,755.5826568603516,764.5653533935547
1706195637806,767.6778411865234,753.2788753509521
1706195637818,776.2570953369141,780.2927112579346
1706195637829,787.20947265625,788.9808368682861
1706195637839,787.20947265625,788.9808368682861
1706195637851,801.578369140625,775.843505859375
1706195637862,797.6762390136719,773.2109069824219
1706195637902,793.1493377685547,785.6587600708008
1706195637903,787.7750396728516,790.048999786377
1706195637906,nan,nan
1706195637920,nan,nan
1706195637928,nan,nan
1706195637941,nan,nan
1706195637951,nan,nan
1706195637962,nan,nan
1706195637973,nan,nan
1706195637984,nan,nan
1706195637994,nan,nan
1706195638004,nan,nan
1706195638050,nan,nan
1706195638054,nan,nan
1706195638066,nan,nan
1706195638076,nan,nan
1706195638088,nan,nan
1706195638098,nan,nan
1706195638110,nan,nan
1706195638121,nan,nan
1706195638131,nan,nan
1706195638143,nan,nan
1706195638185,nan,nan
1706195638186,nan,nan
1706195638188,nan,nan
1706195638201,nan,nan
1706195638210,nan,nan
1706195638221,nan,nan
1706195638232,nan,nan
1706195638243,nan,nan
1706195638255,nan,nan
1706195638265,nan,nan
1706195638277,nan,nan
1706195638288,nan,nan
1706195638298,nan,nan
1706195638336,nan,nan
1706195638337,nan,nan
1706195638344,nan,nan
1706195638354,nan,nan
1706195638364,nan,nan
1706195638376,nan,nan
1706195638387,nan,nan
1706195638397,nan,nan
1706195638410,nan,nan
1706195638421,nan,nan
1706195638431,nan,nan
1706195638443,nan,nan
1706195638454,nan,nan
1706195638488,nan,nan
1706195638489,nan,nan
1706195638505,nan,nan
1706195638509,nan,nan
1706195638521,nan,nan
1706195638531,nan,nan
1706195638543,nan,nan
1706195638555,nan,nan
1706195638565,nan,nan
1706195638576,nan,nan
1706195638588,nan,nan
1706195638598,nan,nan
1706195638635,nan,nan
1706195638636,nan,nan
1706195638643,nan,nan
1706195638654,nan,nan
1706195638665,nan,nan
1706195638677,nan,nan
1706195638688,nan,nan
1706195638698,nan,nan
1706195638710,nan,nan
1706195638721,nan,nan
1706195638730,nan,nan
1706195638769,nan,nan
1706195638770,nan,nan
1706195638776,nan,nan
1706195638787,nan,nan
1706195638800,nan,nan
1706195638809,nan,nan
1706195638821,nan,nan
1706195638831,nan,nan
1706195638843,nan,nan
1706195638854,nan,nan
1706195638864,nan,nan
1706195638876,nan,nan
1706195638917,nan,nan
1706195638918,nan,nan
1706195638921,nan,nan
1706195638932,nan,nan
1706195638943,nan,nan
1706195638955,nan,nan
1706195638964,nan,nan
1706195638976,nan,nan
1706195638988,nan,nan
1706195638997,nan,nan
1706195639010,nan,nan
1706195639050,nan,nan
1706195639051,nan,nan
1706195639055,nan,nan
1706195639067,nan,nan
1706195639077,nan,nan
1706195639088,nan,nan
1706195639098,nan,nan
1706195639109,nan,nan
1706195639121,nan,nan
1706195639131,nan,nan
1706195639142,nan,nan
1706195639154,nan,nan
1706195639164,nan,nan
1706195639204,nan,nan
1706195639205,nan,nan
1706195639209,nan,nan
1706195639222,nan,nan
1706195639231,nan,nan
1706195639242,nan,nan
1706195639254,nan,nan
1706195639264,nan,nan
1706195639276,nan,nan
1706195639287,nan,nan
1706195639298,nan,nan
1706195639309,nan,nan
1706195639331,nan,nan
1706195639352,nan,nan
1706195639354,nan,nan
1706195639369,nan,nan
1706195639376,nan,nan
1706195639387,nan,nan
1706195639398,nan,nan
1706195639410,nan,nan
1706195639421,nan,nan
1706195639431,nan,nan
1706195639443,nan,nan
1706195639484,nan,nan
1706195639487,nan,nan
1706195639500,nan,nan
1706195639509,nan,nan
1706195639520,nan,nan
1706195639530,nan,nan
1706195639542,nan,nan
1706195639554,nan,nan
1706195639563,nan,nan
1706195639576,nan,nan
1706195639587,nan,nan
1706195639597,nan,nan
1706195639636,nan,nan
1706195639637,nan,nan
1706195639642,nan,nan
1706195639654,nan,nan
1706195639664,nan,nan
1706195639676,nan,nan
1706195639688,nan,nan
1706195639697,nan,nan
1706195639709,nan,nan
1706195639721,nan,nan
1706195639731,nan,nan
1706195639769,nan,nan
1706195639770,nan,nan
1706195639775,nan,nan
1706195639788,nan,nan
1706195639799,nan,nan
1706195639809,nan,nan
1706195639821,nan,nan
1706195639831,nan,nan
1706195639842,nan,nan
1706195639853,nan,nan
1706195639863,nan,nan
1706195639876,nan,nan
1706195639918,nan,nan
1706195639935,nan,nan
1706195639942,nan,nan
1706195639953,nan,nan
1706195639965,nan,nan
1706195639976,nan,nan
1706195639987,nan,nan
1706195639999,nan,nan
1706195640009,nan,nan
1706195640021,nan,nan
1706195640032,nan,nan
1706195640071,nan,nan
1706195640072,1066.80908203125,841.6571044921875
1706195640076,1066.80908203125,841.6571044921875
1706195640089,1008.9283752441406,805.3857421875
1706195640098,1008.9283752441406,805.3857421875
1706195640110,1008.9283752441406,805.3857421875
1706195640121,nan,nan
1706195640132,1103.6298370361328,794.2043209075928
1706195640143,1103.6298370361328,794.2043209075928
1706195640154,1103.6298370361328,794.2043209075928
1706195640165,nan,nan
1706195640176,nan,nan
1706195640188,nan,nan
1706195640223,1224.888038635254,787.3601818084717
1706195640224,1225.9650039672852,788.5993194580078
1706195640240,1209.6829223632812,844.9928283691406
1706195640244,1212.2462844848633,840.4133319854736
1706195640255,1235.1851272583008,748.3205652236938
1706195640266,1235.704574584961,731.8404293060303
1706195640277,1231.214828491211,732.9387617111206
1706195640289,1201.3431549072266,781.624116897583
1706195640300,1198.938331604004,773.602294921875
1706195640311,1199.8724365234375,770.5655193328857
1706195640322,1215.4751586914062,797.502965927124
1706195640333,1169.4242858886719,773.0524635314941
1706195640370,1200.3313827514648,713.1553030014038
1706195640377,1194.5321655273438,785.5223751068115
1706195640388,1216.308250427246,766.8391370773315
1706195640400,1222.9738998413086,821.8953609466553
1706195640409,1221.1025619506836,821.7125415802002
1706195640422,1228.6715698242188,796.6041469573975
1706195640432,1223.046989440918,764.6027326583862
1706195640443,1223.046989440918,764.6027326583862
1706195640455,1295.015869140625,778.2300281524658
1706195640466,1286.3467407226562,817.2864246368408
1706195640477,1250.743179321289,771.5234327316284
1706195640499,1222.2269439697266,776.4053535461426
1706195640519,1107.3937606811523,776.1964845657349
1706195640520,999.6479034423828,826.6325283050537
1706195640522,461.3810157775879,817.6915454864502
1706195640536,411.7469024658203,803.3389806747437
1706195640543,393.85498046875,800.2648687362671
1706195640556,382.89255142211914,809.900221824646
1706195640566,385.8384895324707,800.6942796707153
1706195640577,389.1250228881836,806.1252593994141
1706195640589,393.27117919921875,810.3080463409424
1706195640600,376.0984230041504,811.5383005142212
1706195640611,380.32886505126953,801.7984056472778
1706195640654,381.0339546203613,801.44615650177
1706195640655,387.5675392150879,807.4319887161255
1706195640656,390.3895378112793,805.0555515289307
1706195640670,384.53853607177734,811.532678604126
1706195640677,375.57695388793945,813.4857988357544
1706195640689,379.4686508178711,812.1556377410889
1706195640700,385.68933486938477,800.910530090332
1706195640711,386.83366775512695,801.6540384292603
1706195640723,381.94345474243164,807.9475736618042
1706195640732,389.7580909729004,807.3490333557129
1706195640743,401.8472480773926,815.4876708984375
1706195640754,406.5542411804199,810.159387588501
1706195640765,591.2730407714844,885.7515048980713
1706195640808,nan,nan
1706195640809,nan,nan
1706195640824,nan,nan
1706195640832,nan,nan
1706195640843,nan,nan
1706195640854,nan,nan
1706195640865,nan,nan
1706195640875,nan,nan
1706195640886,nan,nan
1706195640897,nan,nan
1706195640908,nan,nan
1706195640919,nan,nan
1706195640953,nan,nan
1706195640969,nan,nan
1706195640978,nan,nan
1706195640989,nan,nan
1706195640998,nan,nan
1706195641011,nan,nan
1706195641022,nan,nan
1706195641032,nan,nan
1706195641044,nan,nan
1706195641056,nan,nan
1706195641073,nan,nan
1706195641113,nan,nan
1706195641114,nan,nan
1706195641120,nan,nan
1706195641131,nan,nan
1706195641144,nan,nan
1706195641154,nan,nan
1706195641164,nan,nan
1706195641181,nan,nan
1706195641201,nan,nan
1706195641214,nan,nan
1706195641258,nan,nan
1706195641259,nan,nan
1706195641274,nan,nan
1706195641280,nan,nan
1706195641291,nan,nan
1706195641300,nan,nan
1706195641314,nan,nan
1706195641325,nan,nan
1706195641334,nan,nan
1706195641346,nan,nan
1706195641358,nan,nan
1706195641367,nan,nan
1706195641404,nan,nan
1706195641405,nan,nan
1706195641420,nan,nan
1706195641424,nan,nan
1706195641434,nan,nan
1706195641447,nan,nan
1706195641458,nan,nan
1706195641468,nan,nan
1706195641479,nan,nan
1706195641491,nan,nan
1706195641501,nan,nan
1706195641512,nan,nan
1706195641533,nan,nan
1706195641553,nan,nan
1706195641554,nan,nan
1706195641557,nan,nan
1706195641569,nan,nan
1706195641578,nan,nan
1706195641589,nan,nan
1706195641600,nan,nan
1706195641612,nan,nan
1706195641623,nan,nan
1706195641634,nan,nan
1706195641645,nan,nan
1706195641684,nan,nan
1706195641686,nan,nan
1706195641690,nan,nan
1706195641702,nan,nan
1706195641712,nan,nan
1706195641723,nan,nan
1706195641734,nan,nan
1706195641745,nan,nan
1706195641757,nan,nan
1706195641767,nan,nan
1706195641779,nan,nan
1706195641790,nan,nan
1706195641800,nan,nan
1706195641837,nan,nan
1706195641838,nan,nan
1706195641846,nan,nan
1706195641857,nan,nan
1706195641867,nan,nan
1706195641878,nan,nan
1706195641889,nan,nan
1706195641899,nan,nan
1706195641912,nan,nan
1706195641923,nan,nan
1706195641933,nan,nan
1706195641945,nan,nan
1706195641967,nan,nan
1706195641986,nan,nan
1706195641987,nan,nan
1706195641989,nan,nan
1706195642004,nan,nan
1706195642012,nan,nan
1706195642023,nan,nan
1706195642033,nan,nan
1706195642045,nan,nan
1706195642056,nan,nan
1706195642067,nan,nan
1706195642078,nan,nan
1706195642120,nan,nan
1706195642121,nan,nan
1706195642123,nan,nan
1706195642136,nan,nan
1706195642145,nan,nan
1706195642156,nan,nan
1706195642167,nan,nan
1706195642178,nan,nan
1706195642190,nan,nan
1706195642200,nan,nan
1706195642212,nan,nan
1706195642224,nan,nan
1706195642234,nan,nan
1706195642269,nan,nan
1706195642270,nan,nan
1706195642285,nan,nan
1706195642289,nan,nan
1706195642300,nan,nan
1706195642312,nan,nan
1706195642323,nan,nan
1706195642333,nan,nan
1706195642345,nan,nan
1706195642356,nan,nan
1706195642367,nan,nan
1706195642406,nan,nan
1706195642407,nan,nan
1706195642412,nan,nan
1706195642423,nan,nan
1706195642433,nan,nan
1706195642445,nan,nan
1706195642456,nan,nan
1706195642466,nan,nan
1706195642479,nan,nan
1706195642490,nan,nan
1706195642500,nan,nan
1706195642539,nan,nan
1706195642545,nan,nan
1706195642556,nan,nan
1706195642569,nan,nan
1706195642578,nan,nan
1706195642589,nan,nan
1706195642601,nan,nan
1706195642611,nan,nan
1706195642622,nan,nan
1706195642633,nan,nan
1706195642644,nan,nan
1706195642662,nan,nan
1706195642687,nan,nan
1706195642688,nan,nan
1706195642703,nan,nan
1706195642717,nan,nan
1706195642737,nan,nan
1706195642749,nan,nan
1706195642760,nan,nan
1706195642770,nan,nan
1706195642782,nan,nan
1706195642793,nan,nan
1706195642804,nan,nan
1706195642837,nan,nan
1706195642838,nan,nan
1706195642853,nan,nan
1706195642860,nan,nan
1706195642872,nan,nan
1706195642882,nan,nan
1706195642893,nan,nan
1706195642904,nan,nan
1706195642916,nan,nan
1706195642927,nan,nan
1706195642937,nan,nan
1706195642971,nan,nan
1706195642972,nan,nan
1706195642986,nan,nan
1706195642994,nan,nan
1706195643002,nan,nan
1706195643015,nan,nan
1706195643026,nan,nan
1706195643036,nan,nan
1706195643049,nan,nan
1706195643060,nan,nan
1706195643069,nan,nan
1706195643082,nan,nan
1706195643119,nan,nan
1706195643120,nan,nan
1706195643121,nan,nan
1706195643127,nan,nan
1706195643136,nan,nan
1706195643150,nan,nan
1706195643160,nan,nan
1706195643170,nan,nan
1706195643181,nan,nan
1706195643193,nan,nan
1706195643203,nan,nan
1706195643214,nan,nan
1706195643255,nan,nan
1706195643256,nan,nan
1706195643260,nan,nan
1706195643271,nan,nan
1706195643282,nan,nan
1706195643293,nan,nan
1706195643304,nan,nan
1706195643315,nan,nan
1706195643326,nan,nan
1706195643336,nan,nan
1706195643349,nan,nan
1706195643387,nan,nan
1706195643392,nan,nan
1706195643403,nan,nan
1706195643417,nan,nan
1706195643433,nan,nan
1706195643447,nan,nan
1706195643458,nan,nan
1706195643469,nan,nan
1706195643481,nan,nan
1706195643521,nan,nan
1706195643524,nan,nan
1706195643541,nan,nan
1706195643563,nan,nan
1706195643579,nan,nan
1706195643595,nan,nan
1706195643606,nan,nan
1706195643618,nan,nan
1706195643660,nan,nan
1706195643661,1097.4786758422852,797.8337144851685
1706195643662,1101.8117141723633,799.6283054351807
1706195643676,1111.2467956542969,825.2037906646729
1706195643686,1484.3644332885742,659.0343117713928
1706195643696,1484.3644332885742,659.0343117713928
1706195643708,1109.2632293701172,801.604642868042
1706195643719,1104.1532516479492,791.2789535522461
1706195643730,1102.4126815795898,790.2807855606079
1706195643740,1094.9433517456055,758.0232095718384
1706195643751,1062.589340209961,756.0317230224609
1706195643762,nan,nan
1706195643773,1077.6844024658203,810.3782558441162
1706195643806,1077.6844024658203,810.3782558441162
1706195643807,979.0032958984375,782.1209907531738
1706195643823,979.0032958984375,782.1209907531738
1706195643828,nan,nan
1706195643841,1221.8756866455078,795.3748798370361
1706195643851,1310.230598449707,853.6831855773926
1706195643863,1268.025779724121,821.3868141174316
1706195643874,1327.4431610107422,827.8874588012695
1706195643884,1288.791275024414,800.1825571060181
1706195643896,1302.5840377807617,836.8543195724487
1706195643907,1349.885025024414,837.7691459655762
1706195643918,1351.8257904052734,839.6387529373169
1706195643957,1338.6959838867188,842.838306427002
1706195643958,1333.1305694580078,828.8185501098633
1706195643963,1354.0602111816406,819.7886037826538
1706195643975,1352.5572204589844,815.1375675201416
1706195643985,1339.3834686279297,818.609676361084
1706195643997,1338.5497283935547,824.7447681427002
1706195644008,1338.1529235839844,832.2101926803589
1706195644018,1339.969253540039,832.5908946990967
1706195644030,1351.6043090820312,823.4383392333984
1706195644041,1395.009994506836,806.8638753890991
1706195644052,1395.9375762939453,812.4028730392456
1706195644064,1395.4991149902344,813.5831308364868
1706195644085,1402.0820617675781,820.2916574478149
1706195644107,1408.2028198242188,814.3740177154541
1706195644108,1403.9124298095703,810.0757884979248
1706195644124,1398.2831573486328,810.4966163635254
1706195644129,1394.3327331542969,798.417534828186
1706195644141,1401.1180114746094,817.032151222229
1706195644152,1412.7435302734375,814.7000885009766
1706195644163,1457.7305603027344,819.4960069656372
1706195644174,1813.9544677734375,803.5990047454834
1706195644186,1868.9016723632812,804.3907499313354
1706195644196,1908.1023406982422,805.8665657043457
1706195644207,1943.0500793457031,788.6327075958252
1706195644218,1948.4520721435547,794.3365859985352
1706195644256,1954.2703247070312,795.0925827026367
1706195644263,1932.7732849121094,813.263840675354
1706195644274,1936.3616180419922,815.4313659667969
1706195644286,1948.9640045166016,824.2772054672241
1706195644296,1951.2696838378906,812.071738243103
1706195644307,1949.063720703125,816.4558410644531
1706195644319,1940.937728881836,807.6197862625122
1706195644329,1949.6712493896484,805.935959815979
1706195644341,1955.8024597167969,802.2941207885742
1706195644352,1957.6356506347656,804.1606378555298
1706195644363,1954.361572265625,798.5087299346924
1706195644374,1952.0003509521484,800.046215057373
1706195644406,1955.5267333984375,795.2360486984253
1706195644407,1955.9929656982422,802.7584648132324
1706195644423,1944.692153930664,815.8449840545654
1706195644430,1946.4828491210938,805.3681468963623
1706195644442,1952.9279327392578,800.5643320083618
1706195644452,1953.1074523925781,802.1297121047974
1706195644463,1940.9121704101562,801.7652320861816
1706195644474,1919.2385864257812,834.4432926177979
1706195644484,1919.0716552734375,829.3650341033936
1706195644494,1971.4537048339844,836.2346649169922
1706195644505,nan,nan
1706195644516,nan,nan
1706195644558,nan,nan
1706195644559,nan,nan
1706195644560,nan,nan
1706195644575,nan,nan
1706195644582,nan,nan
1706195644593,nan,nan
1706195644603,nan,nan
1706195644614,nan,nan
1706195644631,nan,nan
1706195644652,nan,nan
1706195644663,nan,nan
1706195644672,nan,nan
1706195644711,nan,nan
1706195644712,nan,nan
1706195644718,nan,nan
1706195644729,nan,nan
1706195644741,nan,nan
1706195644752,nan,nan
1706195644763,nan,nan
1706195644773,nan,nan
1706195644785,nan,nan
1706195644796,nan,nan
1706195644806,nan,nan
1706195644818,nan,nan
1706195644862,nan,nan
1706195644863,nan,nan
1706195644877,nan,nan
1706195644885,nan,nan
1706195644895,nan,nan
1706195644905,nan,nan
1706195644917,nan,nan
1706195644929,nan,nan
1706195644939,nan,nan
1706195644951,nan,nan
1706195644962,nan,nan
1706195644972,nan,nan
1706195645007,nan,nan
1706195645018,nan,nan
1706195645029,nan,nan
1706195645041,nan,nan
1706195645051,nan,nan
1706195645062,nan,nan
1706195645072,nan,nan
1706195645084,nan,nan
1706195645095,nan,nan
1706195645106,nan,nan
1706195645118,nan,nan
1706195645138,nan,nan
1706195645158,nan,nan
1706195645162,nan,nan
1706195645177,nan,nan
1706195645184,nan,nan
1706195645196,nan,nan
1706195645206,nan,nan
1706195645218,nan,nan
1706195645229,nan,nan
1706195645238,nan,nan
1706195645250,nan,nan
1706195645289,nan,nan
1706195645290,nan,nan
1706195645295,nan,nan
1706195645305,nan,nan
1706195645319,nan,nan
1706195645328,nan,nan
1706195645338,nan,nan
1706195645351,nan,nan
1706195645362,nan,nan
1706195645372,nan,nan
1706195645385,nan,nan
1706195645396,nan,nan
1706195645406,nan,nan
1706195645439,nan,nan
1706195645455,nan,nan
1706195645463,nan,nan
1706195645473,nan,nan
1706195645486,nan,nan
1706195645497,nan,nan
1706195645506,nan,nan
1706195645527,nan,nan
1706195645541,nan,nan
1706195645574,nan,nan
1706195645575,1449.110107421875,986.2213897705078
1706195645590,1449.110107421875,986.2213897705078
1706195645597,1449.110107421875,986.2213897705078
1706195645609,nan,nan
1706195645619,nan,nan
1706195645629,nan,nan
1706195645641,nan,nan
1706195645652,nan,nan
1706195645663,nan,nan
1706195645674,nan,nan
1706195645686,nan,nan
1706195645723,nan,nan
1706195645730,nan,nan
1706195645741,1329.8419189453125,950.5448341369629
1706195645754,1329.8419189453125,950.5448341369629
1706195645763,1329.8419189453125,950.5448341369629
1706195645774,nan,nan
1706195645786,1443.2588195800781,1013.5555458068848
1706195645796,1443.2588195800781,1013.5555458068848
1706195645808,1307.7409362792969,951.3391971588135
1706195645819,1287.17529296875,941.8974781036377
1706195645857,1287.17529296875,941.8974781036377
1706195645858,nan,nan
1706195645863,1382.1794128417969,972.8836441040039
1706195645875,1316.1056518554688,920.7098293304443
1706195645887,1320.76171875,918.5641479492188
1706195645897,1320.76171875,918.5641479492188
1706195645908,1323.4878540039062,915.2035331726074
1706195645920,1306.1750793457031,916.2375354766846
1706195645930,1306.1750793457031,916.2375354766846
1706195645942,1320.9762573242188,942.1900749206543
1706195645954,1332.615966796875,938.1017017364502
1706195645964,1332.615966796875,938.1017017364502
1706195645982,1374.1976928710938,934.5860767364502
1706195646005,nan,nan
1706195646006,nan,nan
1706195646021,nan,nan
1706195646029,nan,nan
1706195646040,nan,nan
1706195646052,nan,nan
1706195646061,nan,nan
1706195646072,nan,nan
1706195646084,nan,nan
1706195646095,nan,nan
1706195646104,nan,nan
1706195646142,nan,nan
1706195646143,nan,nan
1706195646157,nan,nan
1706195646165,nan,nan
1706195646175,nan,nan
1706195646188,nan,nan
1706195646199,nan,nan
1706195646209,nan,nan
1706195646221,nan,nan
1706195646232,nan,nan
1706195646242,nan,nan
1706195646255,nan,nan
1706195646290,nan,nan
1706195646291,nan,nan
1706195646307,nan,nan
1706195646309,nan,nan
1706195646323,nan,nan
1706195646332,nan,nan
1706195646343,nan,nan
1706195646355,nan,nan
1706195646365,nan,nan
1706195646375,nan,nan
1706195646388,nan,nan
1706195646425,nan,nan
1706195646426,nan,nan
1706195646432,nan,nan
1706195646442,nan,nan
1706195646456,nan,nan
1706195646465,nan,nan
1706195646475,nan,nan
1706195646488,nan,nan
1706195646499,nan,nan
1706195646509,nan,nan
1706195646521,nan,nan
1706195646532,nan,nan
1706195646542,nan,nan
1706195646575,nan,nan
1706195646590,nan,nan
1706195646599,nan,nan
1706195646610,nan,nan
1706195646621,nan,nan
1706195646632,nan,nan
1706195646642,nan,nan
1706195646654,nan,nan
1706195646665,nan,nan
1706195646676,nan,nan
1706195646688,nan,nan
1706195646725,nan,nan
1706195646726,nan,nan
1706195646732,nan,nan
1706195646742,nan,nan
1706195646755,nan,nan
1706195646764,nan,nan
1706195646775,nan,nan
1706195646787,nan,nan
1706195646798,nan,nan
1706195646808,nan,nan
1706195646821,nan,nan
1706195646832,nan,nan
1706195646873,nan,nan
1706195646874,nan,nan
1706195646876,nan,nan
1706195646889,nan,nan
1706195646901,nan,nan
1706195646909,nan,nan
1706195646922,nan,nan
1706195646933,nan,nan
1706195646943,nan,nan
1706195646956,nan,nan
1706195646967,nan,nan
1706195646983,nan,nan
1706195647008,nan,nan
1706195647010,nan,nan
1706195647025,nan,nan
1706195647033,nan,nan
1706195647042,nan,nan
1706195647055,nan,nan
1706195647066,nan,nan
1706195647075,nan,nan
1706195647088,nan,nan
1706195647099,nan,nan
1706195647109,nan,nan
1706195647141,nan,nan
1706195647142,nan,nan
1706195647158,nan,nan
1706195647165,nan,nan
1706195647176,nan,nan
1706195647187,nan,nan
1706195647199,nan,nan
1706195647208,nan,nan
1706195647220,nan,nan
1706195647232,nan,nan
1706195647251,nan,nan
1706195647277,nan,nan
1706195647278,nan,nan
1706195647294,nan,nan
1706195647300,nan,nan
1706195647310,nan,nan
1706195647321,nan,nan
1706195647333,nan,nan
1706195647342,nan,nan
1706195647354,nan,nan
1706195647366,nan,nan
1706195647375,nan,nan
1706195647388,nan,nan
1706195647426,nan,nan
1706195647427,nan,nan
1706195647433,nan,nan
1706195647443,nan,nan
1706195647456,nan,nan
1706195647466,nan,nan
1706195647476,nan,nan
1706195647489,nan,nan
1706195647499,nan,nan
1706195647509,nan,nan
1706195647521,nan,nan
1706195647558,nan,nan
1706195647565,nan,nan
1706195647576,nan,nan
1706195647589,nan,nan
1706195647598,nan,nan
1706195647609,nan,nan
1706195647621,nan,nan
1706195647632,nan,nan
1706195647641,nan,nan
1706195647654,nan,nan
1706195647665,nan,nan
1706195647675,nan,nan
1706195647710,nan,nan
1706195647711,nan,nan
1706195647729,nan,nan
1706195647732,nan,nan
1706195647742,nan,nan
1706195647754,nan,nan
1706195647765,nan,nan
1706195647775,nan,nan
1706195647788,nan,nan
1706195647798,nan,nan
1706195647808,nan,nan
1706195647821,nan,nan
1706195647861,nan,nan
1706195647862,nan,nan
1706195647866,nan,nan
1706195647877,nan,nan
1706195647887,nan,nan
1706195647898,nan,nan
1706195647908,nan,nan
1706195647920,nan,nan
1706195647931,nan,nan
1706195647942,nan,nan
1706195647954,nan,nan
1706195647965,nan,nan
1706195647975,nan,nan
1706195648009,nan,nan
1706195648026,nan,nan
1706195648032,nan,nan
1706195648043,nan,nan
1706195648054,nan,nan
1706195648066,nan,nan
1706195648075,nan,nan
1706195648088,nan,nan
1706195648100,nan,nan
1706195648109,nan,nan
1706195648122,nan,nan
1706195648161,nan,nan
1706195648162,nan,nan
1706195648168,nan,nan
1706195648180,nan,nan
1706195648189,nan,nan
1706195648201,nan,nan
1706195648208,nan,nan
1706195648223,nan,nan
1706195648234,nan,nan
1706195648242,nan,nan
1706195648254,nan,nan
1706195648267,nan,nan
1706195648274,nan,nan
1706195648310,nan,nan
1706195648311,nan,nan
1706195648326,nan,nan
1706195648333,nan,nan
1706195648342,nan,nan
1706195648355,nan,nan
1706195648366,nan,nan
1706195648375,nan,nan
1706195648389,nan,nan
1706195648400,nan,nan
1706195648408,nan,nan
1706195648422,nan,nan
1706195648461,nan,nan
1706195648462,nan,nan
1706195648465,nan,nan
1706195648477,nan,nan
1706195648488,nan,nan
1706195648498,nan,nan
1706195648510,nan,nan
1706195648521,nan,nan
1706195648532,nan,nan
1706195648543,1380.0082397460938,783.1025505065918
1706195648555,1380.0082397460938,783.1025505065918
1706195648565,1380.0082397460938,783.1025505065918
1706195648577,nan,nan
1706195648612,nan,nan
1706195648628,nan,nan
1706195648632,1361.0987854003906,734.4669342041016
1706195648643,1361.0987854003906,734.4669342041016
1706195648654,1361.0987854003906,734.4669342041016
1706195648664,nan,nan
1706195648677,nan,nan
1706195648688,nan,nan
1706195648700,1362.4951171875,918.294038772583
1706195648741,1398.2002258300781,822.5804615020752
1706195648742,1398.2002258300781,822.5804615020752
1706195648744,1387.0204162597656,872.7143383026123
1706195648757,1387.0204162597656,872.7143383026123
1706195648767,1373.7801361083984,875.4625082015991
1706195648779,1380.2873229980469,867.0715284347534
1706195648790,1379.0333557128906,864.3399238586426
1706195648800,1389.517593383789,844.20494556427
1706195648811,1340.1751327514648,769.3200087547302
1706195648822,1331.0975646972656,492.45378971099854
1706195648833,1478.5681915283203,910.2074575424194
1706195648844,1478.5681915283203,910.2074575424194
1706195648855,1478.5681915283203,910.2074575424194
1706195648893,1438.7382507324219,958.2980060577393
1706195648900,1822.3336791992188,851.0581398010254
1706195648911,1862.7141571044922,836.1282777786255
1706195648925,1857.039794921875,835.7847833633423
1706195648934,1855.390625,836.803035736084
1706195648945,1863.5588073730469,840.4733276367188
1706195648957,1863.4065246582031,842.1062564849854
1706195648967,1868.4608459472656,840.6403541564941
1706195648978,1824.9251556396484,835.8120346069336
1706195648990,1808.4729766845703,820.3167200088501
1706195649029,1832.062759399414,812.5019216537476
1706195649030,1879.6788024902344,824.6789360046387
1706195649034,1890.6855010986328,827.049150466919
1706195649048,1876.1720275878906,816.5872478485107
1706195649056,1875.6319427490234,821.4040231704712
1706195649067,1873.9353942871094,818.3526992797852
1706195649078,1885.1593017578125,835.111870765686
1706195649090,1876.0782623291016,835.4045534133911
1706195649100,1873.358154296875,834.5224714279175
1706195649112,1862.6546478271484,824.7152423858643
1706195649123,1871.7950439453125,822.2392416000366
1706195649133,1871.981430053711,821.9761276245117
1706195649145,1871.7799377441406,813.1888246536255
1706195649177,1874.5999908447266,806.8644762039185
1706195649178,1889.1786193847656,814.1518449783325
1706195649194,1880.2745056152344,820.0693130493164
1706195649200,1877.8739929199219,813.1621742248535
1706195649213,1875.0341033935547,823.5529232025146
1706195649223,1868.7537384033203,825.1428079605103
1706195649234,1874.8748779296875,833.574686050415
1706195649245,1882.616958618164,842.949800491333
1706195649256,1881.1203002929688,836.2350940704346
1706195649266,1884.5320892333984,828.6809635162354
1706195649278,1758.7427520751953,819.8373985290527
1706195649289,1726.7764282226562,824.0966606140137
1706195649308,1715.0780487060547,825.078649520874
1706195649328,1435.5113220214844,768.9486837387085
1706195649329,1442.2433471679688,777.843017578125
1706195649333,1442.2433471679688,777.843017578125
1706195649349,1432.736587524414,793.4606409072876
1706195649356,1426.498794555664,776.0836172103882
1706195649367,1423.38623046875,781.0024881362915
1706195649378,1424.465560913086,770.1865983009338
1706195649390,1417.3617553710938,772.5330805778503
1706195649400,1420.2745819091797,767.778639793396
1706195649412,1433.4016418457031,776.664776802063
1706195649423,1448.1824493408203,782.4853849411011
1706195649434,1443.3322143554688,780.2542591094971
1706195649444,1431.4122009277344,772.9165935516357
1706195649481,1428.0253601074219,776.9611072540283
1706195649482,1429.4709777832031,783.4284067153931
1706195649489,1430.669174194336,772.0119166374207
1706195649499,1428.5469055175781,773.2945919036865
1706195649513,1439.2459869384766,785.0076270103455
1706195649523,1430.7823181152344,797.9336214065552
1706195649534,1414.0130615234375,789.7031021118164
1706195649545,1411.9207763671875,781.082181930542
1706195649556,1420.357437133789,771.1922979354858
1706195649567,1442.7167510986328,774.2619252204895
1706195649578,1438.1806945800781,779.5605111122131
1706195649590,1440.2505493164062,782.0809721946716
1706195649627,1438.486099243164,780.3000712394714
1706195649628,1438.3358001708984,753.6547064781189
1706195649633,1424.6098327636719,764.3314003944397
1706195649644,1430.315170288086,777.9663562774658
1706195649655,1418.4068298339844,775.142183303833
1706195649666,1437.6891326904297,766.5095472335815
1706195649678,1435.5052185058594,766.4478135108948
1706195649688,1436.9255065917969,771.3489818572998
1706195649699,1433.8928985595703,778.7370944023132
1706195649711,1629.3301391601562,809.8637437820435
1706195649722,1671.2680053710938,809.2412996292114
1706195649733,1757.9739379882812,812.692551612854
1706195649777,2099.7374725341797,849.6151971817017
1706195649778,2109.8324584960938,832.1519565582275
1706195649794,2122.8929138183594,839.0472936630249
1706195649800,2116.6026306152344,852.4934434890747
1706195649812,2106.5968322753906,858.6279344558716
1706195649822,2098.3922576904297,866.2715435028076
1706195649833,2117.318115234375,854.474287033081
1706195649844,2122.7621459960938,847.0149564743042
1706195649856,2124.5140838623047,840.062370300293
1706195649866,2130.147018432617,845.4815483093262
1706195649877,2126.2339782714844,864.9057626724243
1706195649889,2129.2138671875,865.5440855026245
1706195649927,2127.244873046875,876.4644956588745
1706195649933,2126.771774291992,849.3754720687866
1706195649944,2103.218002319336,852.9246997833252
1706195649958,2099.3343353271484,849.0335655212402
1706195649965,2098.8372802734375,851.6641044616699
1706195649976,nan,nan
1706195649987,nan,nan
1706195649998,nan,nan
1706195650009,nan,nan
1706195650020,nan,nan
1706195650031,nan,nan
1706195650042,nan,nan
1706195650076,nan,nan
1706195650077,nan,nan
1706195650093,nan,nan
1706195650111,nan,nan
1706195650123,nan,nan
1706195650135,nan,nan
1706195650144,nan,nan
1706195650156,nan,nan
1706195650167,nan,nan
1706195650178,nan,nan
1706195650217,nan,nan
1706195650218,nan,nan
1706195650222,nan,nan
1706195650233,nan,nan
1706195650244,nan,nan
1706195650256,nan,nan
1706195650266,nan,nan
1706195650277,nan,nan
1706195650289,nan,nan
1706195650300,nan,nan
1706195650310,nan,nan
1706195650322,nan,nan
1706195650363,nan,nan
1706195650364,nan,nan
1706195650366,nan,nan
1706195650382,nan,nan
1706195650388,nan,nan
1706195650400,nan,nan
1706195650410,nan,nan
1706195650422,nan,nan
1706195650433,nan,nan
1706195650443,nan,nan
1706195650455,nan,nan
1706195650466,nan,nan
1706195650477,nan,nan
1706195650514,nan,nan
1706195650522,nan,nan
1706195650533,nan,nan
1706195650545,nan,nan
1706195650556,nan,nan
1706195650566,nan,nan
1706195650576,nan,nan
1706195650588,nan,nan
1706195650599,nan,nan
1706195650609,nan,nan
1706195650643,nan,nan
1706195650644,nan,nan
1706195650659,nan,nan
1706195650666,nan,nan
1706195650678,nan,nan
1706195650688,nan,nan
1706195650699,nan,nan
1706195650709,nan,nan
1706195650721,nan,nan
1706195650733,nan,nan
1706195650743,nan,nan
1706195650755,nan,nan
1706195650792,nan,nan
1706195650793,nan,nan
1706195650799,nan,nan
1706195650810,nan,nan
1706195650824,nan,nan
1706195650833,nan,nan
1706195650843,nan,nan
1706195650855,nan,nan
1706195650866,nan,nan
1706195650876,nan,nan
1706195650889,nan,nan
1706195650930,nan,nan
1706195650931,nan,nan
1706195650933,nan,nan
1706195650945,nan,nan
1706195650954,nan,nan
1706195650965,nan,nan
1706195650976,nan,nan
1706195650988,nan,nan
1706195650999,nan,nan
1706195651009,nan,nan
1706195651021,nan,nan
1706195651032,nan,nan
1706195651043,nan,nan
1706195651078,nan,nan
1706195651079,nan,nan
1706195651096,nan,nan
1706195651099,nan,nan
1706195651110,nan,nan
1706195651122,nan,nan
1706195651133,nan,nan
1706195651143,nan,nan
1706195651155,nan,nan
1706195651166,nan,nan
1706195651176,nan,nan
1706195651189,nan,nan
1706195651199,nan,nan
1706195651230,nan,nan
1706195651233,nan,nan
1706195651248,nan,nan
1706195651256,nan,nan
1706195651267,nan,nan
1706195651276,nan,nan
1706195651289,nan,nan
1706195651300,nan,nan
1706195651310,nan,nan
1706195651321,nan,nan
1706195651364,nan,nan
1706195651365,nan,nan
1706195651366,nan,nan
1706195651381,nan,nan
1706195651388,nan,nan
1706195651401,nan,nan
1706195651409,nan,nan
1706195651422,nan,nan
1706195651432,nan,nan
1706195651442,nan,nan
1706195651455,nan,nan
1706195651467,nan,nan
1706195651477,nan,nan
1706195651515,nan,nan
1706195651524,nan,nan
1706195651534,nan,nan
1706195651544,nan,nan
1706195651558,nan,nan
1706195651568,nan,nan
1706195651577,nan,nan
1706195651591,nan,nan
1706195651602,nan,nan
1706195651610,nan,nan
1706195651623,nan,nan
1706195651663,nan,nan
1706195651668,nan,nan
1706195651679,nan,nan
1706195651688,nan,nan
1706195651700,nan,nan
1706195651709,nan,nan
1706195651721,nan,nan
1706195651733,nan,nan
1706195651743,nan,nan
1706195651755,nan,nan
1706195651766,nan,nan
1706195651776,nan,nan
1706195651813,nan,nan
1706195651814,nan,nan
1706195651822,nan,nan
1706195651834,nan,nan
1706195651843,nan,nan
1706195651856,nan,nan
1706195651866,nan,nan
1706195651876,nan,nan
1706195651888,nan,nan
1706195651899,nan,nan
1706195651909,nan,nan
1706195651921,nan,nan
1706195651961,nan,nan
1706195651962,nan,nan
1706195651966,nan,nan
1706195651977,nan,nan
1706195651990,nan,nan
1706195651999,nan,nan
1706195652009,nan,nan
1706195652022,nan,nan
1706195652033,nan,nan
1706195652043,nan,nan
1706195652054,nan,nan
1706195652066,nan,nan
1706195652077,nan,nan
1706195652113,nan,nan
1706195652114,nan,nan
1706195652128,nan,nan
1706195652133,nan,nan
1706195652144,nan,nan
1706195652155,nan,nan
1706195652166,nan,nan
1706195652176,nan,nan
1706195652188,nan,nan
1706195652200,nan,nan
1706195652210,nan,nan
1706195652221,nan,nan
1706195652243,nan,nan
1706195652263,nan,nan
1706195652265,nan,nan
1706195652280,nan,nan
1706195652288,nan,nan
1706195652299,nan,nan
1706195652309,nan,nan
1706195652321,nan,nan
1706195652333,nan,nan
1706195652343,nan,nan
1706195652355,nan,nan
1706195652396,nan,nan
1706195652397,nan,nan
1706195652399,nan,nan
1706195652414,nan,nan
1706195652421,nan,nan
1706195652432,nan,nan
1706195652443,nan,nan
1706195652455,nan,nan
1706195652465,nan,nan
1706195652476,nan,nan
1706195652489,nan,nan
1706195652499,nan,nan
1706195652509,nan,nan
1706195652547,nan,nan
1706195652556,nan,nan
1706195652566,nan,nan
1706195652576,nan,nan
1706195652589,nan,nan
1706195652599,nan,nan
1706195652609,nan,nan
1706195652622,nan,nan
1706195652632,nan,nan
1706195652642,nan,nan
1706195652654,nan,nan
1706195652665,nan,nan
1706195652697,nan,nan
1706195652699,nan,nan
1706195652715,nan,nan
1706195652721,nan,nan
1706195652733,nan,nan
1706195652742,nan,nan
1706195652754,nan,nan
1706195652765,nan,nan
1706195652776,nan,nan
1706195652787,nan,nan
1706195652829,nan,nan
1706195652830,nan,nan
1706195652832,nan,nan
1706195652845,nan,nan
1706195652854,nan,nan
1706195652866,nan,nan
1706195652876,nan,nan
1706195652887,nan,nan
1706195652899,nan,nan
1706195652910,nan,nan
1706195652921,nan,nan
1706195652932,nan,nan
1706195652943,nan,nan
1706195652979,nan,nan
1706195652980,nan,nan
1706195652995,nan,nan
1706195652998,nan,nan
1706195653009,nan,nan
1706195653021,nan,nan
1706195653032,nan,nan
1706195653042,nan,nan
1706195653054,nan,nan
1706195653065,nan,nan
1706195653076,nan,nan
1706195653113,nan,nan
1706195653114,nan,nan
1706195653121,nan,nan
1706195653132,nan,nan
1706195653143,nan,nan
1706195653163,nan,nan
1706195653175,nan,nan
1706195653186,nan,nan
1706195653197,nan,nan
1706195653209,nan,nan
1706195653220,nan,nan
1706195653232,nan,nan
1706195653267,nan,nan
1706195653268,nan,nan
1706195653277,nan,nan
1706195653288,nan,nan
1706195653300,nan,nan
1706195653311,1483.9736938476562,895.0564098358154
1706195653322,1483.9736938476562,895.0564098358154
1706195653333,1483.9736938476562,895.0564098358154
1706195653344,nan,nan
1706195653355,nan,nan
1706195653366,nan,nan
1706195653378,1496.6255187988281,911.2857913970947
1706195653397,1493.8023376464844,907.7537727355957
1706195653417,1462.3178100585938,829.862551689148
1706195653418,1451.3006591796875,816.0789585113525
1706195653423,1471.7797088623047,790.2537488937378
1706195653436,1490.938720703125,746.3383913040161
1706195653444,1490.938720703125,746.3383913040161
1706195653456,1469.1513061523438,664.1406154632568
1706195653465,nan,nan
1706195653478,1483.2984924316406,725.7839584350586
1706195653488,1472.1278381347656,797.0055341720581
1706195653500,1475.2816772460938,799.0071487426758
1706195653511,1489.3082427978516,800.1123476028442
1706195653521,1491.6490936279297,800.076470375061
1706195653533,1483.3844757080078,794.3978261947632
1706195653566,1496.0922241210938,819.2785549163818
1706195653567,1503.1343841552734,822.2188138961792
1706195653584,1486.6460418701172,800.8883428573608
1706195653589,1484.5479583740234,800.4846811294556
1706195653600,1484.814453125,801.5305280685425
1706195653611,1484.1481018066406,800.2240562438965
1706195653622,1483.1209564208984,801.902003288269
1706195653633,1481.280288696289,804.1125297546387
1706195653645,1473.4274291992188,805.4238510131836
1706195653656,1473.2047271728516,803.4158420562744
1706195653667,1466.9416809082031,801.449933052063
1706195653678,1478.3647155761719,805.8833026885986
1706195653715,1484.262924194336,814.3701982498169
1706195653731,2088.3856201171875,808.8136911392212
1706195653734,2064.4605255126953,817.6196193695068
1706195653746,2215.079345703125,808.7714195251465
1706195653757,2214.7998809814453,810.9740495681763
1706195653767,2227.9215240478516,802.9633641242981
1706195653778,2223.7423706054688,811.4257335662842
1706195653790,2222.3561096191406,814.3051385879517
1706195653800,2242.2213745117188,817.2057867050171
1706195653812,2254.761962890625,818.6413478851318
1706195653823,2250.790481567383,811.1470413208008
1706195653834,2234.4451904296875,821.9926500320435
1706195653866,2245.421371459961,814.8023128509521
1706195653883,2164.966506958008,858.0766010284424
1706195653889,2154.6722412109375,960.671010017395
1706195653899,2159.7570037841797,945.5160999298096
1706195653910,2093.584213256836,901.5280866622925
1706195653921,nan,nan
1706195653931,nan,nan
1706195653942,nan,nan
1706195653954,nan,nan
1706195653965,nan,nan
1706195653976,nan,nan
1706195654017,nan,nan
1706195654018,nan,nan
1706195654035,nan,nan
1706195654056,nan,nan
1706195654066,nan,nan
1706195654077,nan,nan
1706195654089,nan,nan
1706195654100,nan,nan
1706195654110,nan,nan
1706195654122,nan,nan
1706195654145,nan,nan
1706195654165,nan,nan
1706195654166,nan,nan
1706195654181,nan,nan
1706195654189,nan,nan
1706195654200,nan,nan
1706195654210,nan,nan
1706195654221,nan,nan
1706195654232,nan,nan
1706195654243,nan,nan
1706195654254,nan,nan
1706195654266,nan,nan
1706195654276,nan,nan
1706195654314,nan,nan
1706195654315,nan,nan
1706195654321,nan,nan
1706195654332,nan,nan
1706195654343,nan,nan
1706195654354,nan,nan
1706195654366,nan,nan
1706195654376,nan,nan
1706195654388,nan,nan
1706195654399,nan,nan
1706195654409,nan,nan
1706195654421,nan,nan
1706195654432,nan,nan
1706195654466,nan,nan
1706195654482,nan,nan
1706195654488,nan,nan
1706195654500,nan,nan
1706195654510,nan,nan
1706195654522,nan,nan
1706195654533,nan,nan
1706195654543,nan,nan
1706195654555,nan,nan
1706195654566,nan,nan
1706195654576,nan,nan
1706195654615,nan,nan
1706195654621,nan,nan
1706195654632,nan,nan
1706195654642,nan,nan
1706195654654,nan,nan
1706195654665,nan,nan
1706195654675,nan,nan
1706195654687,nan,nan
1706195654699,nan,nan
1706195654709,nan,nan
1706195654721,nan,nan
1706195654765,nan,nan
1706195654766,nan,nan
1706195654781,nan,nan
1706195654788,nan,nan
1706195654799,nan,nan
1706195654809,nan,nan
1706195654821,nan,nan
1706195654832,nan,nan
1706195654842,nan,nan
1706195654854,nan,nan
1706195654866,nan,nan
1706195654876,nan,nan
1706195654915,nan,nan
1706195654922,nan,nan
1706195654932,nan,nan
1706195654944,nan,nan
1706195654955,nan,nan
1706195654965,nan,nan
1706195654975,nan,nan
1706195654988,nan,nan
1706195654999,nan,nan
1706195655009,nan,nan
1706195655051,nan,nan
1706195655052,nan,nan
1706195655054,nan,nan
1706195655071,nan,nan
1706195655076,nan,nan
1706195655089,nan,nan
1706195655099,nan,nan
1706195655109,nan,nan
1706195655121,nan,nan
1706195655133,nan,nan
1706195655143,nan,nan
1706195655155,nan,nan
1706195655165,nan,nan
1706195655200,nan,nan
1706195655201,nan,nan
1706195655209,nan,nan
1706195655221,nan,nan
1706195655234,nan,nan
1706195655242,nan,nan
1706195655254,nan,nan
1706195655266,nan,nan
1706195655276,nan,nan
1706195655288,nan,nan
1706195655299,nan,nan
1706195655310,nan,nan
1706195655348,nan,nan
1706195655349,nan,nan
1706195655355,nan,nan
1706195655366,nan,nan
1706195655376,nan,nan
1706195655388,nan,nan
1706195655399,nan,nan
1706195655410,nan,nan
1706195655422,nan,nan
1706195655433,nan,nan
1706195655443,nan,nan
1706195655455,nan,nan
1706195655466,nan,nan
1706195655500,nan,nan
1706195655501,nan,nan
1706195655517,nan,nan
1706195655522,nan,nan
1706195655532,nan,nan
1706195655542,nan,nan
1706195655554,nan,nan
1706195655566,nan,nan
1706195655575,nan,nan
1706195655588,nan,nan
1706195655599,nan,nan
1706195655636,nan,nan
1706195655637,nan,nan
1706195655642,nan,nan
1706195655655,nan,nan
1706195655666,nan,nan
1706195655675,nan,nan
1706195655688,nan,nan
1706195655699,nan,nan
1706195655709,nan,nan
1706195655721,nan,nan
1706195655732,nan,nan
1706195655742,nan,nan
1706195655782,nan,nan
1706195655783,nan,nan
1706195655788,nan,nan
1706195655799,nan,nan
1706195655810,nan,nan
1706195655821,nan,nan
1706195655833,nan,nan
1706195655843,nan,nan
1706195655855,nan,nan
1706195655866,nan,nan
1706195655877,nan,nan
1706195655888,nan,nan
1706195655899,nan,nan
1706195655932,nan,nan
1706195655948,nan,nan
1706195655954,nan,nan
1706195655965,nan,nan
1706195655976,nan,nan
1706195655987,nan,nan
1706195655998,nan,nan
1706195656009,nan,nan
1706195656021,nan,nan
1706195656032,nan,nan
1706195656066,nan,nan
1706195656067,nan,nan
1706195656082,nan,nan
1706195656089,nan,nan
1706195656099,nan,nan
1706195656109,nan,nan
1706195656122,nan,nan
1706195656132,nan,nan
1706195656142,nan,nan
1706195656155,nan,nan
1706195656166,nan,nan
1706195656176,nan,nan
1706195656217,nan,nan
1706195656222,nan,nan
1706195656234,nan,nan
1706195656242,nan,nan
1706195656255,nan,nan
1706195656266,nan,nan
1706195656276,nan,nan
1706195656288,nan,nan
1706195656298,nan,nan
1706195656308,nan,nan
1706195656348,nan,nan
1706195656349,nan,nan
1706195656354,nan,nan
1706195656366,nan,nan
1706195656375,nan,nan
1706195656387,nan,nan
1706195656398,nan,nan
1706195656409,nan,nan
1706195656420,nan,nan
1706195656432,nan,nan
1706195656442,nan,nan
1706195656454,nan,nan
1706195656465,nan,nan
1706195656499,nan,nan
1706195656500,nan,nan
1706195656516,nan,nan
1706195656520,nan,nan
1706195656532,nan,nan
1706195656542,nan,nan
1706195656553,nan,nan
1706195656565,nan,nan
1706195656576,nan,nan
1706195656586,nan,nan
1706195656598,nan,nan
1706195656632,nan,nan
1706195656633,nan,nan
1706195656649,nan,nan
1706195656653,nan,nan
1706195656665,nan,nan
1706195656676,nan,nan
1706195656687,nan,nan
1706195656698,nan,nan
1706195656709,nan,nan
1706195656720,nan,nan
1706195656731,nan,nan
1706195656742,nan,nan
1706195656783,nan,nan
1706195656788,nan,nan
1706195656799,nan,nan
1706195656809,nan,nan
1706195656821,nan,nan
1706195656831,nan,nan
1706195656841,nan,nan
1706195656854,nan,nan
1706195656865,nan,nan
1706195656875,nan,nan
1706195656887,nan,nan
1706195656899,nan,nan
1706195656934,nan,nan
1706195656935,nan,nan
1706195656950,nan,nan
1706195656956,nan,nan
1706195656972,nan,nan
1706195656986,nan,nan
1706195656996,nan,nan
1706195657007,nan,nan
1706195657019,nan,nan
1706195657030,nan,nan
1706195657066,nan,nan
1706195657067,nan,nan
1706195657082,nan,nan
1706195657086,nan,nan
1706195657097,nan,nan
1706195657108,nan,nan
1706195657119,nan,nan
1706195657130,nan,nan
1706195657141,nan,nan
1706195657153,nan,nan
1706195657164,nan,nan
1706195657175,1341.3565063476562,685.592451095581
1706195657192,1341.3565063476562,685.592451095581
1706195657224,1341.3565063476562,685.592451095581
1706195657225,nan,nan
1706195657239,1268.1311798095703,822.6852607727051
1706195657243,1268.1311798095703,822.6852607727051
1706195657256,1309.1636276245117,805.5062055587769
1706195657265,1350.1960754394531,788.3271503448486
1706195657276,1350.1960754394531,788.3271503448486
1706195657288,nan,nan
1706195657298,nan,nan
1706195657310,nan,nan
1706195657321,nan,nan
1706195657332,nan,nan
1706195657370,1341.6452026367188,750.2911305427551
1706195657371,1342.8457641601562,746.2748551368713
1706195657377,1347.6107025146484,750.7739496231079
1706195657388,1351.698226928711,751.730854511261
1706195657400,1350.7412719726562,764.3886280059814
1706195657410,1349.089126586914,769.3196439743042
1706195657421,1353.6363220214844,761.0090017318726
1706195657432,1347.059326171875,751.3999128341675
1706195657442,1363.259048461914,721.7120003700256
1706195657454,1332.5767517089844,777.9499411582947
1706195657466,1326.141586303711,763.4477949142456
1706195657502,1326.141586303711,763.4477949142456
1706195657503,1268.1400299072266,801.0670852661133
1706195657510,1319.0966796875,747.0905685424805
1706195657522,1325.7486724853516,752.4102473258972
1706195657535,1303.0799102783203,746.2448787689209
1706195657544,1004.3562698364258,652.8801441192627
1706195657555,932.290153503418,629.8173952102661
1706195657566,847.0160293579102,605.8064103126526
1706195657577,608.1592178344727,554.0056371688843
1706195657588,611.3044357299805,559.1497492790222
1706195657599,618.5243034362793,563.4654664993286
1706195657610,659.3083000183105,620.7564210891724
1706195657651,668.828125,618.6180567741394
1706195657652,621.0629653930664,597.7707266807556
1706195657655,610.184440612793,586.5529775619507
1706195657672,604.7221946716309,583.308641910553
1706195657678,596.0068702697754,570.9338736534119
1706195657689,598.8193511962891,572.567081451416
1706195657700,608.6145210266113,571.8236804008484
1706195657711,597.577018737793,569.689736366272
1706195657722,593.9755439758301,562.6461696624756
1706195657732,596.0809898376465,570.6384444236755
1706195657743,596.3015365600586,575.9846878051758
1706195657754,592.1676063537598,576.1350202560425
1706195657765,587.5597763061523,576.2022042274475
1706195657801,585.4101181030273,573.2723736763
1706195657818,614.2854118347168,592.451434135437
1706195657821,618.9656639099121,586.0785913467407
1706195657833,624.4289398193359,587.7997970581055
1706195657843,668.3603286743164,603.5036587715149
1706195657854,664.0040588378906,610.6796407699585
1706195657866,668.6971664428711,603.222177028656
1706195657877,671.1019897460938,607.4645733833313
1706195657888,674.2317199707031,608.23734998703
1706195657899,675.2020263671875,622.5201559066772
1706195657933,674.7840118408203,627.8772783279419
1706195657934,671.0849761962891,629.9198126792908
1706195657949,677.2396469116211,617.2017645835876
1706195657955,730.3253936767578,643.1310868263245
1706195657967,801.9084930419922,658.7389898300171
1706195657977,1200.612907409668,725.9096789360046
1706195657988,1232.6057434082031,702.7347922325134
1706195657999,1233.4626007080078,696.801016330719
1706195658010,1231.252212524414,700.0649857521057
1706195658022,1219.1602325439453,711.7860674858093
1706195658033,1220.2962112426758,706.8158483505249
1706195658043,1214.2139053344727,711.882734298706
1706195658088,1219.869613647461,712.9620552062988
1706195658089,1216.3360977172852,725.4793667793274
1706195658105,1232.417869567871,720.6152129173279
1706195658110,1231.8970489501953,715.9755492210388
1706195658122,1236.4350509643555,710.1002025604248
1706195658132,1229.751968383789,718.5627865791321
1706195658143,1232.6454544067383,723.4504795074463
1706195658154,1230.5331420898438,725.9065890312195
1706195658165,1259.9870681762695,721.1988186836243
1706195658176,1345.7804107666016,768.1444931030273
1706195658188,1361.8246459960938,782.1157121658325
1706195658199,1350.3832244873047,783.9374685287476
1706195658234,1357.5946044921875,780.5971097946167
1706195658235,1350.6279754638672,772.7539229393005
1706195658251,1345.3435516357422,781.6772675514221
1706195658254,1348.365478515625,790.3101396560669
1706195658269,1365.6288146972656,790.5274629592896
1706195658276,1358.5047912597656,781.7546653747559
1706195658288,1363.4062194824219,782.4463748931885
1706195658298,1352.2432708740234,778.5002446174622
1706195658309,1351.7146301269531,780.2116441726685
1706195658321,1352.303466796875,787.7556681632996
1706195658331,1354.1414642333984,794.3436455726624
1706195658343,1362.9972076416016,792.8019547462463
1706195658383,1358.6492919921875,777.484781742096
1706195658384,1360.4792785644531,766.2316703796387
1706195658387,1340.0039672851562,768.052568435669
1706195658399,1350.4288482666016,780.8773469924927
1706195658412,1367.1080017089844,776.5935802459717
1706195658421,1364.1097259521484,779.3992137908936
1706195658433,1355.8324432373047,772.1569919586182
1706195658443,1345.7676696777344,772.477376461029
1706195658455,1356.7264556884766,779.8726344108582
1706195658465,1357.3270416259766,777.1889877319336
1706195658476,1357.5817108154297,776.5146374702454
1706195658487,1353.8739776611328,770.3175759315491
1706195658499,1344.4947814941406,777.9368305206299
1706195658535,1350.6566619873047,769.9048161506653
1706195658536,1348.3680725097656,770.1834654808044
1706195658543,1359.901351928711,770.4353141784668
1706195658554,1369.3814086914062,769.1680669784546
1706195658565,1379.3080139160156,769.090883731842
1706195658576,1355.6488800048828,771.6611695289612
1706195658588,1351.1925506591797,771.9448828697205
1706195658598,1366.3111877441406,773.642635345459
1706195658610,1411.4960479736328,778.272385597229
1706195658620,1427.198486328125,780.9195113182068
1706195658631,1422.7294158935547,779.3276739120483
1706195658642,1682.5048828125,724.940071105957
1706195658653,nan,nan
1706195658686,nan,nan
1706195658687,nan,nan
1706195658703,nan,nan
1706195658707,nan,nan
1706195658719,nan,nan
1706195658730,nan,nan
1706195658739,nan,nan
1706195658759,nan,nan
1706195658778,nan,nan
1706195658820,nan,nan
1706195658821,nan,nan
1706195658823,nan,nan
1706195658838,nan,nan
1706195658845,nan,nan
1706195658857,nan,nan
1706195658868,nan,nan
1706195658878,nan,nan
1706195658890,nan,nan
1706195658901,nan,nan
1706195658911,nan,nan
1706195658923,nan,nan
1706195658933,nan,nan
1706195658971,nan,nan
1706195658972,nan,nan
1706195658977,nan,nan
1706195658989,nan,nan
1706195658999,nan,nan
1706195659010,nan,nan
1706195659022,nan,nan
1706195659033,nan,nan
1706195659043,nan,nan
1706195659056,nan,nan
1706195659066,nan,nan
1706195659076,nan,nan
1706195659117,nan,nan
1706195659122,nan,nan
1706195659133,nan,nan
1706195659145,nan,nan
1706195659156,nan,nan
1706195659166,nan,nan
1706195659176,nan,nan
1706195659189,nan,nan
1706195659200,nan,nan
1706195659210,nan,nan
1706195659222,nan,nan
1706195659234,nan,nan
1706195659269,nan,nan
1706195659270,nan,nan
1706195659276,nan,nan
1706195659289,nan,nan
1706195659301,nan,nan
1706195659309,nan,nan
1706195659321,nan,nan
1706195659332,nan,nan
1706195659342,nan,nan
1706195659355,nan,nan
1706195659366,nan,nan
1706195659376,nan,nan
1706195659396,nan,nan
1706195659418,nan,nan
1706195659422,nan,nan
1706195659434,nan,nan
1706195659445,nan,nan
1706195659456,nan,nan
1706195659468,nan,nan
1706195659477,nan,nan
1706195659489,nan,nan
1706195659502,nan,nan
1706195659511,nan,nan
1706195659552,nan,nan
1706195659553,nan,nan
1706195659569,nan,nan
1706195659578,nan,nan
1706195659589,nan,nan
1706195659600,nan,nan
1706195659612,999.4464111328125,801.5370941162109
1706195659623,999.4464111328125,801.5370941162109
1706195659634,999.4464111328125,801.5370941162109
1706195659646,1036.8997955322266,803.1931114196777
1706195659657,1036.8997955322266,803.1931114196777
1706195659667,1036.8997955322266,803.1931114196777
1706195659702,827.2055816650391,720.8950424194336
1706195659703,774.4873046875,752.1914005279541
1706195659720,768.3074188232422,756.2681007385254
1706195659722,820.7410430908203,725.1596260070801
1706195659735,820.7410430908203,725.1596260070801
1706195659745,831.2030029296875,704.1062164306641
1706195659756,809.1957855224609,721.7211627960205
1706195659767,809.1957855224609,721.7211627960205
1706195659778,814.7091674804688,761.0695552825928
1706195659790,846.8698883056641,748.8685512542725
1706195659801,846.8698883056641,748.8685512542725
1706195659835,1002.740478515625,733.5438251495361
1706195659836,1012.7545166015625,730.0572109222412
1706195659851,1002.0943450927734,718.7511205673218
1706195659857,999.7080230712891,718.3447980880737
1706195659868,999.7080230712891,718.3447980880737
1706195659879,1013.1707000732422,719.8449468612671
1706195659889,1017.3417663574219,720.4500961303711
1706195659900,1017.3417663574219,720.4500961303711
1706195659912,1026.2149810791016,725.1109600067139
1706195659923,1019.7769165039062,728.8621044158936
1706195659933,1019.7769165039062,728.8621044158936
1706195659945,988.4676361083984,763.6513423919678
1706195659965,968.2008361816406,792.9245853424072
1706195659984,968.2008361816406,792.9245853424072
1706195659988,nan,nan
1706195660001,nan,nan
1706195660010,nan,nan
1706195660022,nan,nan
1706195660033,nan,nan
1706195660044,nan,nan
1706195660056,nan,nan
1706195660066,nan,nan
1706195660075,nan,nan
1706195660093,nan,nan
1706195660135,nan,nan
1706195660136,nan,nan
1706195660150,nan,nan
1706195660159,nan,nan
1706195660170,nan,nan
1706195660180,nan,nan
1706195660192,nan,nan
1706195660203,nan,nan
1706195660213,nan,nan
1706195660225,nan,nan
1706195660236,nan,nan
1706195660270,nan,nan
1706195660271,nan,nan
1706195660285,nan,nan
1706195660291,nan,nan
1706195660302,nan,nan
1706195660312,nan,nan
1706195660324,nan,nan
1706195660335,nan,nan
1706195660345,nan,nan
1706195660357,nan,nan
1706195660369,nan,nan
1706195660379,nan,nan
1706195660419,nan,nan
1706195660424,nan,nan
1706195660436,nan,nan
1706195660447,nan,nan
1706195660458,nan,nan
1706195660469,nan,nan
1706195660479,nan,nan
1706195660491,nan,nan
1706195660502,nan,nan
1706195660512,nan,nan
1706195660525,nan,nan
1706195660536,nan,nan
1706195660570,nan,nan
1706195660571,nan,nan
1706195660587,nan,nan
1706195660591,nan,nan
1706195660604,nan,nan
1706195660613,nan,nan
1706195660625,nan,nan
1706195660636,nan,nan
1706195660646,nan,nan
1706195660657,nan,nan
1706195660669,nan,nan
1706195660703,nan,nan
1706195660719,nan,nan
1706195660724,nan,nan
1706195660735,nan,nan
1706195660746,nan,nan
1706195660757,nan,nan
1706195660768,nan,nan
1706195660779,nan,nan
1706195660791,nan,nan
1706195660802,nan,nan
1706195660836,nan,nan
1706195660837,nan,nan
1706195660851,nan,nan
1706195660858,nan,nan
1706195660869,nan,nan
1706195660879,nan,nan
1706195660890,nan,nan
1706195660901,nan,nan
1706195660912,nan,nan
1706195660924,nan,nan
1706195660935,nan,nan
1706195660946,nan,nan
1706195660966,nan,nan
1706195660987,nan,nan
1706195660988,nan,nan
1706195660991,nan,nan
1706195661003,nan,nan
1706195661012,nan,nan
1706195661024,nan,nan
1706195661036,nan,nan
1706195661045,nan,nan
1706195661058,nan,nan
1706195661069,nan,nan
1706195661079,nan,nan
1706195661120,nan,nan
1706195661121,nan,nan
1706195661123,nan,nan
1706195661140,nan,nan
1706195661145,nan,nan
1706195661158,nan,nan
1706195661168,nan,nan
1706195661178,nan,nan
1706195661190,nan,nan
1706195661202,nan,nan
1706195661212,nan,nan
1706195661224,nan,nan
1706195661235,nan,nan
1706195661273,nan,nan
1706195661274,nan,nan
1706195661279,nan,nan
1706195661291,nan,nan
1706195661304,nan,nan
1706195661312,nan,nan
1706195661323,nan,nan
1706195661335,nan,nan
1706195661346,nan,nan
1706195661357,nan,nan
1706195661368,nan,nan
1706195661379,nan,nan
1706195661420,nan,nan
1706195661421,nan,nan
1706195661424,nan,nan
1706195661439,nan,nan
1706195661446,nan,nan
1706195661458,nan,nan
1706195661469,nan,nan
1706195661479,nan,nan
1706195661490,nan,nan
1706195661501,nan,nan
1706195661512,nan,nan
1706195661552,nan,nan
1706195661553,nan,nan
1706195661557,nan,nan
1706195661569,nan,nan
1706195661578,nan,nan
1706195661590,nan,nan
1706195661602,nan,nan
1706195661612,nan,nan
1706195661623,nan,nan
1706195661635,nan,nan
1706195661645,nan,nan
1706195661658,nan,nan
1706195661668,nan,nan
1706195661704,nan,nan
1706195661705,nan,nan
1706195661712,nan,nan
1706195661723,nan,nan
1706195661736,nan,nan
1706195661744,nan,nan
1706195661756,nan,nan
1706195661768,nan,nan
1706195661778,nan,nan
1706195661790,nan,nan
1706195661803,nan,nan
1706195661837,nan,nan
1706195661838,nan,nan
1706195661845,nan,nan
1706195661856,nan,nan
1706195661871,nan,nan
1706195661878,nan,nan
1706195661890,nan,nan
1706195661902,nan,nan
1706195661912,nan,nan
1706195661923,nan,nan
1706195661935,nan,nan
1706195661945,nan,nan
1706195661957,nan,nan
1706195661987,nan,nan
1706195661988,nan,nan
1706195661990,nan,nan
1706195662005,nan,nan
1706195662013,nan,nan
1706195662024,nan,nan
1706195662035,nan,nan
1706195662045,nan,nan
1706195662056,nan,nan
1706195662067,nan,nan
1706195662078,nan,nan
1706195662090,nan,nan
1706195662101,nan,nan
1706195662139,nan,nan
1706195662140,nan,nan
1706195662144,nan,nan
1706195662157,nan,nan
1706195662168,nan,nan
1706195662178,nan,nan
1706195662190,nan,nan
1706195662202,nan,nan
1706195662211,nan,nan
1706195662223,nan,nan
1706195662235,nan,nan
1706195662244,nan,nan
1706195662256,nan,nan
1706195662290,nan,nan
1706195662291,nan,nan
1706195662301,nan,nan
1706195662311,nan,nan
1706195662324,nan,nan
1706195662334,nan,nan
1706195662344,nan,nan
1706195662357,nan,nan
1706195662368,nan,nan
1706195662378,nan,nan
1706195662419,nan,nan
1706195662420,nan,nan
1706195662422,nan,nan
1706195662437,nan,nan
1706195662444,nan,nan
1706195662456,nan,nan
1706195662468,nan,nan
1706195662478,nan,nan
1706195662490,nan,nan
1706195662510,nan,nan
1706195662523,nan,nan
1706195662534,nan,nan
1706195662575,nan,nan
1706195662579,nan,nan
1706195662593,nan,nan
1706195662602,nan,nan
1706195662614,nan,nan
1706195662624,nan,nan
1706195662635,nan,nan
1706195662647,1334.4975280761719,657.1806478500366
1706195662659,1334.4975280761719,657.1806478500366
1706195662671,1159.2856216430664,688.8010597229004
1706195662681,1277.8237533569336,715.4710364341736
1706195662726,1278.2874298095703,718.1371092796326
1706195662739,1274.2517471313477,683.2225584983826
1706195662748,1278.6064529418945,717.8092575073242
1706195662759,1278.9077377319336,724.9101161956787
1706195662771,1273.630027770996,722.7606797218323
1706195662782,1260.9007263183594,718.0779075622559
1706195662793,1275.3373718261719,719.9223875999451
1706195662804,1279.1451263427734,724.2964482307434
1706195662815,1289.5840454101562,711.6331171989441
1706195662826,1280.1128005981445,704.5114660263062
1706195662838,1274.7162628173828,691.765308380127
1706195662849,1272.750015258789,682.7634072303772
1706195662889,1268.784294128418,683.1812739372253
1706195662893,1278.99169921875,697.8973531723022
1706195662908,1276.4502716064453,690.3578567504883
1706195662916,1271.2732315063477,702.6309585571289
1706195662927,1240.3754806518555,685.3404951095581
1706195662937,1229.900779724121,654.5736265182495
1706195662948,1091.302719116211,500.43386578559875
1706195662960,893.123664855957,304.37257289886475
1706195662971,762.7632522583008,485.67925930023193
1706195662982,735.859260559082,432.4317669868469
1706195662992,703.9990997314453,419.85557556152344
1706195663004,717.6922988891602,410.12059450149536
1706195663038,766.3986587524414,451.0815739631653
1706195663039,776.2567901611328,429.654221534729
1706195663055,706.2390899658203,415.86206674575806
1706195663059,698.7941360473633,423.5208785533905
1706195663072,712.113037109375,395.8673894405365
1706195663082,721.7466735839844,398.41431856155396
1706195663093,730.4256057739258,402.4811911582947
1706195663104,729.3381881713867,428.6643147468567
1706195663115,727.314453125,435.3856945037842
1706195663126,702.5065994262695,440.1012325286865
1706195663138,697.5650405883789,439.04842257499695
1706195663149,704.5127105712891,426.502947807312
1706195663187,709.6295928955078,415.3813934326172
1706195663188,713.0038070678711,438.56531381607056
1706195663192,715.8009338378906,438.781521320343
1706195663203,718.4291458129883,426.06447100639343
1706195663217,1693.2537841796875,520.8100605010986
1706195663225,1693.2537841796875,520.8100605010986
1706195663235,1693.2537841796875,520.8100605010986
1706195663247,nan,nan
1706195663258,nan,nan
1706195663270,nan,nan
1706195663280,nan,nan
1706195663321,nan,nan
1706195663322,nan,nan
1706195663324,nan,nan
1706195663336,nan,nan
1706195663349,nan,nan
1706195663357,nan,nan
1706195663367,nan,nan
1706195663378,nan,nan
1706195663389,nan,nan
1706195663401,nan,nan
1706195663412,nan,nan
1706195663423,nan,nan
1706195663434,nan,nan
1706195663471,nan,nan
1706195663472,nan,nan
1706195663474,nan,nan
1706195663494,nan,nan
1706195663507,nan,nan
1706195663516,nan,nan
1706195663528,nan,nan
1706195663540,nan,nan
1706195663550,nan,nan
1706195663561,nan,nan
1706195663572,nan,nan
1706195663605,nan,nan
1706195663606,nan,nan
1706195663622,nan,nan
1706195663628,nan,nan
1706195663640,nan,nan
1706195663648,nan,nan
1706195663661,nan,nan
1706195663672,nan,nan
1706195663682,nan,nan
1706195663695,nan,nan
1706195663705,nan,nan
1706195663716,nan,nan
1706195663754,nan,nan
1706195663761,nan,nan
1706195663771,nan,nan
1706195663784,nan,nan
1706195663794,nan,nan
1706195663805,nan,nan
1706195663816,nan,nan
1706195663828,nan,nan
1706195663838,nan,nan
1706195663849,nan,nan
1706195663861,nan,nan
1706195663872,nan,nan
1706195663905,nan,nan
1706195663906,nan,nan
1706195663921,nan,nan
1706195663928,nan,nan
1706195663939,nan,nan
1706195663947,nan,nan
1706195663960,nan,nan
1706195663971,nan,nan
1706195663981,nan,nan
1706195663993,nan,nan
1706195664004,nan,nan
1706195664014,nan,nan
1706195664055,nan,nan
1706195664056,nan,nan
1706195664060,nan,nan
1706195664071,nan,nan
1706195664082,nan,nan
1706195664093,nan,nan
1706195664104,nan,nan
1706195664114,nan,nan
1706195664126,nan,nan
1706195664138,nan,nan
1706195664148,nan,nan
1706195664160,nan,nan
1706195664171,nan,nan
1706195664206,nan,nan
1706195664215,nan,nan
1706195664226,nan,nan
1706195664239,nan,nan
1706195664248,nan,nan
1706195664259,nan,nan
1706195664270,nan,nan
1706195664281,nan,nan
1706195664293,nan,nan
1706195664304,nan,nan
1706195664339,nan,nan
1706195664341,nan,nan
1706195664355,nan,nan
1706195664359,nan,nan
1706195664371,nan,nan
1706195664381,nan,nan
1706195664392,nan,nan
1706195664404,nan,nan
1706195664414,nan,nan
1706195664426,nan,nan
1706195664437,nan,nan
1706195664447,nan,nan
1706195664469,nan,nan
1706195664490,nan,nan
1706195664492,nan,nan
1706195664507,nan,nan
1706195664514,nan,nan
1706195664526,nan,nan
1706195664537,nan,nan
1706195664547,nan,nan
1706195664559,nan,nan
1706195664570,nan,nan
1706195664580,nan,nan
1706195664592,nan,nan
1706195664604,nan,nan
1706195664620,nan,nan
1706195664640,nan,nan
1706195664641,nan,nan
1706195664647,nan,nan
1706195664659,nan,nan
1706195664671,nan,nan
1706195664680,nan,nan
1706195664693,nan,nan
1706195664704,nan,nan
1706195664714,nan,nan
1706195664726,nan,nan
1706195664738,nan,nan
1706195664773,nan,nan
1706195664774,nan,nan
1706195664781,nan,nan
1706195664793,nan,nan
1706195664805,nan,nan
1706195664814,nan,nan
1706195664826,nan,nan
1706195664837,nan,nan
1706195664847,nan,nan
1706195664859,nan,nan
1706195664871,nan,nan
1706195664881,nan,nan
1706195664901,nan,nan
1706195664920,nan,nan
1706195664926,nan,nan
1706195664937,nan,nan
1706195664947,nan,nan
1706195664959,nan,nan
1706195664970,nan,nan
1706195664980,nan,nan
1706195664992,nan,nan
1706195665003,nan,nan
1706195665014,nan,nan
1706195665058,nan,nan
1706195665059,nan,nan
1706195665074,nan,nan
1706195665081,nan,nan
1706195665093,nan,nan
1706195665103,nan,nan
1706195665114,nan,nan
1706195665126,nan,nan
1706195665137,nan,nan
1706195665147,nan,nan
1706195665160,nan,nan
1706195665171,nan,nan
1706195665206,nan,nan
1706195665207,nan,nan
1706195665214,nan,nan
1706195665226,nan,nan
1706195665239,nan,nan
1706195665247,nan,nan
1706195665259,nan,nan
1706195665270,nan,nan
1706195665280,nan,nan
1706195665293,nan,nan
1706195665304,nan,nan
1706195665340,nan,nan
1706195665341,nan,nan
1706195665346,nan,nan
1706195665359,nan,nan
1706195665371,nan,nan
1706195665380,nan,nan
1706195665392,nan,nan
1706195665403,nan,nan
1706195665413,nan,nan
1706195665425,nan,nan
1706195665437,nan,nan
1706195665471,nan,nan
1706195665472,nan,nan
1706195665486,nan,nan
1706195665493,nan,nan
1706195665505,nan,nan
1706195665514,nan,nan
1706195665525,nan,nan
1706195665537,nan,nan
1706195665547,nan,nan
1706195665559,nan,nan
1706195665570,nan,nan
1706195665580,nan,nan
1706195665601,nan,nan
1706195665622,nan,nan
1706195665626,nan,nan
1706195665637,nan,nan
1706195665650,nan,nan
1706195665660,nan,nan
1706195665678,nan,nan
1706195665691,nan,nan
1706195665702,nan,nan
1706195665714,nan,nan
1706195665725,nan,nan
1706195665763,nan,nan
1706195665770,nan,nan
1706195665781,1321.2442016601562,758.3528423309326
1706195665793,1321.2442016601562,758.3528423309326
1706195665803,1321.2442016601562,758.3528423309326
1706195665815,1306.883544921875,770.007791519165
1706195665825,1306.883544921875,770.007791519165
1706195665837,1306.883544921875,770.007791519165
1706195665847,nan,nan
1706195665859,nan,nan
1706195665870,1239.8233032226562,984.8421764373779
1706195665911,1239.8233032226562,984.8421764373779
1706195665912,1239.8233032226562,984.8421764373779
1706195665914,nan,nan
1706195665926,nan,nan
1706195665936,nan,nan
1706195665947,nan,nan
1706195665958,nan,nan
1706195665969,nan,nan
1706195665979,nan,nan
1706195665998,nan,nan
1706195666018,nan,nan
1706195666037,nan,nan
1706195666057,nan,nan
1706195666058,nan,nan
1706195666063,nan,nan
1706195666073,nan,nan
1706195666086,nan,nan
1706195666095,nan,nan
1706195666106,nan,nan
1706195666118,nan,nan
1706195666128,nan,nan
1706195666139,nan,nan
1706195666152,nan,nan
1706195666190,nan,nan
1706195666191,nan,nan
1706195666196,nan,nan
1706195666207,nan,nan
1706195666218,nan,nan
1706195666229,nan,nan
1706195666240,nan,nan
1706195666250,nan,nan
1706195666262,nan,nan
1706195666273,nan,nan
1706195666283,nan,nan
1706195666296,nan,nan
1706195666307,nan,nan
1706195666343,nan,nan
1706195666344,nan,nan
1706195666350,nan,nan
1706195666363,nan,nan
1706195666373,nan,nan
1706195666383,nan,nan
1706195666396,nan,nan
1706195666407,nan,nan
1706195666417,nan,nan
1706195666429,nan,nan
1706195666440,nan,nan
1706195666450,nan,nan
1706195666470,nan,nan
1706195666494,nan,nan
1706195666495,nan,nan
1706195666503,nan,nan
1706195666519,nan,nan
1706195666530,nan,nan
1706195666540,nan,nan
1706195666551,nan,nan
1706195666562,nan,nan
1706195666573,nan,nan
1706195666585,1433.1016540527344,760.883731842041
1706195666596,1433.1016540527344,760.883731842041
1706195666607,1433.1016540527344,760.883731842041
1706195666642,nan,nan
1706195666657,nan,nan
1706195666663,nan,nan
1706195666674,nan,nan
1706195666685,nan,nan
1706195666697,2433.4573364257812,954.3074798583984
1706195666708,1405.5036926269531,757.7097988128662
1706195666719,1446.3471984863281,742.6969814300537
1706195666730,1442.0095825195312,741.7670917510986
1706195666741,1435.4852294921875,735.9462261199951
1706195666752,1353.6903381347656,694.3746042251587
1706195666771,1353.6903381347656,694.3746042251587
1706195666792,1357.90283203125,693.4905910491943
1706195666797,1360.9552001953125,702.9757404327393
1706195666808,1351.3389587402344,697.0394325256348
