timestamp,x,y
1702377121721,1348.8751983642578,844.3874216079712
1702377121732,1347.4259948730469,851.6745758056641
1702377121743,1356.8026733398438,855.6251907348633
1702377121755,1357.2888946533203,853.0633163452148
1702377121765,1357.1635437011719,855.794620513916
1702377121777,1358.7976837158203,852.8492116928101
1702377121788,1360.7652282714844,853.5614347457886
1702377121824,1362.3043823242188,852.9201936721802
1702377121825,1343.2452392578125,851.342453956604
1702377121840,1193.0129623413086,747.9553556442261
1702377121844,747.4470901489258,399.29518818855286
1702377121854,718.0733489990234,370.2239263057709
1702377121866,616.7889213562012,292.9301190376282
1702377121877,426.73757553100586,182.66224265098572
1702377121888,422.7520751953125,172.38602936267853
1702377121899,421.72473907470703,166.08517706394196
1702377121910,418.0322074890137,154.73076403141022
1702377121921,416.41576766967773,159.34059083461761
1702377121932,411.3905143737793,162.08634674549103
1702377121954,405.3714942932129,174.12936329841614
1702377121973,401.970157623291,175.55802583694458
1702377121974,407.28349685668945,178.84908020496368
1702377121977,409.3062400817871,181.98151409626007
1702377121989,410.61601638793945,181.11568093299866
1702377122000,409.0315246582031,182.58312821388245
1702377122011,412.31510162353516,185.50883889198303
1702377122022,408.2771682739258,182.8531837463379
1702377122033,404.52104568481445,185.57760000228882
1702377122044,333.8185214996338,161.1287659406662
1702377122055,316.901798248291,160.60254871845245
1702377122066,275.7028293609619,148.99052023887634
1702377122106,229.60522651672363,156.54884576797485
1702377122110,230.9891700744629,153.0063933134079
1702377122122,233.52960586547852,153.10878932476044
1702377122134,234.3489646911621,160.11859238147736
1702377122143,229.74345207214355,147.11243748664856
1702377122154,228.90374183654785,145.53303480148315
1702377122165,223.39767456054688,140.8664309978485
1702377122177,221.0665225982666,148.22314023971558
1702377122188,225.0649356842041,148.43002438545227
1702377122199,269.50650215148926,141.0933780670166
1702377122210,494.76099014282227,128.7513703107834
1702377122221,579.4787788391113,123.7269276380539
1702377122260,629.8689270019531,120.62638521194458
1702377122266,708.4563064575195,126.78682923316956
1702377122276,705.6335067749023,127.06162691116333
1702377122287,709.2636108398438,122.23547995090485
1702377122299,707.8149032592773,136.48534834384918
1702377122310,707.8085327148438,137.26779162883759
1702377122321,709.7152328491211,140.67996382713318
1702377122332,713.6795806884766,131.68314814567566
1702377122343,710.9225082397461,122.19889461994171
1702377122354,705.4840850830078,120.05337417125702
1702377122365,707.8410339355469,125.44714093208313
1702377122407,707.5307464599609,108.63692700862885
1702377122408,709.1890335083008,103.42864841222763
1702377122410,712.6033401489258,124.79089558124542
1702377122424,737.3012924194336,125.73545694351196
1702377122432,826.9340896606445,126.53886437416077
1702377122444,1159.0959167480469,114.49052095413208
1702377122455,1242.6480865478516,114.94085848331451
1702377122465,1274.101333618164,106.56231343746185
1702377122477,1300.8113098144531,115.43095707893372
1702377122488,1296.5966033935547,118.16227734088898
1702377122499,1301.5265655517578,110.97649991512299
1702377122510,1300.006103515625,114.05303120613098
1702377122521,1307.7218627929688,116.76681518554688
1702377122558,1308.730239868164,122.53176212310791
1702377122566,1303.4757995605469,116.05203330516815
1702377122577,1305.1826477050781,120.50487577915192
1702377122589,1305.290756225586,119.8161381483078
1702377122599,1313.8749694824219,121.89745724201202
1702377122610,1313.750228881836,118.98471772670746
1702377122621,1312.9051971435547,118.78183543682098
1702377122632,1305.8544921875,122.94454872608185
1702377122644,1304.9375915527344,123.44078958034515
1702377122655,1307.2373962402344,117.21144497394562
1702377122665,1353.504638671875,119.01643216609955
1702377122708,1559.4851684570312,109.3673300743103
1702377122709,1632.9949188232422,105.65001368522644
1702377122724,1637.2285461425781,114.80106711387634
1702377122732,1631.9994354248047,119.84456419944763
1702377122744,1628.6588287353516,124.8058569431305
1702377122754,1630.6747436523438,125.44362187385559
1702377122765,1636.748275756836,130.59246003627777
1702377122776,1646.2592315673828,137.97234892845154
1702377122787,1643.8045501708984,137.34322607517242
1702377122798,1641.12548828125,135.22165775299072
1702377122810,1634.8501586914062,140.5171912908554
1702377122842,1633.817367553711,141.97824954986572
1702377122843,1635.5380249023438,142.321937084198
1702377122860,1633.6735534667969,151.9972711801529
1702377122865,1628.9958190917969,153.60895693302155
1702377122876,1641.4249420166016,143.35908830165863
1702377122887,1729.0099334716797,135.62607049942017
1702377122899,1898.2133483886719,117.4044942855835
1702377122910,2029.5916748046875,111.8501329421997
1702377122921,2050.269317626953,115.52914202213287
1702377122932,2057.529830932617,119.51537668704987
1702377122944,2061.328582763672,124.3534916639328
1702377122954,2064.9378967285156,123.1853199005127
1702377122973,2058.315963745117,122.08368837833405
1702377122994,2060.752410888672,133.07357847690582
1702377122995,2068.4529876708984,133.44007015228271
1702377122999,2069.3541717529297,135.03457367420197
1702377123010,2063.863983154297,134.03319776058197
1702377123021,2058.543014526367,140.03171145915985
1702377123033,2055.7176208496094,137.96891033649445
1702377123043,2064.6460723876953,133.29792380332947
1702377123054,2065.2293395996094,126.1363023519516
1702377123065,2070.2172088623047,125.88479161262512
1702377123077,2072.737045288086,125.36028563976288
1702377123088,2075.701141357422,129.66314435005188
1702377123098,2071.9189453125,133.8759881258011
1702377123139,2074.1098022460938,132.87656486034393
1702377123140,2070.0962829589844,125.72886407375336
1702377123142,2065.370407104492,116.19691014289856
1702377123155,2063.7152099609375,121.40147924423218
1702377123165,2069.5382690429688,122.38640785217285
1702377123176,2066.5364837646484,122.25651383399963
1702377123187,2067.735595703125,123.46606135368347
1702377123198,2067.3580169677734,121.08164727687836
1702377123209,2047.173843383789,128.87429058551788
1702377123219,2040.1570129394531,128.02682518959045
1702377123231,1871.6206359863281,150.5598270893097
1702377123243,1256.0264587402344,186.73983871936798
1702377123253,1256.0264587402344,186.73983871936798
1702377123293,1055.7098770141602,195.34172594547272
1702377123294,538.3475685119629,214.92567658424377
1702377123298,456.60017013549805,228.19604516029358
1702377123309,347.7262496948242,236.8426501750946
1702377123321,347.1353340148926,233.54547500610352
1702377123332,339.50822830200195,230.03086924552917
1702377123343,327.64410972595215,237.4198079109192
1702377123354,316.9636631011963,236.86164021492004
1702377123365,315.6346321105957,234.0820026397705
1702377123376,316.5439796447754,234.85278367996216
1702377123387,323.4298324584961,241.12433552742004
1702377123398,318.1820487976074,245.59719800949097
1702377123442,306.212854385376,240.64197778701782
1702377123443,303.2786750793457,242.03747749328613
1702377123459,307.5194835662842,250.99307298660278
1702377123464,267.70947456359863,245.8420193195343
1702377123475,185.56150913238525,264.2284655570984
1702377123487,164.03137683868408,258.71078610420227
1702377123498,166.29380702972412,263.1298005580902
1702377123509,168.50316524505615,258.1617057323456
1702377123520,177.60564804077148,265.652836561203
1702377123531,176.67563915252686,264.935667514801
1702377123542,171.69755935668945,261.2077832221985
1702377123553,166.00969314575195,254.50175642967224
1702377123592,166.4439058303833,254.17876482009888
1702377123593,163.63787174224854,254.03660774230957
1702377123598,170.28029441833496,253.71896982192993
1702377123609,174.7419786453247,252.67377734184265
1702377123620,172.24762439727783,250.24229049682617
1702377123631,169.2531442642212,246.2302851676941
1702377123642,175.31805038452148,244.13567304611206
1702377123653,178.77280712127686,247.09668159484863
1702377123664,179.08884525299072,247.2050964832306
1702377123676,179.63098049163818,250.17977356910706
1702377123687,178.489408493042,248.43692779541016
1702377123698,179.57382202148438,250.44609546661377
1702377123720,168.35026741027832,235.21036505699158
1702377123742,166.72513484954834,234.80453610420227
1702377123743,183.9606523513794,243.4985089302063
1702377123759,222.03606605529785,238.09281706809998
1702377123765,300.9762382507324,226.5981888771057
1702377123777,591.5962028503418,204.02896642684937
1702377123787,631.6064643859863,198.6771011352539
1702377123798,643.6946105957031,199.03992891311646
1702377123810,650.233039855957,205.05809783935547
1702377123821,650.1039695739746,198.37327122688293
1702377123832,649.3781089782715,198.0535250902176
1702377123842,648.3710479736328,193.9883691072464
1702377123875,652.4655723571777,203.44679832458496
1702377123876,649.6669960021973,201.58470153808594
1702377123894,650.0534057617188,203.96692156791687
1702377123898,658.0153656005859,217.61217176914215
1702377123911,661.7774963378906,216.94739162921906
1702377123920,662.7605056762695,222.98014640808105
1702377123931,655.655517578125,215.56597352027893
1702377123942,659.2857360839844,213.88796210289001
1702377123953,653.5671234130859,206.42087996006012
1702377123964,661.0385513305664,204.36933875083923
1702377123975,652.515983581543,200.08324921131134
1702377123987,656.9468307495117,198.8953846693039
1702377124026,654.1476440429688,202.46894001960754
1702377124031,803.2637023925781,218.59076499938965
1702377124044,1000.4585647583008,187.75687873363495
1702377124053,1013.3987045288086,187.40033268928528
1702377124065,1014.0589904785156,188.4087735414505
1702377124076,1033.0728912353516,197.4130243062973
1702377124087,1034.2505264282227,203.27252447605133
1702377124098,1031.0416793823242,205.67216277122498
1702377124109,1023.4161758422852,207.1461921930313
1702377124120,1019.6059036254883,203.93609762191772
1702377124131,1021.3905334472656,197.8410565853119
1702377124142,1021.8295288085938,195.17287015914917
1702377124177,1024.637107849121,200.67511081695557
1702377124195,1026.9954299926758,193.86515378952026
1702377124198,1028.8430404663086,197.17745125293732
1702377124209,1030.8883666992188,197.8344476222992
1702377124220,1052.7336120605469,203.51750135421753
1702377124230,1133.0253982543945,200.68012654781342
1702377124242,1396.8817901611328,201.93950414657593
1702377124253,1453.79638671875,197.84432351589203
1702377124264,1469.8785400390625,198.78118693828583
1702377124275,1484.3113708496094,195.23698031902313
1702377124287,1490.7556915283203,192.6426351070404
1702377124297,1487.0059204101562,190.618736743927
1702377124330,1481.6931915283203,190.52404940128326
1702377124331,1478.0697631835938,183.66272807121277
1702377124349,1475.7730865478516,179.8925882577896
1702377124353,1472.7363586425781,192.90537357330322
1702377124365,1473.9166259765625,200.46334505081177
1702377124375,1478.2064819335938,203.44733476638794
1702377124386,1485.1895141601562,200.09910106658936
1702377124397,1490.0542449951172,196.3339877128601
1702377124409,1487.4068450927734,190.60794353485107
1702377124420,1479.362564086914,190.1926463842392
1702377124431,1478.1202697753906,194.40473914146423
1702377124442,1476.0822296142578,191.67809128761292
1702377124476,1474.350357055664,185.7304859161377
1702377124477,1501.8159484863281,173.67125272750854
1702377124492,1684.5877838134766,180.1819235086441
1702377124499,1720.1922607421875,188.2557052373886
1702377124509,1716.8834686279297,193.69768738746643
1702377124520,1716.6914367675781,197.5265622138977
1702377124531,1721.828842163086,197.5914341211319
1702377124542,1719.5045471191406,195.6275850534439
1702377124553,1728.3146667480469,197.96105325222015
1702377124564,1725.140609741211,200.78876674175262
1702377124576,1724.3184661865234,208.20879757404327
1702377124609,1715.035400390625,205.61481714248657
1702377124610,1716.905517578125,203.42876315116882
1702377124626,1722.0652770996094,197.54421651363373
1702377124630,1727.6396942138672,205.93884944915771
1702377124642,1859.0473937988281,204.64900732040405
1702377124653,1902.1109008789062,200.14077186584473
1702377124663,1959.3342590332031,194.041605591774
1702377124675,2004.710922241211,200.5878210067749
1702377124687,2005.849609375,211.84273481369019
1702377124697,2007.7242279052734,213.47038507461548
1702377124709,1999.5519256591797,216.23666524887085
1702377124720,2002.115249633789,211.13723874092102
1702377124738,2003.0335235595703,211.41834497451782
1702377124760,2006.3237762451172,205.8979082107544
1702377124764,2004.4719696044922,207.19154834747314
1702377124777,2001.2980651855469,216.3253927230835
1702377124786,2000.9075164794922,219.01297688484192
1702377124797,2006.0809326171875,211.14222764968872
1702377124808,2010.2774047851562,210.2248477935791
1702377124819,2010.8660125732422,211.4041292667389
1702377124830,2013.0522918701172,217.45533227920532
1702377124841,2013.1470489501953,214.18018341064453
1702377124853,2012.9635620117188,214.29027199745178
1702377124896,2008.7771606445312,211.5914225578308
1702377124897,1926.1162567138672,250.5349087715149
1702377124916,1647.777099609375,420.97506523132324
1702377124918,1625.7533264160156,441.37802839279175
1702377124930,1442.577133178711,691.1281871795654
1702377124942,1389.1046905517578,809.558916091919
1702377124952,1386.463851928711,810.6910228729248
1702377124964,1372.9743194580078,811.594090461731
1702377124975,1367.4388122558594,808.2317590713501
1702377124986,1362.9232788085938,811.343207359314
1702377124997,1363.1216430664062,822.1109247207642
1702377125008,1362.1859741210938,829.7815275192261
1702377125048,1362.8968048095703,837.106146812439
1702377125049,1363.92578125,829.517126083374
1702377125053,1368.4847259521484,827.0209980010986
1702377125067,1367.0061492919922,824.8836851119995
1702377125075,1363.9337158203125,817.4483013153076
1702377125088,1356.8737030029297,817.4319934844971
1702377125097,1360.4434967041016,818.6868810653687
1702377125109,1363.3032989501953,828.6718225479126
1702377125120,1364.7724914550781,822.8673076629639
1702377125130,1370.8354187011719,823.3740520477295
1702377125142,1370.7412719726562,808.3623504638672
1702377125153,1380.3173828125,801.4694166183472
1702377125174,1378.5816955566406,769.2787027359009
1702377125196,1402.5142669677734,662.4731612205505
1702377125197,1403.6337280273438,651.0924196243286
1702377125215,1407.8118896484375,663.6342573165894
1702377125219,1408.8774871826172,662.5881314277649
1702377125231,1410.5778503417969,657.5643754005432
1702377125241,1402.1943664550781,656.4168405532837
1702377125252,1400.8275604248047,656.9488406181335
1702377125263,1403.5729217529297,647.7559447288513
1702377125275,1437.8470611572266,511.64589643478394
1702377125286,1444.779281616211,456.4052224159241
1702377125297,1439.3280792236328,394.8718500137329
1702377125308,1427.8897094726562,278.2290494441986
1702377125345,1430.6963348388672,277.9413664340973
1702377125346,1441.9822692871094,268.03590416908264
1702377125353,1445.2204895019531,258.60394835472107
1702377125363,1436.5247344970703,259.89556074142456
1702377125376,1441.7733764648438,268.4146320819855
1702377125386,1438.42529296875,264.6207010746002
1702377125397,1443.5317993164062,266.5829300880432
1702377125408,1437.0742797851562,267.1920597553253
1702377125419,1440.2059173583984,260.1671290397644
1702377125430,1454.526138305664,241.02280855178833
1702377125441,1484.9049377441406,199.4605851173401
1702377125452,1499.6687316894531,198.3177226781845
1702377125499,1500.0071716308594,200.76688528060913
1702377125500,1526.0515594482422,195.28226137161255
1702377125515,1515.6741333007812,201.24244093894958
1702377125519,1515.5274200439453,199.15253341197968
1702377125530,1523.149642944336,195.176260471344
1702377125541,1525.9664916992188,201.71948790550232
1702377125552,1522.029037475586,192.84343600273132
1702377125563,1520.6233215332031,195.05015909671783
1702377125574,1513.0684661865234,188.20108473300934
1702377125585,1511.7200469970703,187.14546382427216
1702377125596,1512.1155548095703,181.9848883152008
1702377125607,1507.8182983398438,191.08964681625366
1702377125618,1503.3142852783203,190.33119320869446
1702377125630,1498.8375091552734,197.56341576576233
1702377125641,1495.007095336914,196.7605984210968
1702377125682,1498.095474243164,203.88644993305206
1702377125685,1496.4404296875,196.55062973499298
1702377125699,1499.6574401855469,196.88657104969025
1702377125708,1504.1106414794922,196.8300998210907
1702377125720,1499.6488189697266,198.47022235393524
1702377125730,1515.317153930664,194.8675435781479
1702377125741,1669.2234802246094,180.77441811561584
1702377125752,1711.8997192382812,183.22189092636108
1702377125763,1742.1432495117188,190.18580675125122
1702377125775,1745.3864288330078,192.68806099891663
1702377125786,1744.9324035644531,189.6941739320755
1702377125796,1745.3509521484375,186.5794587135315
1702377125830,1739.2322540283203,199.46574568748474
1702377125847,1744.2696380615234,201.9648939371109
1702377125852,1746.533432006836,203.86554479599
1702377125863,1750.8709716796875,203.9104986190796
1702377125875,1748.8719177246094,201.95382714271545
1702377125886,1744.7367858886719,201.64230465888977
1702377125897,1737.048110961914,207.4180018901825
1702377125908,1657.364273071289,316.620397567749
1702377125919,1627.3902130126953,368.6678695678711
1702377125930,1594.1258239746094,466.8563961982727
1702377125941,1534.469985961914,709.5779013633728
1702377125978,1532.6858520507812,738.9380693435669
1702377125985,1526.4586639404297,739.8658990859985
1702377125996,1527.1723175048828,747.5336265563965
1702377126009,1529.8568725585938,758.2485151290894
1702377126019,1524.499740600586,765.7600736618042
1702377126029,1527.7584075927734,763.8302135467529
1702377126041,1528.5005187988281,763.180947303772
1702377126051,1529.1065979003906,769.1281986236572
1702377126062,1525.1173400878906,778.2335042953491
1702377126074,1516.5641784667969,778.9532375335693
1702377126085,1518.3665466308594,774.6905851364136
1702377126096,1517.9685974121094,770.8333539962769
1702377126129,1524.1876983642578,774.9211692810059
1702377126130,1568.0207061767578,792.6188564300537
1702377126148,2014.9640655517578,1019.0792655944824
1702377126151,2341.700897216797,1113.094425201416
1702377126162,2433.465118408203,1181.8820571899414
1702377126172,nan,nan
1702377126183,nan,nan
1702377126194,nan,nan
1702377126205,nan,nan
1702377126217,nan,nan
1702377126227,nan,nan
1702377126237,nan,nan
1702377126278,nan,nan
1702377126279,nan,nan
1702377126282,nan,nan
1702377126297,nan,nan
1702377126304,nan,nan
1702377126314,nan,nan
1702377126331,nan,nan
1702377126352,nan,nan
1702377126364,nan,nan
1702377126375,nan,nan
1702377126385,nan,nan
1702377126398,nan,nan
1702377126430,nan,nan
1702377126447,nan,nan
1702377126451,nan,nan
1702377126464,nan,nan
1702377126475,nan,nan
1702377126485,nan,nan
1702377126497,nan,nan
1702377126507,nan,nan
1702377126518,nan,nan
1702377126531,nan,nan
1702377126541,nan,nan
1702377126559,nan,nan
1702377126579,nan,nan
1702377126580,nan,nan
1702377126585,nan,nan
1702377126599,nan,nan
1702377126608,nan,nan
1702377126618,nan,nan
1702377126630,nan,nan
1702377126641,nan,nan
1702377126652,nan,nan
1702377126664,nan,nan
1702377126674,nan,nan
1702377126685,nan,nan
1702377126697,nan,nan
1702377126735,nan,nan
1702377126736,nan,nan
1702377126740,nan,nan
1702377126752,nan,nan
1702377126764,nan,nan
1702377126772,nan,nan
1702377126785,nan,nan
1702377126796,nan,nan
1702377126806,nan,nan
1702377126819,nan,nan
1702377126830,nan,nan
1702377126839,nan,nan
1702377126882,nan,nan
1702377126883,nan,nan
1702377126885,nan,nan
1702377126902,nan,nan
1702377126906,nan,nan
1702377126918,nan,nan
1702377126930,nan,nan
1702377126939,nan,nan
1702377126952,nan,nan
1702377126963,nan,nan
1702377126973,nan,nan
1702377126985,nan,nan
1702377126996,nan,nan
1702377127029,nan,nan
1702377127030,nan,nan
1702377127039,nan,nan
1702377127050,nan,nan
1702377127064,nan,nan
1702377127073,nan,nan
1702377127084,nan,nan
1702377127102,nan,nan
1702377127117,nan,nan
1702377127128,nan,nan
1702377127141,nan,nan
1702377127179,nan,nan
1702377127180,nan,nan
1702377127186,nan,nan
1702377127198,nan,nan
1702377127209,nan,nan
1702377127219,nan,nan
1702377127231,1199.1975402832031,882.8979778289795
1702377127242,1222.1125411987305,853.0334901809692
1702377127253,1225.853614807129,852.9491186141968
1702377127265,1200.1219940185547,843.6119413375854
1702377127276,1241.6021347045898,810.6148910522461
1702377127287,1242.485694885254,795.9442377090454
1702377127298,1253.1407165527344,787.7730703353882
1702377127333,1256.9701385498047,764.3701314926147
1702377127352,1244.330940246582,776.7697477340698
1702377127354,1244.531135559082,777.8425884246826
1702377127366,1241.6450881958008,784.8050880432129
1702377127376,1245.0468063354492,777.3489761352539
1702377127386,1245.9986114501953,782.525897026062
1702377127397,1262.7377319335938,773.3554887771606
1702377127409,1412.935562133789,749.2226028442383
1702377127420,1421.8663787841797,742.1158218383789
1702377127431,1432.8119659423828,740.8825206756592
1702377127442,1396.065673828125,731.362202167511
1702377127454,1402.8005981445312,724.325737953186
1702377127464,1408.324966430664,724.0700054168701
1702377127506,1409.8155212402344,725.4865121841431
1702377127507,1410.796127319336,732.126202583313
1702377127509,1418.4526062011719,727.1534729003906
1702377127523,1421.0016632080078,728.6313271522522
1702377127531,1415.7364654541016,727.3369359970093
1702377127543,1409.403305053711,731.0253381729126
1702377127554,1405.6282806396484,726.6533803939819
1702377127564,1408.2539367675781,731.9828224182129
1702377127576,1408.1578826904297,730.3910064697266
1702377127587,1405.7759857177734,731.1006760597229
1702377127598,1405.718765258789,725.5760550498962
1702377127609,1406.3227081298828,718.2614135742188
1702377127620,1409.654769897461,709.8391914367676
1702377127639,1411.1052703857422,708.9261674880981
1702377127665,1406.6606140136719,708.2007694244385
1702377127666,1398.037109375,707.5938606262207
1702377127682,1401.847915649414,710.7818913459778
1702377127688,1404.572525024414,707.9947543144226
1702377127700,1408.0725860595703,713.8877820968628
1702377127709,1408.5478973388672,700.7105827331543
1702377127721,1401.0713958740234,707.9582762718201
1702377127731,1370.1394653320312,698.6612033843994
1702377127743,1299.3326568603516,701.5041732788086
1702377127753,1287.1184539794922,700.3806066513062
1702377127764,1298.4471893310547,696.9645667076111
1702377127775,1287.4958801269531,690.6509470939636
1702377127812,1291.0122680664062,688.8414216041565
1702377127813,1288.6482620239258,685.8377981185913
1702377127820,1293.9604949951172,683.589506149292
1702377127831,1300.1900482177734,686.4396858215332
1702377127843,1294.9097442626953,690.3110146522522
1702377127853,1295.6289672851562,691.1555671691895
1702377127864,1286.3162231445312,689.5607686042786
1702377127876,1290.2291107177734,690.8359336853027
1702377127887,1284.1373825073242,684.8962354660034
1702377127897,1284.7511291503906,689.2050004005432
1702377127909,1286.8157196044922,682.538423538208
1702377127920,1285.4502868652344,687.0998740196228
1702377127931,1289.0380096435547,681.9400119781494
1702377127967,1289.543228149414,688.3136916160583
1702377127976,1286.1913681030273,697.7917170524597
1702377127988,1286.4899444580078,695.4759192466736
1702377127998,1280.1776885986328,694.3841314315796
1702377128009,1288.410873413086,697.6976251602173
1702377128020,1291.8314361572266,700.9603500366211
1702377128031,1296.6285705566406,709.2274332046509
1702377128042,1289.8955154418945,706.619188785553
1702377128053,1289.1583633422852,704.6687507629395
1702377128064,1292.4079132080078,703.9880704879761
1702377128076,1292.1685028076172,700.9348583221436
1702377128087,1288.8324737548828,701.2970638275146
1702377128130,1285.2188110351562,696.6322731971741
1702377128147,1511.5503692626953,671.7521667480469
1702377128153,1597.1981048583984,656.2323045730591
1702377128164,1730.2136993408203,605.9295344352722
1702377128175,1970.592041015625,514.7235703468323
1702377128186,2024.4449615478516,473.86820554733276
1702377128197,2038.362808227539,471.1992359161377
1702377128208,2039.738540649414,476.2219834327698
1702377128220,2040.5928039550781,473.68590116500854
1702377128231,2040.274429321289,475.4615020751953
1702377128242,2040.1380157470703,477.2375535964966
1702377128286,2040.9589385986328,479.93375301361084
1702377128287,2040.6866455078125,480.201780796051
1702377128303,2046.9526672363281,477.6948595046997
1702377128310,2042.7218627929688,475.3190231323242
1702377128321,2042.6577758789062,480.56535959243774
1702377128331,2044.029769897461,477.97059059143066
1702377128342,2049.03076171875,474.1378426551819
1702377128353,2047.055435180664,473.4747791290283
1702377128364,2046.9827270507812,471.81989908218384
1702377128376,2049.487762451172,475.4515027999878
1702377128386,2051.119613647461,478.90517950057983
1702377128398,2049.7672271728516,472.8925895690918
1702377128441,2052.037353515625,465.3366994857788
1702377128442,2047.2342681884766,464.82085704803467
1702377128458,2052.2481536865234,469.2436909675598
1702377128465,2055.6104278564453,478.5303568840027
1702377128477,2054.215316772461,471.7398190498352
1702377128487,2047.2381591796875,464.00235414505005
1702377128498,2050.499038696289,454.74693059921265
1702377128509,2057.0272064208984,461.8602991104126
1702377128519,2059.5597076416016,464.1918897628784
1702377128530,2061.3638305664062,464.0985918045044
1702377128541,2029.40673828125,466.0693073272705
1702377128553,2028.9805603027344,466.1083388328552
1702377128564,2013.7322998046875,473.7950134277344
1702377128597,2014.979476928711,464.92554903030396
1702377128598,2007.1573638916016,462.23894119262695
1702377128613,2015.7054138183594,469.0858268737793
1702377128620,2021.004409790039,472.1409273147583
1702377128631,2010.922622680664,468.33905696868896
1702377128641,2010.6110382080078,463.53477001190186
1702377128653,2013.4426879882812,473.4366273880005
1702377128664,2017.9385375976562,470.27891635894775
1702377128675,2019.624252319336,469.56881761550903
1702377128686,2006.6835021972656,466.33718490600586
1702377128697,2017.3490142822266,473.02013397216797
1702377128708,2040.5339813232422,493.2186484336853
1702377128748,2246.110382080078,535.177731513977
1702377128749,nan,nan
1702377128751,nan,nan
1702377128765,nan,nan
1702377128773,nan,nan
1702377128786,nan,nan
1702377128795,nan,nan
1702377128806,nan,nan
1702377128817,nan,nan
1702377128828,nan,nan
1702377128838,nan,nan
1702377128849,nan,nan
1702377128861,nan,nan
1702377128897,nan,nan
1702377128905,nan,nan
1702377128916,nan,nan
1702377128927,nan,nan
1702377128938,nan,nan
1702377128949,nan,nan
1702377128960,nan,nan
1702377128970,nan,nan
1702377128989,nan,nan
1702377129009,nan,nan
1702377129046,nan,nan
1702377129047,nan,nan
1702377129061,nan,nan
1702377129066,nan,nan
1702377129076,nan,nan
1702377129087,nan,nan
1702377129099,nan,nan
1702377129109,nan,nan
1702377129120,nan,nan
1702377129133,nan,nan
1702377129142,nan,nan
1702377129182,nan,nan
1702377129183,nan,nan
1702377129187,nan,nan
1702377129201,nan,nan
1702377129209,nan,nan
1702377129221,nan,nan
1702377129232,nan,nan
1702377129242,nan,nan
1702377129254,nan,nan
1702377129266,nan,nan
1702377129282,nan,nan
1702377129297,nan,nan
1702377129333,nan,nan
1702377129342,nan,nan
1702377129353,nan,nan
1702377129366,nan,nan
1702377129374,nan,nan
1702377129392,nan,nan
1702377129410,nan,nan
1702377129422,nan,nan
1702377129434,nan,nan
1702377129444,nan,nan
1702377129481,nan,nan
1702377129482,nan,nan
1702377129489,nan,nan
1702377129501,nan,nan
1702377129511,nan,nan
1702377129522,nan,nan
1702377129534,nan,nan
1702377129544,nan,nan
1702377129556,nan,nan
1702377129568,nan,nan
1702377129578,nan,nan
1702377129612,nan,nan
1702377129613,nan,nan
1702377129627,nan,nan
1702377129634,nan,nan
1702377129644,nan,nan
1702377129655,nan,nan
1702377129667,nan,nan
1702377129677,nan,nan
1702377129688,nan,nan
1702377129700,nan,nan
1702377129711,nan,nan
1702377129722,nan,nan
1702377129766,nan,nan
1702377129767,nan,nan
1702377129782,nan,nan
1702377129789,nan,nan
1702377129802,nan,nan
1702377129810,nan,nan
1702377129822,nan,nan
1702377129834,nan,nan
1702377129844,nan,nan
1702377129855,nan,nan
1702377129867,nan,nan
1702377129877,nan,nan
1702377129915,nan,nan
1702377129916,nan,nan
1702377129922,nan,nan
1702377129934,nan,nan
1702377129944,nan,nan
1702377129956,nan,nan
1702377129967,nan,nan
1702377129977,nan,nan
1702377129989,nan,nan
1702377130001,nan,nan
1702377130011,nan,nan
1702377130022,nan,nan
1702377130066,nan,nan
1702377130067,nan,nan
1702377130084,nan,nan
1702377130088,nan,nan
1702377130100,nan,nan
1702377130110,nan,nan
1702377130122,nan,nan
1702377130134,nan,nan
1702377130143,nan,nan
1702377130155,nan,nan
1702377130167,nan,nan
1702377130177,nan,nan
1702377130216,nan,nan
1702377130217,nan,nan
1702377130222,nan,nan
1702377130233,nan,nan
1702377130244,nan,nan
1702377130255,nan,nan
1702377130267,nan,nan
1702377130277,nan,nan
1702377130289,nan,nan
1702377130300,nan,nan
1702377130310,nan,nan
1702377130322,nan,nan
1702377130334,nan,nan
1702377130367,nan,nan
1702377130368,nan,nan
1702377130377,nan,nan
1702377130389,nan,nan
1702377130400,nan,nan
1702377130409,nan,nan
1702377130421,nan,nan
1702377130433,nan,nan
1702377130443,nan,nan
1702377130455,nan,nan
1702377130498,nan,nan
1702377130499,nan,nan
1702377130514,nan,nan
1702377130521,nan,nan
1702377130533,nan,nan
1702377130544,nan,nan
1702377130555,nan,nan
1702377130566,nan,nan
1702377130576,nan,nan
1702377130588,nan,nan
1702377130600,nan,nan
1702377130610,nan,nan
1702377130648,nan,nan
1702377130655,nan,nan
1702377130666,nan,nan
1702377130677,nan,nan
1702377130688,nan,nan
1702377130700,nan,nan
1702377130710,nan,nan
1702377130722,nan,nan
1702377130733,nan,nan
1702377130743,nan,nan
1702377130755,nan,nan
1702377130776,nan,nan
1702377130797,nan,nan
1702377130798,nan,nan
1702377130799,nan,nan
1702377130813,nan,nan
1702377130821,nan,nan
1702377130842,nan,nan
1702377130855,nan,nan
1702377130867,1972.0539855957031,1357.01828956604
1702377130878,1972.0539855957031,1357.01828956604
1702377130889,1972.0539855957031,1357.01828956604
1702377130933,1589.6160888671875,954.2096328735352
1702377130934,1589.6160888671875,954.2096328735352
1702377130950,nan,nan
1702377130956,nan,nan
1702377130968,nan,nan
1702377130978,nan,nan
1702377130990,1652.2346496582031,860.1977348327637
1702377131001,1637.78076171875,918.7965774536133
1702377131012,1493.9605712890625,857.547197341919
1702377131023,1474.0977478027344,857.2146034240723
1702377131035,1420.2574157714844,813.8036727905273
1702377131046,1353.0055236816406,704.2719984054565
1702377131084,1337.8990173339844,698.5661029815674
1702377131085,1324.3516540527344,704.8515272140503
1702377131092,1334.628677368164,746.6692686080933
1702377131103,1337.5190734863281,733.8420867919922
1702377131114,1326.7465209960938,740.8307218551636
1702377131125,1325.7850646972656,738.0837106704712
1702377131137,1328.479232788086,738.7877798080444
1702377131148,1328.6750793457031,736.8059277534485
1702377131158,1330.1676940917969,738.7410879135132
1702377131169,1327.670669555664,743.9900207519531
1702377131180,1324.9050903320312,742.3712539672852
1702377131191,1327.9630279541016,747.3666429519653
1702377131211,1325.429458618164,747.8867554664612
1702377131232,1337.2285461425781,746.8443202972412
1702377131233,1332.6329040527344,737.2712802886963
1702377131236,1338.8427734375,733.4179973602295
1702377131250,1334.1380310058594,750.1638865470886
1702377131258,1334.1422271728516,759.1791343688965
1702377131269,1337.1485137939453,762.8818702697754
1702377131280,1338.8272857666016,759.5539999008179
1702377131291,1342.3423767089844,759.0548086166382
1702377131302,1335.9481048583984,760.1755857467651
1702377131314,1331.4059448242188,754.0278124809265
1702377131325,1329.2009735107422,752.0567965507507
1702377131367,1328.7413787841797,753.1901478767395
1702377131368,1324.0753936767578,746.9493770599365
1702377131369,1315.8355712890625,730.6846117973328
1702377131385,1307.0972442626953,706.7648434638977
1702377131392,1308.6278533935547,708.1569743156433
1702377131404,1295.9744262695312,713.4437155723572
1702377131414,1296.243896484375,730.6857490539551
1702377131425,1293.741455078125,730.9244012832642
1702377131436,1302.9447174072266,717.4868988990784
1702377131447,1300.9236145019531,712.9224228858948
1702377131458,1303.3467864990234,708.9319181442261
1702377131469,1302.0047760009766,711.1060738563538
1702377131481,1308.4711456298828,714.2983531951904
1702377131513,1306.6466522216797,720.262405872345
1702377131514,1302.4791717529297,725.3115248680115
1702377131529,1309.1664123535156,719.8238968849182
1702377131535,1308.6724853515625,716.071207523346
1702377131548,1306.5718078613281,726.2304925918579
1702377131557,1307.8515625,723.036539554596
1702377131569,1301.7135620117188,726.3564920425415
1702377131580,1299.664077758789,727.574450969696
1702377131591,1297.8678894042969,729.0648794174194
1702377131602,1307.0269775390625,742.1169805526733
1702377131614,1308.9955139160156,737.4968004226685
1702377131625,1309.7565460205078,745.7808566093445
1702377131666,1309.6881103515625,743.1696939468384
1702377131669,1287.7487564086914,746.7375254631042
1702377131682,1293.4158325195312,745.7258176803589
1702377131691,1305.5406951904297,761.5787887573242
1702377131703,1317.4371337890625,774.1819095611572
1702377131714,1319.3516540527344,776.5745687484741
1702377131724,1306.5348052978516,761.3197088241577
1702377131735,1302.8865432739258,742.800600528717
1702377131746,1297.2462844848633,745.9393858909607
1702377131756,1297.2462844848633,745.9393858909607
1702377131768,1299.9791717529297,767.0680475234985
1702377131779,1302.955551147461,764.4115877151489
1702377131815,1302.955551147461,764.4115877151489
1702377131816,1301.811752319336,799.058346748352
1702377131824,1307.3343658447266,824.5478296279907
1702377131835,1306.871337890625,783.517370223999
1702377131846,1309.5706939697266,772.1492671966553
1702377131858,1321.7961120605469,778.2076692581177
1702377131869,1325.3121948242188,783.9119338989258
1702377131880,1312.711181640625,783.1682109832764
1702377131891,1300.5020904541016,780.7727193832397
1702377131902,1295.2918243408203,778.4108304977417
1702377131913,1301.7486572265625,780.2935695648193
1702377131924,1305.73486328125,782.4756002426147
1702377131966,1311.7982482910156,772.9022169113159
1702377131969,1304.1626739501953,754.5162963867188
1702377131982,1281.0112762451172,748.0721712112427
1702377131991,1299.8136138916016,769.0794038772583
1702377132002,1308.2085418701172,767.1479558944702
1702377132013,1313.9820861816406,762.0525312423706
1702377132024,1311.8868255615234,760.4184007644653
1702377132035,1306.6712951660156,758.2453393936157
1702377132047,1306.0000610351562,751.7127656936646
1702377132058,1301.6503143310547,742.1947431564331
1702377132069,1312.9940795898438,735.3630495071411
1702377132080,1313.4253692626953,732.3054385185242
1702377132123,1315.476303100586,730.3011202812195
1702377132124,1304.2204284667969,734.6674132347107
1702377132140,1311.3443756103516,737.2730612754822
1702377132146,1325.3038787841797,733.9872479438782
1702377132158,1328.105239868164,744.4169855117798
1702377132168,1327.637710571289,746.6900825500488
1702377132179,1321.6706848144531,740.9454131126404
1702377132190,1323.3203887939453,742.5204706192017
1702377132202,1320.4658508300781,746.5606498718262
1702377132213,1316.7877960205078,753.4886455535889
1702377132224,1310.2590942382812,747.0352077484131
1702377132268,1308.4724426269531,743.245439529419
1702377132269,1309.7607421875,730.9510731697083
1702377132285,1317.0543670654297,734.0228891372681
1702377132291,1314.774398803711,732.7528738975525
1702377132303,1317.4211883544922,735.9065079689026
1702377132313,1317.423095703125,723.9467310905457
1702377132324,1321.7326354980469,734.631085395813
1702377132334,1323.075942993164,727.3043417930603
1702377132346,1586.1134338378906,844.5280981063843
1702377132357,1709.569091796875,900.6415414810181
1702377132368,1709.569091796875,900.6415414810181
1702377132379,2167.277603149414,1219.919514656067
1702377132419,2476.5274047851562,1328.8568115234375
1702377132423,nan,nan
1702377132437,nan,nan
1702377132444,nan,nan
1702377132456,nan,nan
1702377132467,nan,nan
1702377132477,nan,nan
1702377132488,nan,nan
1702377132498,nan,nan
1702377132508,nan,nan
1702377132528,nan,nan
1702377132571,nan,nan
1702377132572,nan,nan
1702377132587,nan,nan
1702377132593,nan,nan
1702377132605,nan,nan
1702377132613,nan,nan
1702377132625,nan,nan
1702377132637,nan,nan
1702377132647,nan,nan
1702377132659,nan,nan
1702377132670,nan,nan
1702377132680,nan,nan
1702377132716,nan,nan
1702377132732,nan,nan
1702377132738,nan,nan
1702377132747,nan,nan
1702377132759,nan,nan
1702377132770,nan,nan
1702377132781,nan,nan
1702377132792,nan,nan
1702377132804,nan,nan
1702377132814,nan,nan
1702377132826,nan,nan
1702377132865,nan,nan
1702377132866,nan,nan
1702377132870,nan,nan
1702377132881,nan,nan
1702377132892,nan,nan
1702377132903,nan,nan
1702377132913,nan,nan
1702377132925,nan,nan
1702377132936,nan,nan
1702377132947,nan,nan
1702377132958,nan,nan
1702377132970,nan,nan
1702377132980,nan,nan
1702377133017,nan,nan
1702377133018,nan,nan
1702377133026,nan,nan
1702377133037,nan,nan
1702377133047,nan,nan
1702377133059,nan,nan
1702377133070,nan,nan
1702377133081,nan,nan
1702377133092,nan,nan
1702377133103,nan,nan
1702377133114,nan,nan
1702377133125,nan,nan
1702377133166,nan,nan
1702377133170,nan,nan
1702377133183,nan,nan
1702377133193,nan,nan
1702377133204,nan,nan
1702377133214,nan,nan
1702377133225,nan,nan
1702377133237,nan,nan
1702377133246,nan,nan
1702377133258,nan,nan
1702377133269,nan,nan
1702377133280,nan,nan
1702377133317,nan,nan
1702377133318,nan,nan
1702377133325,nan,nan
1702377133337,nan,nan
1702377133346,nan,nan
1702377133358,nan,nan
1702377133369,nan,nan
1702377133379,nan,nan
1702377133391,nan,nan
1702377133403,nan,nan
1702377133413,nan,nan
1702377133425,nan,nan
1702377133466,nan,nan
1702377133467,nan,nan
1702377133469,nan,nan
1702377133483,nan,nan
1702377133491,nan,nan
1702377133502,nan,nan
1702377133513,nan,nan
1702377133524,nan,nan
1702377133536,1336.8238830566406,675.4106140136719
1702377133548,1336.8238830566406,675.4106140136719
1702377133559,1336.8238830566406,675.4106140136719
1702377133601,1341.5794372558594,693.1982088088989
1702377133602,1341.5794372558594,693.1982088088989
1702377133605,1304.9187088012695,761.8636393547058
1702377133617,1321.830062866211,735.6454968452454
1702377133627,1322.5479125976562,741.5645527839661
1702377133638,1328.5924530029297,738.5615086555481
1702377133649,1324.3819427490234,737.7505803108215
1702377133660,1321.6930389404297,735.3050494194031
1702377133671,1311.8509674072266,726.0358285903931
1702377133682,1312.7067565917969,716.3833522796631
1702377133693,1316.3379669189453,718.5375308990479
1702377133704,1323.919448852539,725.1019477844238
1702377133716,1334.365463256836,720.8270859718323
1702377133757,1331.2996673583984,718.2865834236145
1702377133758,1329.7286224365234,717.0172333717346
1702377133760,1326.5181732177734,715.7546639442444
1702377133773,1331.002426147461,722.1742415428162
1702377133782,1319.9278259277344,726.6106581687927
1702377133794,1317.7256774902344,713.7429428100586
1702377133804,1314.0567016601562,709.4173121452332
1702377133816,1316.7411804199219,712.6031112670898
1702377133827,1316.802978515625,722.8851342201233
1702377133838,1314.0470123291016,717.4788522720337
1702377133849,1311.3497924804688,716.118414402008
1702377133860,1314.2272186279297,715.3732752799988
1702377133902,1323.571548461914,715.5800414085388
1702377133905,1323.907470703125,709.4860625267029
1702377133917,1325.9290313720703,716.5223121643066
1702377133928,1328.757095336914,715.8228349685669
1702377133939,1325.477523803711,716.7741179466248
1702377133949,1310.8270263671875,709.6811556816101
1702377133961,1304.6277618408203,712.8119587898254
1702377133972,1304.3303680419922,712.0457911491394
1702377133983,1308.9488983154297,718.4090638160706
1702377133993,1355.1217651367188,710.8298707008362
1702377134004,1404.5246887207031,694.6119689941406
1702377134016,1734.9034118652344,655.807785987854
1702377134050,2097.593002319336,504.79692935943604
1702377134051,2137.7908325195312,468.5260820388794
1702377134066,2170.6259155273438,436.4612817764282
1702377134072,2173.2611083984375,436.7978024482727
1702377134083,2170.583038330078,444.1991329193115
1702377134094,2169.6907806396484,440.71693897247314
1702377134105,2168.953094482422,440.8212876319885
1702377134116,2168.3135986328125,435.7860732078552
1702377134127,2163.9578247070312,435.3412127494812
1702377134138,2161.3155364990234,429.4210410118103
1702377134149,2165.4549407958984,431.44010066986084
1702377134184,2165.753936767578,433.9236330986023
1702377134185,2165.579605102539,444.5465111732483
1702377134193,2165.558090209961,452.5878167152405
1702377134204,2167.2515869140625,452.70830154418945
1702377134217,2161.4932250976562,453.0254030227661
1702377134227,2161.407699584961,462.3436975479126
1702377134238,2157.554244995117,462.9495120048523
1702377134249,2155.869674682617,461.88167095184326
1702377134260,2153.6196899414062,460.8152675628662
1702377134271,2155.927505493164,457.34384536743164
1702377134282,2160.746078491211,452.68171548843384
1702377134294,2165.544204711914,446.8370747566223
1702377134305,2162.484588623047,446.5098023414612
1702377134338,2156.6341400146484,457.16516733169556
1702377134339,2152.9566955566406,463.09699058532715
1702377134356,2146.8685913085938,477.30621814727783
1702377134360,2151.731948852539,482.53369331359863
1702377134371,2155.1062774658203,478.1247854232788
1702377134381,2153.807601928711,475.90616941452026
1702377134393,2155.1795196533203,475.27218103408813
1702377134404,2159.077606201172,477.8193783760071
1702377134415,2179.617691040039,486.13375425338745
1702377134426,2236.263427734375,492.1050810813904
1702377134436,2251.7117309570312,494.5323944091797
1702377134447,nan,nan
1702377134487,nan,nan
1702377134488,nan,nan
1702377134491,nan,nan
1702377134505,nan,nan
1702377134513,nan,nan
1702377134524,nan,nan
1702377134534,nan,nan
1702377134546,nan,nan
1702377134557,nan,nan
1702377134568,nan,nan
1702377134579,nan,nan
1702377134589,nan,nan
1702377134635,nan,nan
1702377134639,nan,nan
1702377134651,nan,nan
1702377134661,nan,nan
1702377134673,nan,nan
1702377134683,nan,nan
1702377134694,nan,nan
1702377134706,nan,nan
1702377134716,nan,nan
1702377134728,nan,nan
1702377134740,nan,nan
1702377134750,nan,nan
1702377134786,nan,nan
1702377134787,nan,nan
1702377134794,nan,nan
1702377134806,nan,nan
1702377134816,nan,nan
1702377134827,nan,nan
1702377134839,nan,nan
1702377134849,nan,nan
1702377134860,nan,nan
1702377134873,nan,nan
1702377134882,nan,nan
1702377134894,nan,nan
1702377134934,nan,nan
1702377134940,nan,nan
1702377134950,nan,nan
1702377134961,nan,nan
1702377134973,nan,nan
1702377134982,nan,nan
1702377134994,nan,nan
1702377135006,nan,nan
1702377135015,nan,nan
1702377135027,nan,nan
1702377135039,nan,nan
1702377135049,nan,nan
1702377135085,nan,nan
1702377135086,nan,nan
1702377135101,nan,nan
1702377135107,nan,nan
1702377135118,nan,nan
1702377135128,nan,nan
1702377135139,nan,nan
1702377135148,nan,nan
1702377135160,nan,nan
1702377135172,nan,nan
1702377135181,nan,nan
1702377135193,nan,nan
1702377135233,nan,nan
1702377135234,nan,nan
1702377135239,nan,nan
1702377135250,nan,nan
1702377135260,nan,nan
1702377135272,nan,nan
1702377135282,nan,nan
1702377135293,nan,nan
1702377135306,nan,nan
1702377135315,nan,nan
1702377135327,nan,nan
1702377135368,nan,nan
1702377135373,nan,nan
1702377135384,nan,nan
1702377135394,nan,nan
1702377135406,nan,nan
1702377135415,nan,nan
1702377135427,nan,nan
1702377135440,nan,nan
1702377135449,nan,nan
1702377135461,nan,nan
1702377135473,nan,nan
1702377135482,nan,nan
1702377135519,nan,nan
1702377135520,nan,nan
1702377135527,nan,nan
1702377135539,nan,nan
1702377135548,nan,nan
1702377135560,nan,nan
1702377135572,nan,nan
1702377135581,nan,nan
1702377135593,nan,nan
1702377135605,nan,nan
1702377135615,nan,nan
1702377135627,nan,nan
1702377135639,nan,nan
1702377135671,nan,nan
1702377135672,nan,nan
1702377135689,nan,nan
1702377135694,nan,nan
1702377135706,nan,nan
1702377135715,nan,nan
1702377135727,nan,nan
1702377135739,nan,nan
1702377135748,nan,nan
1702377135760,nan,nan
1702377135772,nan,nan
1702377135782,nan,nan
1702377135821,nan,nan
1702377135822,nan,nan
1702377135827,nan,nan
1702377135839,nan,nan
1702377135849,nan,nan
1702377135860,nan,nan
1702377135873,nan,nan
1702377135881,nan,nan
1702377135893,nan,nan
1702377135905,nan,nan
1702377135914,nan,nan
1702377135926,nan,nan
1702377135938,nan,nan
1702377135973,nan,nan
1702377135974,nan,nan
1702377135982,nan,nan
1702377135993,nan,nan
1702377136005,nan,nan
1702377136016,nan,nan
1702377136027,nan,nan
1702377136038,nan,nan
1702377136048,nan,nan
1702377136065,nan,nan
1702377136085,nan,nan
1702377136120,nan,nan
1702377136121,nan,nan
1702377136139,nan,nan
1702377136142,nan,nan
1702377136153,nan,nan
1702377136163,nan,nan
1702377136175,nan,nan
1702377136185,nan,nan
1702377136197,nan,nan
1702377136209,nan,nan
1702377136218,nan,nan
1702377136231,nan,nan
1702377136271,nan,nan
1702377136272,nan,nan
1702377136275,nan,nan
1702377136291,nan,nan
1702377136296,nan,nan
1702377136308,nan,nan
1702377136318,nan,nan
1702377136330,nan,nan
1702377136342,nan,nan
1702377136352,nan,nan
1702377136363,nan,nan
1702377136376,nan,nan
1702377136385,nan,nan
1702377136421,nan,nan
1702377136422,nan,nan
1702377136439,nan,nan
1702377136442,nan,nan
1702377136453,nan,nan
1702377136463,nan,nan
1702377136475,nan,nan
1702377136484,nan,nan
1702377136496,nan,nan
1702377136509,nan,nan
1702377136518,nan,nan
1702377136530,nan,nan
1702377136569,nan,nan
1702377136570,nan,nan
1702377136575,nan,nan
1702377136585,nan,nan
1702377136597,nan,nan
1702377136609,nan,nan
1702377136618,nan,nan
1702377136630,nan,nan
1702377136643,nan,nan
1702377136651,nan,nan
1702377136663,nan,nan
1702377136675,nan,nan
1702377136684,nan,nan
1702377136719,nan,nan
1702377136720,nan,nan
1702377136735,nan,nan
1702377136742,nan,nan
1702377136751,nan,nan
1702377136763,nan,nan
1702377136775,nan,nan
1702377136784,nan,nan
1702377136796,nan,nan
1702377136808,nan,nan
1702377136818,nan,nan
1702377136854,nan,nan
1702377136855,nan,nan
1702377136870,nan,nan
1702377136875,nan,nan
1702377136885,nan,nan
1702377136896,nan,nan
1702377136909,nan,nan
1702377136918,nan,nan
1702377136930,nan,nan
1702377136942,nan,nan
1702377136952,nan,nan
1702377136963,nan,nan
1702377137003,nan,nan
1702377137004,nan,nan
1702377137009,nan,nan
1702377137020,nan,nan
1702377137030,nan,nan
1702377137042,nan,nan
1702377137052,nan,nan
1702377137063,nan,nan
1702377137075,nan,nan
1702377137085,nan,nan
1702377137096,nan,nan
1702377137138,nan,nan
1702377137139,nan,nan
1702377137141,nan,nan
1702377137157,nan,nan
1702377137162,nan,nan
1702377137175,nan,nan
1702377137184,nan,nan
1702377137196,nan,nan
1702377137208,nan,nan
1702377137218,nan,nan
1702377137229,nan,nan
1702377137241,nan,nan
1702377137251,nan,nan
1702377137286,nan,nan
1702377137287,nan,nan
1702377137303,nan,nan
1702377137308,nan,nan
1702377137319,nan,nan
1702377137329,nan,nan
1702377137341,nan,nan
1702377137351,nan,nan
1702377137363,nan,nan
1702377137374,nan,nan
1702377137384,nan,nan
1702377137419,nan,nan
1702377137435,nan,nan
1702377137440,nan,nan
1702377137457,nan,nan
1702377137475,nan,nan
1702377137484,nan,nan
1702377137495,nan,nan
1702377137507,nan,nan
1702377137518,nan,nan
1702377137530,nan,nan
1702377137572,1410.4994201660156,926.7569446563721
1702377137573,1410.4994201660156,926.7569446563721
1702377137574,1544.7207641601562,835.9285926818848
1702377137590,1544.7207641601562,835.9285926818848
1702377137596,1544.7207641601562,835.9285926818848
1702377137608,1547.7272033691406,883.2334041595459
1702377137620,1547.7272033691406,883.2334041595459
1702377137631,1547.7272033691406,883.2334041595459
1702377137643,1492.901611328125,904.7105598449707
1702377137653,1545.1731872558594,904.965648651123
1702377137664,1545.1731872558594,904.965648651123
1702377137676,1386.7000579833984,793.2355713844299
1702377137687,1318.4324645996094,757.7044773101807
1702377137726,1324.2137908935547,762.5423669815063
1702377137727,1324.419937133789,772.0434379577637
1702377137732,1313.857421875,760.7028865814209
1702377137744,1321.4900207519531,747.1193647384644
1702377137755,1319.0348052978516,736.2461614608765
1702377137766,1318.22265625,732.3280763626099
1702377137777,1319.8533630371094,730.0588846206665
1702377137787,1330.7781982421875,720.0295901298523
1702377137798,1324.8816680908203,717.8269600868225
1702377137809,1316.5201568603516,724.1638612747192
1702377137820,1309.2941284179688,730.0776815414429
1702377137831,1315.9526824951172,726.3598394393921
1702377137873,1315.5252838134766,726.675009727478
1702377137876,1327.1283721923828,716.0397934913635
1702377137891,1322.8852844238281,724.3804550170898
1702377137898,1316.8883514404297,720.0561118125916
1702377137910,1317.397232055664,720.8055639266968
1702377137920,1314.3875122070312,717.187328338623
1702377137932,1318.5303497314453,717.2247505187988
1702377137943,1312.9666137695312,716.426568031311
1702377137954,1308.8797760009766,717.3388624191284
1702377137965,1305.0273132324219,714.6605801582336
1702377137976,1330.3626251220703,720.7943630218506
1702377137987,1458.3584594726562,734.0993642807007
1702377138020,1480.8715057373047,739.6043729782104
1702377138021,1477.8205108642578,733.6651468276978
1702377138036,1487.1891021728516,729.4780683517456
1702377138043,1483.1092071533203,730.3070640563965
1702377138055,1484.7256469726562,738.1087732315063
1702377138065,1485.1238250732422,745.5072498321533
1702377138076,1484.74853515625,747.5094223022461
1702377138087,1491.0960388183594,743.2047986984253
1702377138099,1491.6468048095703,736.9594144821167
1702377138110,1494.72412109375,745.4232215881348
1702377138121,1494.3084716796875,740.6080770492554
1702377138132,1493.158950805664,743.2196044921875
1702377138170,1490.3466033935547,731.7870426177979
1702377138171,1490.3681945800781,730.1686191558838
1702377138176,1494.321517944336,735.4875469207764
1702377138187,1491.3238525390625,725.3387331962585
1702377138199,1490.5653381347656,719.3974685668945
1702377138209,1493.7176513671875,719.1454482078552
1702377138220,1491.2794494628906,722.8256320953369
1702377138231,1495.927963256836,730.9972715377808
1702377138242,1530.5093383789062,725.8113813400269
1702377138253,1706.435546875,805.9103393554688
1702377138265,2001.2919616699219,811.6661024093628
1702377138308,2050.2371978759766,809.5944929122925
1702377138309,2095.5682373046875,798.1391429901123
1702377138325,2079.7591400146484,806.7961978912354
1702377138332,2081.5795135498047,803.7363767623901
1702377138343,2085.743865966797,803.5638570785522
1702377138354,2089.3946838378906,802.8606033325195
1702377138365,2091.4221954345703,811.9775390625
1702377138376,2087.1636962890625,809.2567491531372
1702377138387,2090.901641845703,814.2662143707275
1702377138398,2083.723373413086,810.7258701324463
1702377138410,2091.6170501708984,806.3965272903442
1702377138421,2081.2599182128906,801.8714475631714
1702377138454,2085.8031463623047,802.7074384689331
1702377138455,2057.4027252197266,804.9231147766113
1702377138470,1945.2195739746094,793.1510066986084
1702377138476,1937.8648376464844,804.0462684631348
1702377138487,1962.216567993164,818.1251621246338
1702377138498,1960.6636810302734,812.0257759094238
1702377138510,1960.599136352539,806.4456653594971
1702377138521,1962.9325103759766,807.0578098297119
1702377138531,1964.890365600586,815.7427167892456
1702377138542,1957.7668762207031,815.3460502624512
1702377138553,1957.786865234375,810.288348197937
1702377138564,1959.1105651855469,815.0845241546631
1702377138604,1963.2046508789062,815.9911108016968
1702377138609,1957.1475982666016,804.1365194320679
1702377138620,1952.9153442382812,799.9033069610596
1702377138631,1955.8553314208984,811.4269351959229
1702377138655,1957.093734741211,813.4474325180054
1702377138664,1955.8760070800781,817.4792432785034
1702377138676,1953.4379577636719,814.1745471954346
1702377138687,1960.224609375,818.0671405792236
1702377138698,1961.0431671142578,817.7174663543701
1702377138742,1968.7321472167969,823.8505840301514
1702377138743,1958.3573150634766,816.0228681564331
1702377138760,1959.9497985839844,817.5764465332031
1702377138764,1953.9059448242188,814.8404216766357
1702377138776,1950.1627349853516,816.0425662994385
1702377138787,1937.8257751464844,818.0012655258179
1702377138797,1949.1102600097656,833.627815246582
1702377138808,1949.1102600097656,833.627815246582
1702377138820,2011.5921020507812,1072.5864601135254
1702377138831,nan,nan
1702377138841,nan,nan
1702377138852,nan,nan
1702377138872,nan,nan
1702377138894,nan,nan
1702377138895,nan,nan
1702377138896,nan,nan
1702377138909,nan,nan
1702377138917,nan,nan
1702377138928,nan,nan
1702377138939,nan,nan
1702377138950,nan,nan
1702377138961,nan,nan
1702377138972,nan,nan
1702377138983,nan,nan
1702377138994,nan,nan
1702377139006,nan,nan
1702377139041,nan,nan
1702377139042,nan,nan
1702377139060,nan,nan
1702377139065,nan,nan
1702377139076,nan,nan
1702377139086,nan,nan
1702377139098,nan,nan
1702377139110,nan,nan
1702377139119,nan,nan
1702377139131,nan,nan
1702377139143,nan,nan
1702377139153,nan,nan
1702377139190,nan,nan
1702377139191,nan,nan
1702377139198,nan,nan
1702377139210,nan,nan
1702377139219,nan,nan
1702377139231,nan,nan
1702377139244,nan,nan
1702377139253,nan,nan
1702377139265,nan,nan
1702377139277,nan,nan
1702377139285,nan,nan
1702377139297,nan,nan
1702377139309,nan,nan
1702377139341,nan,nan
1702377139342,nan,nan
1702377139343,nan,nan
1702377139361,nan,nan
1702377139364,nan,nan
1702377139377,nan,nan
1702377139386,nan,nan
1702377139397,nan,nan
1702377139410,nan,nan
1702377139419,nan,nan
1702377139431,nan,nan
1702377139443,nan,nan
1702377139452,nan,nan
1702377139493,nan,nan
1702377139494,nan,nan
1702377139498,nan,nan
1702377139510,nan,nan
1702377139519,nan,nan
1702377139531,nan,nan
1702377139542,nan,nan
1702377139552,nan,nan
1702377139564,nan,nan
1702377139576,nan,nan
1702377139586,nan,nan
1702377139597,nan,nan
1702377139636,nan,nan
1702377139637,nan,nan
1702377139643,nan,nan
1702377139653,nan,nan
1702377139665,nan,nan
1702377139683,nan,nan
1702377139698,nan,nan
1702377139709,nan,nan
1702377139720,nan,nan
1702377139732,nan,nan
1702377139743,1429.76806640625,613.5806751251221
1702377139754,1429.76806640625,613.5806751251221
1702377139791,1429.76806640625,613.5806751251221
1702377139798,1387.2903442382812,698.5414266586304
1702377139810,1482.874755859375,621.84814453125
1702377139822,1462.0121765136719,632.4678039550781
1702377139832,1462.0121765136719,632.4678039550781
1702377139844,1454.3644714355469,647.5052547454834
1702377139854,1442.8419494628906,699.6395444869995
1702377139865,1462.9672241210938,661.8011713027954
1702377139876,1478.7062072753906,644.6854591369629
1702377139887,1469.3690490722656,642.6404571533203
1702377139922,1467.6956176757812,647.1737337112427
1702377139923,1465.8889770507812,648.1424617767334
1702377139939,1463.8613891601562,647.221155166626
1702377139943,1467.24853515625,649.0757417678833
1702377139954,1469.0785217285156,640.901141166687
1702377139965,1468.8203430175781,645.5806732177734
1702377139976,1466.7266845703125,638.9766454696655
1702377139987,1425.6285095214844,682.845869064331
1702377139998,1427.5784301757812,700.5502510070801
1702377140010,1422.5148010253906,716.5367746353149
1702377140021,1433.0162048339844,715.5919075012207
1702377140032,1423.2511901855469,702.5828504562378
1702377140052,1417.4319458007812,702.4977493286133
1702377140074,1419.50439453125,700.2714729309082
1702377140075,1419.9058532714844,704.3695878982544
1702377140076,1423.1520080566406,714.1198682785034
1702377140092,1422.1540832519531,717.5012540817261
1702377140098,1430.6134033203125,728.0266284942627
1702377140110,1435.4428100585938,713.9477777481079
1702377140120,1431.6958618164062,709.673581123352
1702377140131,1429.2860412597656,703.4434747695923
1702377140143,1422.1734619140625,701.1560869216919
1702377140154,1424.9433898925781,704.6393966674805
1702377140165,1422.9159545898438,709.141731262207
1702377140176,1423.8569641113281,712.6622486114502
1702377140187,1427.2781372070312,724.092493057251
1702377140221,1431.1471557617188,724.3292140960693
1702377140222,1431.4186096191406,724.2602062225342
1702377140237,1457.813720703125,713.6369848251343
1702377140244,1575.8045959472656,767.316484451294
1702377140255,2127.977294921875,1069.5398998260498
1702377140264,2258.3212280273438,1148.9950847625732
1702377140275,2347.953643798828,1210.7981586456299
1702377140286,nan,nan
1702377140297,nan,nan
1702377140308,nan,nan
1702377140319,nan,nan
1702377140331,nan,nan
1702377140342,nan,nan
1702377140373,nan,nan
1702377140374,nan,nan
1702377140390,nan,nan
1702377140403,nan,nan
1702377140414,nan,nan
1702377140424,nan,nan
1702377140434,nan,nan
1702377140446,nan,nan
1702377140456,nan,nan
1702377140468,nan,nan
1702377140479,nan,nan
1702377140490,nan,nan
1702377140523,nan,nan
1702377140524,nan,nan
1702377140540,nan,nan
1702377140547,nan,nan
1702377140556,nan,nan
1702377140568,nan,nan
1702377140580,nan,nan
1702377140589,nan,nan
1702377140601,nan,nan
1702377140614,nan,nan
1702377140623,nan,nan
1702377140658,nan,nan
1702377140659,nan,nan
1702377140675,nan,nan
1702377140680,nan,nan
1702377140692,nan,nan
1702377140701,nan,nan
1702377140713,nan,nan
1702377140723,nan,nan
1702377140735,nan,nan
1702377140747,nan,nan
1702377140756,nan,nan
1702377140768,nan,nan
1702377140807,nan,nan
1702377140813,nan,nan
1702377140826,nan,nan
1702377140834,nan,nan
1702377140846,nan,nan
1702377140855,nan,nan
1702377140867,nan,nan
1702377140879,nan,nan
1702377140889,nan,nan
1702377140901,nan,nan
1702377140912,nan,nan
1702377140955,nan,nan
1702377140956,nan,nan
1702377140971,nan,nan
1702377140979,nan,nan
1702377140990,nan,nan
1702377141001,nan,nan
1702377141013,nan,nan
1702377141023,nan,nan
1702377141034,nan,nan
1702377141046,nan,nan
1702377141056,nan,nan
1702377141068,nan,nan
1702377141107,nan,nan
1702377141108,nan,nan
1702377141113,nan,nan
1702377141124,nan,nan
1702377141135,nan,nan
1702377141147,nan,nan
1702377141156,nan,nan
1702377141168,nan,nan
1702377141180,nan,nan
1702377141189,nan,nan
1702377141201,nan,nan
1702377141213,nan,nan
1702377141223,nan,nan
1702377141256,nan,nan
1702377141272,nan,nan
1702377141279,nan,nan
1702377141290,nan,nan
1702377141301,nan,nan
1702377141312,nan,nan
1702377141322,nan,nan
1702377141334,nan,nan
1702377141346,nan,nan
1702377141355,nan,nan
1702377141392,nan,nan
1702377141393,nan,nan
1702377141401,nan,nan
1702377141412,nan,nan
1702377141424,nan,nan
1702377141434,nan,nan
1702377141446,nan,nan
1702377141455,nan,nan
1702377141467,nan,nan
1702377141479,nan,nan
1702377141489,nan,nan
1702377141501,nan,nan
1702377141543,nan,nan
1702377141544,nan,nan
1702377141546,nan,nan
1702377141560,nan,nan
1702377141568,nan,nan
1702377141579,nan,nan
1702377141589,nan,nan
1702377141601,nan,nan
1702377141612,nan,nan
1702377141622,nan,nan
1702377141633,nan,nan
1702377141677,nan,nan
1702377141678,nan,nan
1702377141679,nan,nan
1702377141696,nan,nan
1702377141700,nan,nan
1702377141712,nan,nan
1702377141722,nan,nan
1702377141733,nan,nan
1702377141746,nan,nan
1702377141755,nan,nan
1702377141767,nan,nan
1702377141779,nan,nan
1702377141789,nan,nan
1702377141827,nan,nan
1702377141834,nan,nan
1702377141846,nan,nan
1702377141856,nan,nan
1702377141868,nan,nan
1702377141879,nan,nan
1702377141889,nan,nan
1702377141901,nan,nan
1702377141920,nan,nan
1702377141957,nan,nan
1702377141973,nan,nan
1702377141979,nan,nan
1702377141989,nan,nan
1702377142000,nan,nan
1702377142011,nan,nan
1702377142022,nan,nan
1702377142033,nan,nan
1702377142044,nan,nan
1702377142061,nan,nan
1702377142105,nan,nan
1702377142106,nan,nan
1702377142121,nan,nan
1702377142125,nan,nan
1702377142136,nan,nan
1702377142147,nan,nan
1702377142159,nan,nan
1702377142171,1624.1671752929688,867.4469089508057
1702377142183,1373.674545288086,844.146409034729
1702377142194,1422.0958709716797,826.4629697799683
1702377142205,1410.940170288086,820.4856777191162
1702377142241,1423.5261535644531,815.2786302566528
1702377142250,1340.123519897461,820.6023645401001
1702377142260,1414.6143341064453,814.9068117141724
1702377142274,1416.4097595214844,820.7554006576538
1702377142283,1427.9264831542969,827.4067211151123
1702377142293,1419.707260131836,850.5029010772705
1702377142304,1418.814468383789,845.0045013427734
1702377142316,1402.7963256835938,853.8343334197998
1702377142326,1353.6796569824219,844.9014186859131
1702377142338,1353.6796569824219,844.9014186859131
1702377142349,1391.8648529052734,807.9222106933594
1702377142360,1436.7056274414062,773.165717124939
1702377142393,1441.9371032714844,781.2360763549805
1702377142394,1431.6010284423828,785.9865474700928
1702377142413,1426.8234252929688,785.1136922836304
1702377142416,1430.973892211914,784.9112606048584
1702377142428,1437.9251861572266,770.9024906158447
1702377142439,1437.9203033447266,766.1043405532837
1702377142450,1447.0203399658203,757.9445457458496
1702377142461,1441.344223022461,762.5683093070984
1702377142472,1440.3836059570312,766.3691711425781
1702377142483,1439.5979309082031,775.3148317337036
1702377142494,1442.6754760742188,777.2008323669434
1702377142506,1444.9626922607422,779.9176740646362
1702377142540,1440.997543334961,781.0955286026001
1702377142557,1452.2592163085938,759.2341947555542
1702377142561,1452.81494140625,762.0722937583923
1702377142573,1452.4332427978516,752.7921295166016
1702377142582,1462.0893096923828,745.5347156524658
1702377142593,2221.824951171875,1193.3419132232666
1702377142604,2221.824951171875,1193.3419132232666
1702377142614,2221.824951171875,1193.3419132232666
1702377142625,nan,nan
1702377142636,nan,nan
1702377142647,nan,nan
1702377142658,nan,nan
1702377142691,nan,nan
1702377142692,nan,nan
1702377142708,nan,nan
1702377142713,nan,nan
1702377142725,nan,nan
1702377142735,nan,nan
1702377142745,nan,nan
1702377142764,nan,nan
1702377142784,nan,nan
1702377142824,nan,nan
1702377142825,nan,nan
1702377142827,nan,nan
1702377142844,nan,nan
1702377142851,nan,nan
1702377142861,nan,nan
1702377142873,nan,nan
1702377142885,nan,nan
1702377142895,nan,nan
1702377142907,nan,nan
1702377142919,nan,nan
1702377142928,nan,nan
1702377142940,nan,nan
1702377142976,nan,nan
1702377142977,nan,nan
1702377142993,nan,nan
1702377142994,nan,nan
1702377143007,nan,nan
1702377143018,nan,nan
1702377143027,nan,nan
1702377143040,nan,nan
1702377143051,nan,nan
1702377143061,nan,nan
1702377143073,nan,nan
1702377143084,nan,nan
1702377143124,nan,nan
1702377143127,nan,nan
1702377143140,nan,nan
1702377143151,nan,nan
1702377143160,nan,nan
1702377143173,nan,nan
1702377143184,nan,nan
1702377143194,nan,nan
1702377143206,nan,nan
1702377143218,nan,nan
1702377143260,nan,nan
1702377143261,nan,nan
1702377143268,nan,nan
1702377143286,nan,nan
1702377143294,nan,nan
1702377143306,nan,nan
1702377143317,nan,nan
1702377143328,nan,nan
1702377143339,nan,nan
1702377143350,nan,nan
1702377143360,nan,nan
1702377143379,nan,nan
1702377143411,nan,nan
1702377143415,nan,nan
1702377143430,nan,nan
1702377143444,nan,nan
1702377143453,1522.7471923828125,803.4374713897705
1702377143464,1522.7471923828125,803.4374713897705
1702377143475,1522.7471923828125,803.4374713897705
1702377143486,1579.0792846679688,774.5902919769287
1702377143497,1579.0792846679688,774.5902919769287
1702377143508,1579.0792846679688,774.5902919769287
1702377143520,1509.39453125,771.879415512085
1702377143563,1565.6198120117188,742.111701965332
1702377143564,1565.018310546875,744.2737770080566
1702377143580,1595.8711242675781,752.7261257171631
1702377143587,1591.8467712402344,747.4646186828613
1702377143598,1590.928955078125,757.3746299743652
1702377143608,1588.6373901367188,756.233081817627
1702377143619,1587.0243835449219,760.3887462615967
1702377143630,1583.7843322753906,749.2957305908203
1702377143641,1581.6368103027344,745.3536128997803
1702377143653,1586.1727905273438,742.2573566436768
1702377143664,1587.298583984375,745.8201885223389
1702377143675,1590.6336975097656,750.5022525787354
1702377143708,1579.3998718261719,753.11279296875
1702377143709,1559.3205261230469,710.2996301651001
1702377143724,1566.9416809082031,700.3779029846191
1702377143731,1571.8670654296875,704.7114944458008
1702377143743,1572.7409362792969,709.0655136108398
1702377143753,1566.79931640625,704.2375802993774
1702377143764,1561.2150573730469,706.9781970977783
1702377143775,1554.5413208007812,700.8750772476196
1702377143786,1559.5356750488281,714.2693424224854
1702377143797,1570.4182434082031,724.5385551452637
1702377143808,1568.3642578125,719.1420793533325
1702377143820,1570.1608276367188,721.0280799865723
1702377143861,1563.2763671875,724.3666362762451
1702377143864,1920.0047302246094,771.0216236114502
1702377143879,2003.5986328125,784.2753410339355
1702377143886,2060.3973388671875,784.0220546722412
1702377143898,2131.3946533203125,792.784595489502
1702377143909,2138.0259704589844,789.906005859375
1702377143920,2142.686767578125,793.6204147338867
1702377143931,2133.128204345703,800.1414012908936
1702377143941,2131.316375732422,821.5085220336914
1702377143953,2141.4910888671875,812.6676177978516
1702377143963,2142.9766845703125,812.3849773406982
1702377143982,2144.81201171875,800.6856536865234
1702377144007,2134.4241333007812,810.9965801239014
1702377144008,2130.4434204101562,802.2415065765381
1702377144022,2134.117889404297,802.6888561248779
1702377144030,2137.008514404297,812.528486251831
1702377144041,2145.096435546875,812.9284572601318
1702377144052,2143.0892944335938,805.700740814209
1702377144063,2143.104248046875,809.7558975219727
1702377144075,2136.2875366210938,814.7976779937744
1702377144086,2132.3004150390625,819.2332363128662
1702377144097,2136.381378173828,811.451997756958
1702377144108,2128.90625,800.5506420135498
1702377144119,2132.072296142578,803.0862522125244
1702377144159,2122.921905517578,799.5916557312012
1702377144160,2128.4716796875,811.4112281799316
1702377144163,2122.6271057128906,809.6450901031494
1702377144175,2138.7380981445312,807.4278259277344
1702377144186,2135.364990234375,811.9785690307617
1702377144197,2142.9676818847656,809.1995429992676
1702377144208,2129.5541381835938,796.5994262695312
1702377144219,2128.5484313964844,784.9061107635498
1702377144230,2133.316650390625,788.7108135223389
1702377144242,2122.5938415527344,792.9610633850098
1702377144253,2107.7542114257812,826.1783981323242
1702377144264,2008.3413696289062,930.0963592529297
1702377144275,2002.4934387207031,967.0219230651855
1702377144309,1991.4707946777344,972.6845169067383
1702377144310,1984.6920776367188,987.6216316223145
1702377144324,1995.9455871582031,1001.5546131134033
1702377144330,1990.81298828125,991.6951560974121
1702377144342,1983.2014465332031,982.2178173065186
1702377144352,1979.9363708496094,976.9510746002197
1702377144363,1991.3070678710938,996.3677787780762
1702377144374,1992.5836181640625,996.5999507904053
1702377144385,1991.8467712402344,995.9703826904297
1702377144396,1991.6215515136719,1000.3467178344727
1702377144408,1989.0049743652344,985.6032371520996
1702377144419,1991.3682556152344,989.1033267974854
1702377144442,1989.5353698730469,973.6337184906006
1702377144462,1991.4070129394531,978.4511375427246
1702377144463,1989.7502136230469,981.8905448913574
1702377144478,1990.8668518066406,997.4368858337402
1702377144486,2058.4996032714844,1035.336799621582
1702377144497,2357.1609497070312,1150.3698348999023
1702377144508,2485.474853515625,1168.7168312072754
1702377144518,2528.2754516601562,1164.158706665039
1702377144529,nan,nan
1702377144540,nan,nan
1702377144551,nan,nan
1702377144562,nan,nan
1702377144574,nan,nan
1702377144613,nan,nan
1702377144614,nan,nan
1702377144618,nan,nan
1702377144631,nan,nan
1702377144639,nan,nan
1702377144658,nan,nan
1702377144678,nan,nan
1702377144689,nan,nan
1702377144699,nan,nan
1702377144711,nan,nan
1702377144722,nan,nan
1702377144740,nan,nan
1702377144760,nan,nan
1702377144761,nan,nan
1702377144765,nan,nan
1702377144777,nan,nan
1702377144791,nan,nan
1702377144799,nan,nan
1702377144811,nan,nan
1702377144823,nan,nan
1702377144832,nan,nan
1702377144845,nan,nan
1702377144857,nan,nan
1702377144894,nan,nan
1702377144895,nan,nan
1702377144899,nan,nan
1702377144912,nan,nan
1702377144923,nan,nan
1702377144932,nan,nan
1702377144944,nan,nan
1702377144957,nan,nan
1702377144965,nan,nan
1702377144978,nan,nan
1702377144990,nan,nan
1702377144999,nan,nan
1702377145011,nan,nan
1702377145049,nan,nan
1702377145050,nan,nan
1702377145057,nan,nan
1702377145065,nan,nan
1702377145078,nan,nan
1702377145089,nan,nan
1702377145099,nan,nan
1702377145110,nan,nan
1702377145123,nan,nan
1702377145132,nan,nan
1702377145144,nan,nan
1702377145156,nan,nan
1702377145196,nan,nan
1702377145197,nan,nan
1702377145199,nan,nan
1702377145215,nan,nan
1702377145223,nan,nan
1702377145232,nan,nan
1702377145244,nan,nan
1702377145256,nan,nan
1702377145265,nan,nan
1702377145277,nan,nan
1702377145290,nan,nan
1702377145299,nan,nan
1702377145311,nan,nan
1702377145348,nan,nan
1702377145356,nan,nan
1702377145366,nan,nan
1702377145377,nan,nan
1702377145389,nan,nan
1702377145399,nan,nan
1702377145411,nan,nan
1702377145423,nan,nan
1702377145432,nan,nan
1702377145444,nan,nan
1702377145494,nan,nan
1702377145495,nan,nan
1702377145500,nan,nan
1702377145513,nan,nan
1702377145524,1340.7830810546875,761.4874649047852
1702377145535,1359.1195678710938,723.6408519744873
1702377145547,1374.2231750488281,853.2540321350098
1702377145558,1343.3670806884766,789.1464686393738
1702377145569,1345.3450775146484,780.4619479179382
1702377145580,1345.4670715332031,774.7647213935852
1702377145592,1348.8204956054688,837.3992156982422
1702377145602,1347.4232482910156,837.0619010925293
1702377145623,1329.9037170410156,849.6757507324219
1702377145642,1302.8369140625,845.7971477508545
1702377145643,1352.0470428466797,779.3695592880249
1702377145647,1347.8558349609375,772.8154420852661
1702377145660,1353.3997344970703,771.8009233474731
1702377145669,1349.6691131591797,764.3710970878601
1702377145680,1353.228530883789,765.4513835906982
1702377145691,1344.4308471679688,768.8534545898438
1702377145703,1351.2198638916016,761.8176555633545
1702377145714,1382.6738739013672,768.8087797164917
1702377145725,1432.9281616210938,768.4834384918213
1702377145736,1573.6610412597656,767.4791765213013
1702377145776,1571.9222259521484,766.7130947113037
1702377145777,1577.0350646972656,756.4929556846619
1702377145781,1583.5305786132812,746.8484401702881
1702377145793,1578.2018280029297,752.8846764564514
1702377145804,1576.1720275878906,749.7164297103882
1702377145814,1579.480972290039,747.745885848999
1702377145825,1583.6666107177734,744.5082664489746
1702377145836,1585.2623748779297,755.0630378723145
1702377145847,1584.5233917236328,754.3810272216797
1702377145858,1581.8557739257812,750.7103490829468
1702377145869,1592.9476928710938,744.4965291023254
1702377145880,1584.7037506103516,745.3621315956116
1702377145891,1592.5848388671875,750.3964233398438
1702377145928,1591.400146484375,746.2600493431091
1702377145929,1593.3712768554688,749.1691946983337
1702377145936,1583.9196014404297,753.5105752944946
1702377145947,1586.4997100830078,751.3794207572937
1702377145959,1590.2151489257812,750.7274293899536
1702377145969,1588.893051147461,735.2090263366699
1702377145980,1585.3862762451172,736.6007494926453
1702377145991,1583.1415557861328,733.8228392601013
1702377146003,1581.4503479003906,750.337393283844
1702377146014,1584.6429443359375,744.3501877784729
1702377146025,1581.623306274414,749.0128970146179
1702377146065,1577.7332305908203,722.9791617393494
1702377146066,1575.6825256347656,724.834349155426
1702377146069,1682.2028350830078,795.2128314971924
1702377146082,1886.5277099609375,877.0236825942993
1702377146090,2152.7146911621094,988.7860107421875
1702377146101,2427.3326110839844,1171.360502243042
1702377146112,nan,nan
1702377146123,nan,nan
1702377146134,nan,nan
1702377146145,nan,nan
1702377146156,nan,nan
1702377146167,nan,nan
1702377146179,nan,nan
1702377146211,nan,nan
1702377146212,nan,nan
1702377146215,nan,nan
1702377146235,nan,nan
1702377146248,nan,nan
1702377146259,nan,nan
1702377146268,nan,nan
1702377146280,nan,nan
1702377146293,nan,nan
1702377146302,nan,nan
1702377146344,nan,nan
1702377146347,nan,nan
1702377146360,nan,nan
1702377146369,nan,nan
1702377146379,nan,nan
1702377146392,nan,nan
1702377146401,nan,nan
1702377146413,nan,nan
1702377146425,nan,nan
1702377146435,nan,nan
1702377146446,nan,nan
1702377146459,nan,nan
1702377146498,nan,nan
1702377146501,nan,nan
1702377146515,nan,nan
1702377146525,nan,nan
1702377146535,nan,nan
1702377146547,nan,nan
1702377146559,nan,nan
1702377146568,nan,nan
1702377146580,nan,nan
1702377146592,nan,nan
1702377146601,nan,nan
1702377146645,nan,nan
1702377146646,nan,nan
1702377146662,nan,nan
1702377146668,nan,nan
1702377146681,nan,nan
1702377146692,nan,nan
1702377146701,nan,nan
1702377146713,nan,nan
1702377146725,nan,nan
1702377146734,nan,nan
1702377146746,nan,nan
1702377146759,nan,nan
1702377146797,nan,nan
1702377146798,nan,nan
1702377146801,nan,nan
1702377146813,nan,nan
1702377146826,nan,nan
1702377146835,nan,nan
1702377146846,nan,nan
1702377146859,nan,nan
1702377146868,nan,nan
1702377146880,nan,nan
1702377146893,nan,nan
1702377146901,nan,nan
1702377146923,nan,nan
1702377146944,nan,nan
1702377146945,nan,nan
1702377146946,nan,nan
1702377146961,nan,nan
1702377146967,nan,nan
1702377146979,nan,nan
1702377146991,nan,nan
1702377147001,nan,nan
1702377147012,nan,nan
1702377147025,nan,nan
1702377147034,nan,nan
1702377147046,nan,nan
1702377147079,nan,nan
1702377147097,nan,nan
1702377147101,nan,nan
1702377147114,nan,nan
1702377147125,nan,nan
1702377147134,nan,nan
1702377147146,nan,nan
1702377147158,nan,nan
1702377147167,nan,nan
1702377147180,nan,nan
1702377147192,nan,nan
1702377147232,nan,nan
1702377147234,nan,nan
1702377147251,nan,nan
1702377147258,nan,nan
1702377147269,nan,nan
1702377147280,nan,nan
1702377147292,nan,nan
1702377147301,nan,nan
1702377147313,nan,nan
1702377147324,nan,nan
1702377147334,nan,nan
1702377147345,nan,nan
1702377147378,nan,nan
1702377147379,nan,nan
1702377147396,nan,nan
1702377147400,nan,nan
1702377147414,nan,nan
1702377147424,nan,nan
1702377147434,nan,nan
1702377147446,nan,nan
1702377147457,nan,nan
1702377147467,nan,nan
1702377147479,nan,nan
1702377147491,nan,nan
1702377147532,nan,nan
1702377147533,nan,nan
1702377147534,nan,nan
1702377147550,nan,nan
1702377147558,nan,nan
1702377147568,nan,nan
1702377147580,nan,nan
1702377147592,nan,nan
1702377147601,nan,nan
1702377147612,nan,nan
1702377147625,nan,nan
1702377147634,nan,nan
1702377147646,nan,nan
1702377147679,nan,nan
1702377147680,nan,nan
1702377147695,nan,nan
1702377147700,nan,nan
1702377147713,nan,nan
1702377147725,nan,nan
1702377147733,nan,nan
1702377147745,nan,nan
1702377147757,nan,nan
1702377147767,nan,nan
1702377147779,nan,nan
1702377147814,nan,nan
1702377147815,nan,nan
1702377147830,nan,nan
1702377147833,nan,nan
1702377147846,nan,nan
1702377147857,nan,nan
1702377147867,nan,nan
1702377147879,nan,nan
1702377147891,nan,nan
1702377147900,nan,nan
1702377147912,nan,nan
1702377147924,nan,nan
1702377147961,nan,nan
1702377147962,nan,nan
1702377147968,nan,nan
1702377147979,nan,nan
1702377147993,nan,nan
1702377148001,nan,nan
1702377148013,nan,nan
1702377148025,nan,nan
1702377148034,nan,nan
1702377148046,nan,nan
1702377148059,nan,nan
1702377148098,nan,nan
1702377148100,nan,nan
1702377148116,nan,nan
1702377148124,nan,nan
1702377148134,nan,nan
1702377148145,nan,nan
1702377148157,nan,nan
1702377148167,nan,nan
1702377148179,nan,nan
1702377148191,nan,nan
1702377148200,nan,nan
1702377148212,nan,nan
1702377148248,nan,nan
1702377148249,nan,nan
1702377148257,nan,nan
1702377148268,nan,nan
1702377148279,nan,nan
1702377148291,nan,nan
1702377148300,nan,nan
1702377148312,nan,nan
1702377148324,nan,nan
1702377148333,nan,nan
1702377148345,nan,nan
1702377148357,nan,nan
1702377148398,nan,nan
1702377148400,nan,nan
1702377148416,nan,nan
1702377148432,nan,nan
1702377148446,nan,nan
1702377148457,nan,nan
1702377148468,nan,nan
1702377148479,nan,nan
1702377148490,nan,nan
1702377148502,nan,nan
1702377148513,nan,nan
1702377148547,nan,nan
1702377148565,nan,nan
1702377148579,nan,nan
1702377148592,nan,nan
1702377148605,nan,nan
1702377148616,1510.4524230957031,830.0001811981201
1702377148626,1510.4524230957031,830.0001811981201
1702377148638,1510.4524230957031,830.0001811981201
1702377148678,1488.1820678710938,1011.029462814331
1702377148683,1613.5330963134766,811.461181640625
1702377148694,1611.3483428955078,813.9858484268188
1702377148707,1587.1074676513672,819.4326639175415
1702377148717,1591.7823791503906,815.2122831344604
1702377148727,1591.4010620117188,816.0385322570801
1702377148739,1600.3430938720703,808.2698678970337
1702377148750,1604.4374084472656,808.0175685882568
1702377148760,1602.8736877441406,806.4203023910522
1702377148772,1610.8464050292969,803.1883907318115
1702377148783,1606.045913696289,806.4331769943237
1702377148823,1608.140640258789,807.9342699050903
1702377148824,1604.8979949951172,800.2813911437988
1702377148828,1600.7804870605469,799.297513961792
1702377148839,1612.5852966308594,782.3155689239502
1702377148850,1605.9532928466797,783.5668516159058
1702377148861,1613.922348022461,778.3549976348877
1702377148873,1609.5201873779297,779.8296976089478
1702377148883,1616.5611267089844,771.1590814590454
1702377148894,1601.3848876953125,778.7001657485962
1702377148906,1607.9684448242188,771.9281673431396
1702377148917,1611.957015991211,781.1754369735718
1702377148928,1622.1466064453125,771.3566207885742
1702377148939,1618.6076354980469,772.5609970092773
1702377148981,1620.8010864257812,764.5192193984985
1702377148984,1610.4561614990234,767.6105403900146
1702377148999,1608.9844512939453,766.4737129211426
1702377149005,1614.210433959961,761.9073057174683
1702377149016,1618.3656311035156,763.2498693466187
1702377149027,1623.3686828613281,765.2741003036499
1702377149038,1623.3760833740234,765.5653667449951
1702377149049,1619.8224639892578,762.0208597183228
1702377149060,1619.1539001464844,767.3306465148926
1702377149072,1608.8742065429688,760.8654499053955
1702377149083,1586.4949035644531,749.1540670394897
1702377149094,1566.4102172851562,736.2405824661255
1702377149131,1504.572525024414,716.1044239997864
1702377149139,1512.894058227539,711.1301064491272
1702377149150,1522.530288696289,710.8693313598633
1702377149163,1513.7444305419922,712.4713182449341
1702377149173,1508.9629364013672,718.3236193656921
1702377149184,1508.8859558105469,718.9873695373535
1702377149193,1513.96484375,718.673722743988
1702377149205,1507.3533630371094,723.9282131195068
1702377149216,1502.7037048339844,717.9425525665283
1702377149227,1498.5803985595703,716.3857126235962
1702377149238,1583.3236694335938,736.9172930717468
1702377149280,1640.6682586669922,767.0391225814819
1702377149281,1762.0526123046875,816.9044351577759
1702377149283,2071.4586639404297,954.8845195770264
1702377149297,2080.402145385742,949.9483966827393
1702377149305,2096.6870880126953,960.1240110397339
1702377149316,2092.400894165039,957.1886014938354
1702377149327,2080.985336303711,964.954948425293
1702377149338,2087.726516723633,966.8890571594238
1702377149350,2078.3680725097656,957.7129411697388
1702377149360,2084.774856567383,956.8559217453003
1702377149372,2074.382858276367,956.6691970825195
1702377149383,2078.6217498779297,966.6490745544434
1702377149394,2075.729217529297,969.6703147888184
1702377149431,2075.8462524414062,970.464506149292
1702377149439,2078.998565673828,974.4071817398071
1702377149450,2079.9886322021484,965.8714056015015
1702377149461,2090.3324127197266,964.5063543319702
1702377149472,2097.5038146972656,961.656904220581
1702377149483,2095.8106231689453,967.0879697799683
1702377149494,2083.956756591797,965.9905815124512
1702377149505,2080.7376098632812,965.1686668395996
1702377149516,2082.2509002685547,961.6575479507446
1702377149528,2092.630844116211,962.2205543518066
1702377149539,2084.785919189453,962.7287578582764
1702377149560,2101.6292572021484,970.8751201629639
1702377149580,2111.163330078125,982.4212789535522
1702377149581,2168.6782836914062,995.2630949020386
1702377149582,2163.5292053222656,989.6765041351318
1702377149599,2163.276596069336,986.2870073318481
1702377149605,2175.822525024414,1004.2779779434204
1702377149617,2182.133331298828,1009.049391746521
1702377149627,2190.5130767822266,1008.7967920303345
1702377149638,2183.7051391601562,1002.7700614929199
1702377149649,2186.4115142822266,1002.9266595840454
1702377149660,2179.3091583251953,998.3277225494385
1702377149672,2187.442169189453,994.8827791213989
1702377149711,2184.072036743164,992.5223064422607
1702377149712,2187.7923583984375,989.3192338943481
1702377149716,2193.215866088867,979.1067123413086
1702377149729,2190.0028228759766,981.1603403091431
1702377149738,2189.3690490722656,987.4811267852783
1702377149749,2187.424850463867,993.8289928436279
1702377149760,2190.475082397461,999.4265270233154
1702377149772,2191.7649841308594,994.455041885376
1702377149783,2194.2543029785156,992.8170919418335
1702377149794,2198.3175659179688,993.8793325424194
1702377149805,2202.3435974121094,997.625241279602
1702377149816,2206.204376220703,1000.285906791687
1702377149827,2210.745849609375,996.6446685791016
1702377149864,2203.6212158203125,989.990644454956
1702377149872,2196.4175415039062,1004.8825693130493
1702377149883,2193.475341796875,1001.9651412963867
1702377149894,2207.4771118164062,1000.741753578186
1702377149905,2211.646957397461,996.0444974899292
1702377149916,2214.934616088867,991.8038606643677
1702377149927,2205.339584350586,988.8473796844482
1702377149938,2200.400924682617,996.0276746749878
1702377149949,2201.8346405029297,999.4962215423584
1702377149960,2204.8623657226562,1005.6957292556763
1702377149999,2349.750442504883,1056.9596529006958
1702377150003,nan,nan
1702377150015,nan,nan
1702377150025,nan,nan
1702377150036,nan,nan
1702377150047,nan,nan
1702377150058,nan,nan
1702377150069,nan,nan
1702377150080,nan,nan
1702377150091,nan,nan
1702377150101,nan,nan
1702377150113,nan,nan
1702377150149,nan,nan
1702377150152,nan,nan
1702377150172,nan,nan
1702377150184,nan,nan
1702377150195,nan,nan
1702377150204,nan,nan
1702377150216,nan,nan
1702377150228,nan,nan
1702377150238,nan,nan
1702377150250,nan,nan
1702377150262,nan,nan
1702377150301,nan,nan
1702377150305,nan,nan
1702377150315,nan,nan
1702377150329,nan,nan
1702377150337,nan,nan
1702377150348,nan,nan
1702377150361,nan,nan
1702377150370,nan,nan
1702377150382,nan,nan
1702377150395,nan,nan
1702377150404,nan,nan
1702377150449,nan,nan
1702377150450,nan,nan
1702377150467,nan,nan
1702377150471,nan,nan
1702377150482,nan,nan
1702377150495,nan,nan
1702377150504,nan,nan
1702377150516,nan,nan
1702377150529,nan,nan
1702377150537,nan,nan
1702377150550,nan,nan
1702377150561,nan,nan
1702377150601,nan,nan
1702377150602,nan,nan
1702377150604,nan,nan
1702377150617,nan,nan
1702377150629,nan,nan
1702377150637,nan,nan
1702377150649,nan,nan
1702377150661,nan,nan
1702377150671,nan,nan
1702377150683,nan,nan
1702377150693,nan,nan
1702377150703,nan,nan
1702377150715,nan,nan
1702377150747,nan,nan
1702377150748,nan,nan
1702377150766,nan,nan
1702377150770,nan,nan
1702377150782,nan,nan
1702377150793,nan,nan
1702377150804,nan,nan
1702377150815,nan,nan
1702377150827,nan,nan
1702377150837,nan,nan
1702377150879,nan,nan
1702377150880,nan,nan
1702377150882,nan,nan
1702377150897,nan,nan
1702377150904,nan,nan
1702377150916,nan,nan
1702377150927,1854.3228149414062,984.6847629547119
1702377150938,1854.3228149414062,984.6847629547119
1702377150949,1854.3228149414062,984.6847629547119
1702377150960,1733.8807678222656,959.2881488800049
1702377150971,1733.8807678222656,959.2881488800049
1702377150982,1733.8807678222656,959.2881488800049
1702377150994,1683.2830810546875,1011.0718631744385
1702377151033,1683.2830810546875,1011.0718631744385
1702377151034,1683.2830810546875,1011.0718631744385
1702377151038,1518.6888122558594,739.6055316925049
1702377151050,1518.6888122558594,739.6055316925049
1702377151060,1486.6716003417969,695.1172113418579
1702377151071,1486.6716003417969,695.1172113418579
1702377151082,1491.6767883300781,712.5457334518433
1702377151093,1489.7634887695312,722.3619747161865
1702377151106,1492.9537963867188,694.1355228424072
1702377151117,1470.1431274414062,747.9182553291321
1702377151128,1450.0460815429688,745.8735537528992
1702377151167,1472.510757446289,738.7917065620422
1702377151168,1475.3350830078125,739.5968842506409
1702377151173,1489.690933227539,739.2532181739807
1702377151184,1486.192855834961,737.0894050598145
1702377151196,1487.112045288086,735.7358551025391
1702377151207,1489.5144653320312,727.9522132873535
1702377151218,1493.5164642333984,725.9695672988892
1702377151229,1495.60546875,724.3157601356506
1702377151240,1494.7618865966797,721.6658449172974
1702377151251,1494.4316101074219,723.278968334198
1702377151262,1492.9661560058594,721.0708665847778
1702377151273,1494.0247344970703,714.9270629882812
1702377151294,1509.4001007080078,718.4268951416016
1702377151316,1539.3315887451172,719.6488451957703
1702377151318,1617.307357788086,724.4129204750061
1702377151333,1622.401123046875,725.0965189933777
1702377151340,1625.9021759033203,721.4723825454712
1702377151351,1629.7058868408203,726.1524939537048
1702377151362,1617.88330078125,727.5620913505554
1702377151373,1620.9728240966797,725.0259876251221
1702377151385,1617.6686096191406,722.2834610939026
1702377151396,1628.9772033691406,718.1273460388184
1702377151407,1632.736587524414,714.7494149208069
1702377151447,1640.1985931396484,720.8024525642395
1702377151448,1643.79150390625,725.9522294998169
1702377151450,1635.217514038086,715.7040023803711
1702377151465,1640.9252166748047,727.9745721817017
1702377151473,1752.518081665039,795.1474714279175
1702377151483,1993.7136840820312,765.0503826141357
1702377151494,2059.824676513672,744.1660594940186
1702377151504,nan,nan
1702377151515,nan,nan
1702377151527,nan,nan
1702377151537,nan,nan
1702377151549,nan,nan
1702377151560,nan,nan
1702377151603,nan,nan
1702377151604,nan,nan
1702377151619,nan,nan
1702377151639,nan,nan
1702377151651,nan,nan
1702377151663,nan,nan
1702377151673,nan,nan
1702377151684,nan,nan
1702377151697,nan,nan
1702377151706,nan,nan
1702377151729,nan,nan
1702377151749,nan,nan
1702377151750,nan,nan
1702377151766,nan,nan
1702377151772,nan,nan
1702377151785,nan,nan
1702377151796,nan,nan
1702377151805,nan,nan
1702377151818,nan,nan
1702377151830,nan,nan
1702377151839,nan,nan
1702377151851,nan,nan
1702377151863,nan,nan
1702377151901,nan,nan
1702377151902,nan,nan
1702377151906,nan,nan
1702377151918,nan,nan
1702377151929,nan,nan
1702377151939,nan,nan
1702377151951,nan,nan
1702377151963,nan,nan
1702377151973,nan,nan
1702377151984,nan,nan
1702377151997,nan,nan
1702377152005,nan,nan
1702377152027,nan,nan
1702377152049,nan,nan
1702377152050,nan,nan
1702377152068,nan,nan
1702377152072,nan,nan
1702377152083,nan,nan
1702377152095,nan,nan
1702377152105,nan,nan
1702377152117,nan,nan
1702377152129,nan,nan
1702377152138,nan,nan
1702377152150,nan,nan
1702377152162,nan,nan
1702377152200,nan,nan
1702377152206,nan,nan
1702377152218,nan,nan
1702377152229,nan,nan
1702377152239,nan,nan
1702377152250,nan,nan
1702377152263,nan,nan
1702377152272,nan,nan
1702377152284,nan,nan
1702377152296,nan,nan
1702377152306,nan,nan
1702377152317,nan,nan
1702377152351,nan,nan
1702377152368,nan,nan
1702377152373,nan,nan
1702377152384,nan,nan
1702377152396,nan,nan
1702377152405,nan,nan
1702377152417,nan,nan
1702377152429,nan,nan
1702377152438,nan,nan
1702377152450,nan,nan
1702377152462,nan,nan
1702377152500,nan,nan
1702377152501,nan,nan
1702377152516,nan,nan
1702377152528,nan,nan
1702377152538,nan,nan
1702377152550,nan,nan
1702377152561,nan,nan
1702377152572,nan,nan
1702377152583,nan,nan
1702377152594,nan,nan
1702377152605,nan,nan
1702377152648,nan,nan
1702377152652,nan,nan
1702377152666,nan,nan
1702377152675,nan,nan
1702377152687,nan,nan
1702377152698,nan,nan
1702377152708,nan,nan
1702377152720,nan,nan
1702377152732,nan,nan
1702377152741,nan,nan
1702377152752,nan,nan
1702377152764,nan,nan
1702377152800,nan,nan
1702377152801,nan,nan
1702377152807,nan,nan
1702377152819,nan,nan
1702377152833,nan,nan
1702377152840,nan,nan
1702377152853,nan,nan
1702377152865,nan,nan
1702377152874,nan,nan
1702377152886,nan,nan
1702377152898,nan,nan
1702377152935,nan,nan
1702377152936,nan,nan
1702377152953,nan,nan
1702377152964,nan,nan
1702377152975,nan,nan
1702377152986,nan,nan
1702377152997,nan,nan
1702377153008,nan,nan
1702377153019,nan,nan
1702377153031,nan,nan
1702377153042,nan,nan
1702377153063,nan,nan
1702377153085,nan,nan
1702377153086,nan,nan
1702377153103,nan,nan
1702377153109,nan,nan
1702377153120,nan,nan
1702377153131,nan,nan
1702377153141,nan,nan
1702377153152,nan,nan
1702377153163,nan,nan
1702377153174,nan,nan
1702377153185,nan,nan
1702377153197,nan,nan
1702377153235,nan,nan
1702377153236,nan,nan
1702377153241,nan,nan
1702377153252,nan,nan
1702377153265,nan,nan
1702377153274,nan,nan
1702377153286,nan,nan
1702377153297,nan,nan
1702377153308,nan,nan
1702377153319,nan,nan
1702377153330,nan,nan
1702377153341,nan,nan
1702377153352,nan,nan
1702377153386,nan,nan
1702377153404,nan,nan
1702377153408,nan,nan
1702377153419,nan,nan
1702377153429,nan,nan
1702377153448,nan,nan
1702377153470,nan,nan
1702377153478,nan,nan
1702377153491,nan,nan
1702377153502,nan,nan
1702377153534,nan,nan
1702377153535,nan,nan
1702377153544,nan,nan
1702377153556,nan,nan
1702377153569,nan,nan
1702377153578,nan,nan
1702377153590,nan,nan
1702377153601,nan,nan
1702377153611,nan,nan
1702377153623,nan,nan
1702377153635,nan,nan
1702377153645,nan,nan
1702377153687,nan,nan
1702377153688,nan,nan
1702377153689,nan,nan
1702377153705,nan,nan
1702377153712,nan,nan
1702377153723,nan,nan
1702377153734,nan,nan
1702377153745,nan,nan
1702377153756,nan,nan
1702377153768,nan,nan
1702377153784,nan,nan
1702377153800,nan,nan
1702377153838,nan,nan
1702377153839,nan,nan
1702377153845,1738.7995910644531,852.2318744659424
1702377153860,1738.7995910644531,852.2318744659424
1702377153867,1777.5411987304688,837.5388622283936
1702377153878,1777.5411987304688,837.5388622283936
1702377153889,1777.5411987304688,837.5388622283936
1702377153900,nan,nan
1702377153911,nan,nan
1702377153922,nan,nan
1702377153934,1775.4547119140625,813.3110046386719
1702377153945,1783.8833618164062,818.8982391357422
1702377153956,1783.8833618164062,818.8982391357422
1702377153968,1777.0974731445312,826.0444164276123
1702377154007,1784.1928100585938,826.2849998474121
1702377154008,1784.1928100585938,826.2849998474121
1702377154012,1765.4818725585938,823.8838005065918
1702377154024,1771.3236999511719,836.3606643676758
1702377154035,1765.5245971679688,842.6398658752441
1702377154045,1771.5496826171875,838.7998867034912
1702377154057,1764.7679138183594,827.7273845672607
1702377154067,1774.8405456542969,826.2519550323486
1702377154078,1738.0227661132812,800.7799816131592
1702377154089,1714.1891479492188,777.4513721466064
1702377154100,1677.1551513671875,758.8722896575928
1702377154111,1572.8646850585938,661.0898065567017
1702377154130,1568.5374450683594,662.2574472427368
1702377154150,1571.0647583007812,660.568470954895
1702377154156,1570.1856994628906,682.0761823654175
1702377154167,1567.47802734375,674.4540739059448
1702377154180,1561.1993408203125,662.2501087188721
1702377154189,1562.9208374023438,658.6804533004761
1702377154200,1570.8909606933594,658.7416934967041
1702377154211,1558.0313110351562,659.3972253799438
1702377154223,1565.9750366210938,666.6811609268188
1702377154234,1554.400634765625,682.8511047363281
1702377154245,1556.8051147460938,695.9612274169922
1702377154284,1548.1582641601562,688.0111598968506
1702377154289,1564.4683837890625,677.1531915664673
1702377154301,1561.9061279296875,675.5333089828491
1702377154312,1563.4956359863281,674.0748739242554
1702377154323,1567.6846313476562,677.7689409255981
1702377154334,1567.9679870605469,679.3467664718628
1702377154345,1568.4552001953125,682.8886985778809
1702377154356,1560.4704284667969,669.9829816818237
1702377154367,1615.4763793945312,681.2473154067993
1702377154378,1965.1644897460938,761.246452331543
1702377154390,2077.8567504882812,793.8195419311523
1702377154401,2144.829864501953,804.2078018188477
1702377154434,2253.3352661132812,829.0221405029297
1702377154435,2253.3973693847656,843.0252456665039
1702377154449,2236.801300048828,858.9486408233643
1702377154455,2236.4822387695312,851.2504005432129
1702377154467,2242.213897705078,842.7737617492676
1702377154478,2241.468963623047,846.595458984375
1702377154489,2239.4241333007812,842.6912784576416
1702377154500,2231.7105102539062,839.6807670593262
1702377154511,2233.8328552246094,827.2786617279053
1702377154522,2229.114990234375,816.5854454040527
1702377154533,2228.277587890625,822.4067401885986
1702377154544,2234.116973876953,830.5731010437012
1702377154565,2246.298828125,845.026216506958
1702377154584,2239.6092224121094,847.0919895172119
1702377154585,2155.501708984375,804.7278499603271
1702377154589,2138.2984924316406,799.0437984466553
1702377154601,2123.3148193359375,799.6584320068359
1702377154611,2137.3574829101562,813.1947898864746
1702377154622,2127.355194091797,805.7954978942871
1702377154633,2117.920684814453,799.8738670349121
1702377154645,2113.8015747070312,798.6524963378906
1702377154656,2117.5717163085938,803.5336017608643
1702377154667,2131.300506591797,797.5757503509521
1702377154678,2142.6055908203125,803.7145328521729
1702377154720,2135.8078002929688,801.3668918609619
1702377154723,2125.446014404297,785.4384326934814
1702377154738,2127.0526123046875,783.982572555542
1702377154744,2123.893585205078,812.836103439331
1702377154756,2133.855438232422,813.0447578430176
1702377154766,2145.1405334472656,810.7850933074951
1702377154777,2207.7145385742188,799.1634464263916
1702377154788,nan,nan
1702377154799,nan,nan
1702377154810,nan,nan
1702377154821,nan,nan
1702377154832,nan,nan
1702377154870,nan,nan
1702377154871,nan,nan
1702377154877,nan,nan
1702377154888,nan,nan
1702377154901,nan,nan
1702377154909,nan,nan
1702377154928,nan,nan
1702377154947,nan,nan
1702377154959,nan,nan
1702377154971,nan,nan
1702377154981,nan,nan
1702377155018,nan,nan
1702377155019,nan,nan
1702377155025,nan,nan
1702377155038,nan,nan
1702377155046,nan,nan
1702377155058,nan,nan
1702377155071,nan,nan
1702377155080,nan,nan
1702377155092,nan,nan
1702377155104,nan,nan
1702377155113,nan,nan
1702377155150,nan,nan
1702377155151,nan,nan
1702377155166,nan,nan
1702377155172,nan,nan
1702377155180,nan,nan
1702377155192,nan,nan
1702377155204,nan,nan
1702377155213,nan,nan
1702377155225,nan,nan
1702377155238,nan,nan
1702377155246,nan,nan
1702377155258,nan,nan
1702377155302,nan,nan
1702377155304,nan,nan
1702377155318,nan,nan
1702377155325,nan,nan
1702377155338,nan,nan
1702377155347,nan,nan
1702377155359,nan,nan
1702377155371,nan,nan
1702377155380,nan,nan
1702377155392,nan,nan
1702377155436,nan,nan
1702377155437,nan,nan
1702377155452,nan,nan
1702377155458,nan,nan
1702377155471,nan,nan
1702377155479,nan,nan
1702377155491,nan,nan
1702377155504,nan,nan
1702377155513,nan,nan
1702377155524,nan,nan
1702377155537,nan,nan
1702377155547,nan,nan
1702377155586,nan,nan
1702377155591,nan,nan
1702377155604,nan,nan
1702377155614,nan,nan
1702377155625,nan,nan
1702377155637,nan,nan
1702377155647,nan,nan
1702377155658,nan,nan
1702377155671,nan,nan
1702377155681,nan,nan
1702377155721,nan,nan
1702377155722,nan,nan
1702377155724,nan,nan
1702377155741,nan,nan
1702377155748,nan,nan
1702377155760,nan,nan
1702377155768,1806.8275451660156,914.0725421905518
1702377155780,1806.8275451660156,914.0725421905518
1702377155790,1806.8275451660156,914.0725421905518
1702377155802,1877.890625,807.493143081665
1702377155813,1877.890625,807.493143081665
1702377155824,1877.890625,807.493143081665
1702377155835,1825.4203796386719,884.2019176483154
1702377155871,1825.4203796386719,884.2019176483154
1702377155889,1535.8750915527344,707.970871925354
1702377155891,1537.2734069824219,716.8648195266724
1702377155903,1521.8185424804688,712.4358701705933
1702377155914,1508.6294555664062,690.1806163787842
1702377155924,1502.1745300292969,676.606707572937
1702377155936,1509.6487426757812,672.071328163147
1702377155946,1519.8086547851562,657.605767250061
1702377155957,1519.8086547851562,657.605767250061
1702377155969,1470.3413391113281,668.4102630615234
1702377155980,1503.3404541015625,645.5205059051514
1702377156020,1511.5158081054688,646.7490005493164
1702377156021,1516.4669799804688,646.0147619247437
1702377156025,1521.0545349121094,654.8266124725342
1702377156038,1520.892333984375,657.1221971511841
1702377156047,1521.0826110839844,652.7219581604004
1702377156058,1523.6494445800781,648.5232496261597
1702377156069,1522.3609924316406,659.3351697921753
1702377156080,1523.243408203125,655.4615449905396
1702377156092,1517.1121215820312,651.0307931900024
1702377156103,1513.9549255371094,631.4856004714966
1702377156114,1510.1905822753906,646.534252166748
1702377156125,1508.1190490722656,645.7710027694702
1702377156135,1511.0137939453125,655.8272695541382
1702377156171,1517.4412536621094,649.3856334686279
