timestamp,x,y
1702376101547,1376.3935089111328,808.5154724121094
1702376101558,1381.1068725585938,811.0799646377563
1702376101599,1378.4325408935547,817.3868894577026
1702376101603,1364.3334197998047,816.1944437026978
1702376101615,1367.423095703125,813.3429336547852
1702376101625,1375.1310729980469,811.2541151046753
1702376101636,1386.7611694335938,807.3250436782837
1702376101647,1387.2718048095703,809.6918249130249
1702376101658,1383.9959716796875,808.1621932983398
1702376101670,1373.5719299316406,811.7094039916992
1702376101681,1365.3424072265625,811.5341377258301
1702376101692,1363.6238098144531,811.5340518951416
1702376101703,1371.7262268066406,819.2593717575073
1702376101743,1371.1152648925781,813.8811779022217
1702376101744,1359.1868591308594,810.9491586685181
1702376101748,1232.4819564819336,788.5332727432251
1702376101761,1216.327247619629,781.6733407974243
1702376101769,1241.6966247558594,786.497368812561
1702376101780,1234.5006561279297,791.6269540786743
1702376101791,1235.2342987060547,801.3518714904785
1702376101802,1235.8224487304688,799.9945449829102
1702376101813,1238.4735107421875,803.1992053985596
1702376101824,1244.3671035766602,801.2292194366455
1702376101836,1241.2197494506836,804.8259544372559
1702376101847,1236.0805130004883,793.046293258667
1702376101858,1229.0391159057617,785.8485746383667
1702376101894,1228.7714004516602,776.8698263168335
1702376101895,1232.1542358398438,778.9083051681519
1702376101903,1223.3659362792969,784.0241575241089
1702376101914,1219.4277954101562,785.3002882003784
1702376101925,1218.8827896118164,793.3582878112793
1702376101936,1226.6331481933594,797.1086597442627
1702376101947,1226.110496520996,792.4791240692139
1702376101958,1229.2936706542969,780.4844570159912
1702376101969,1230.8921813964844,781.0850143432617
1702376101980,1238.726692199707,788.2282304763794
1702376101991,1236.1777877807617,790.8630609512329
1702376102003,1231.9509506225586,787.487211227417
1702376102040,1231.966209411621,785.2532958984375
1702376102041,1233.2318878173828,794.8292541503906
1702376102047,1233.371925354004,794.1775417327881
1702376102057,1235.6334686279297,789.2304754257202
1702376102070,1234.1624450683594,792.7396631240845
1702376102080,1232.8225708007812,791.6574239730835
1702376102091,1231.3323211669922,793.8141775131226
1702376102102,1229.3569946289062,789.254207611084
1702376102114,1227.6810836791992,791.9726371765137
1702376102125,1228.340835571289,793.4448051452637
1702376102136,1228.4213638305664,798.7957048416138
1702376102148,1233.7474060058594,800.4914617538452
1702376102158,1235.4430389404297,796.0243606567383
1702376102193,1231.6261291503906,785.9067249298096
1702376102194,1224.9739074707031,786.3902950286865
1702376102210,1224.650650024414,791.6351509094238
1702376102213,1232.819480895996,789.097695350647
1702376102225,1230.7475662231445,783.8276481628418
1702376102236,1247.8052139282227,800.5569076538086
1702376102247,1262.481689453125,807.3576593399048
1702376102257,1278.6076354980469,820.2671098709106
1702376102269,1333.5851287841797,851.1640119552612
1702376102280,1331.506118774414,851.4338207244873
1702376102291,1339.1926574707031,853.9648818969727
1702376102328,1340.9947204589844,847.5263786315918
1702376102336,1338.1517791748047,842.6252746582031
1702376102347,1338.8167572021484,848.7919092178345
1702376102360,1345.046157836914,857.6095962524414
1702376102369,1348.134765625,866.9840240478516
1702376102380,1346.9116973876953,864.1658592224121
1702376102391,1348.3914947509766,856.495943069458
1702376102402,1351.8861389160156,844.8372173309326
1702376102413,1356.0314178466797,847.9479360580444
1702376102425,1352.7997589111328,854.15602684021
1702376102436,1352.7093505859375,856.705756187439
1702376102479,1350.6282806396484,856.0930967330933
1702376102480,1353.3802795410156,853.0693674087524
1702376102497,1321.739273071289,670.7847476005554
1702376102504,1324.0757751464844,327.4738597869873
1702376102514,1330.7723999023438,262.2924470901489
1702376102525,1331.3861846923828,217.06413745880127
1702376102536,1338.7007141113281,189.04845356941223
1702376102547,1341.8484497070312,187.62131989002228
1702376102557,1342.8565216064453,191.28863990306854
1702376102569,1341.4810180664062,198.261079788208
1702376102580,1338.9341735839844,201.63416147232056
1702376102591,1338.1604766845703,197.19434916973114
1702376102602,1341.1588287353516,184.5553994178772
1702376102646,1342.0789337158203,183.44859659671783
1702376102647,1340.1727294921875,186.99196100234985
1702376102663,1342.3120880126953,183.5688990354538
1702376102669,1341.3656616210938,185.60420215129852
1702376102680,1342.0297241210938,190.10977149009705
1702376102691,1335.9632873535156,186.8829506635666
1702376102702,1330.8067321777344,184.57806408405304
1702376102713,1325.5142211914062,181.1426854133606
1702376102724,1332.8731536865234,181.90833806991577
1702376102735,1245.3174591064453,167.7663266658783
1702376102746,1227.6459121704102,167.1880477666855
1702376102758,1095.9917831420898,162.41167187690735
1702376102794,700.4077529907227,170.30341744422913
1702376102795,657.110710144043,155.99246442317963
1702376102803,652.2909927368164,167.55486130714417
1702376102813,646.1898040771484,168.3567988872528
1702376102824,645.2306747436523,171.39391243457794
1702376102836,635.1377105712891,158.91729533672333
1702376102847,639.8150634765625,160.06050646305084
1702376102858,642.0492362976074,155.64893782138824
1702376102869,633.7099647521973,154.22685742378235
1702376102880,632.8753471374512,150.6265550851822
1702376102891,633.5507392883301,154.41251456737518
1702376102902,641.1591720581055,158.4522968530655
1702376102945,638.7203025817871,160.42329668998718
1702376102946,637.0134735107422,148.4997296333313
1702376102964,636.7473602294922,145.25807082653046
1702376102968,629.0884208679199,144.00911629199982
1702376102979,628.2845497131348,146.00463688373566
1702376102991,631.0764503479004,153.36373329162598
1702376103002,582.6207542419434,149.3437135219574
1702376103013,564.256763458252,154.66134309768677
1702376103024,495.6369209289551,149.92855846881866
1702376103035,341.72393798828125,159.08986866474152
1702376103046,336.0516548156738,159.67335641384125
1702376103057,341.9426727294922,166.77545428276062
1702376103097,328.51490020751953,155.194850564003
1702376103102,333.24164390563965,155.8348846435547
1702376103116,330.16200065612793,151.89298689365387
1702376103124,328.43738555908203,140.93877017498016
1702376103136,332.19470977783203,142.22424566745758
1702376103146,332.98924446105957,146.87900483608246
1702376103157,333.99277687072754,160.04034161567688
1702376103168,338.1883716583252,162.57946014404297
1702376103179,343.9450931549072,165.62178254127502
1702376103191,348.0054569244385,167.99850940704346
1702376103202,347.2331714630127,177.0378541946411
1702376103243,342.96319007873535,168.42867136001587
1702376103244,480.4282760620117,142.22015798091888
1702376103246,520.5113220214844,137.43531167507172
1702376103259,587.0232772827148,131.88897013664246
1702376103268,688.9689636230469,95.99680110812187
1702376103280,711.3653945922852,107.39410132169724
1702376103291,704.1300582885742,80.28487332165241
1702376103301,712.1942901611328,82.80141837894917
1702376103312,693.372802734375,87.88030989468098
1702376103323,722.0817565917969,144.97969508171082
1702376103334,738.6133193969727,129.5691168308258
1702376103346,744.0079879760742,108.05066049098969
1702376103356,743.7553405761719,107.30867564678192
1702376103395,737.3271942138672,106.90756738185883
1702376103396,727.5543975830078,103.18713963031769
1702376103401,738.0770874023438,116.06975197792053
1702376103414,781.4861297607422,114.95249390602112
1702376103423,850.4125595092773,119.589062333107
1702376103435,1162.4472045898438,125.59014290571213
1702376103446,1205.512924194336,124.7669917345047
1702376103457,1222.946548461914,117.89269924163818
1702376103468,1226.502914428711,129.61684942245483
1702376103479,1232.0558547973633,130.07229924201965
1702376103490,1234.4052505493164,122.47059166431427
1702376103501,1238.7525939941406,81.73982754349709
1702376103544,1229.6703338623047,67.17146627604961
1702376103546,1233.6307907104492,111.79598450660706
1702376103561,1230.5141830444336,116.21910810470581
1702376103568,1234.5042037963867,100.31345307826996
1702376103579,1235.3043746948242,96.70206785202026
1702376103590,1251.0355377197266,99.86434936523438
1702376103601,1232.1519088745117,119.50462102890015
1702376103613,1238.907356262207,105.95866084098816
1702376103624,1235.2798080444336,98.964304625988
1702376103634,1241.1618423461914,77.61781811714172
1702376103645,1245.9444046020508,90.60900896787643
1702376103656,1262.1010971069336,69.0452729165554
1702376103694,1248.9721298217773,109.7735184431076
1702376103695,1235.6227111816406,91.85417085886002
1702376103701,1167.0230865478516,84.33238103985786
1702376103711,1163.7654876708984,85.8934048935771
1702376103723,702.3906707763672,187.02245235443115
1702376103735,402.7987861633301,240.2331018447876
1702376103745,392.6306343078613,243.7593698501587
1702376103757,354.4533157348633,239.43289160728455
1702376103768,336.3319396972656,213.31214547157288
1702376103779,310.18510818481445,212.92635262012482
1702376103790,306.83756828308105,244.4336450099945
1702376103801,291.30112648010254,260.766441822052
1702376103823,283.3249759674072,259.43745017051697
1702376103843,276.58602714538574,250.02844333648682
1702376103846,274.556941986084,244.45103645324707
1702376103860,281.40844345092773,250.56411266326904
1702376103868,279.7488594055176,247.1130108833313
1702376103879,288.06848526000977,246.4376199245453
1702376103890,286.7933464050293,239.05848741531372
1702376103901,277.7909851074219,212.54913210868835
1702376103912,283.79931449890137,226.45697593688965
1702376103923,292.0546531677246,238.48641514778137
1702376103935,300.07866859436035,250.39289116859436
1702376103946,293.84961128234863,244.85221982002258
1702376103957,284.5010757446289,244.15205597877502
1702376103974,291.33012771606445,257.9184937477112
1702376103994,295.8885383605957,255.3695797920227
1702376103995,299.1183280944824,248.14303278923035
1702376104002,298.8882255554199,244.19358730316162
1702376104013,294.7655963897705,245.82823276519775
1702376104026,299.5765209197998,252.55197286605835
1702376104035,312.78661727905273,259.33048367500305
1702376104046,345.5460834503174,257.9119598865509
1702376104057,386.3438415527344,255.7559359073639
1702376104067,561.0929870605469,190.15168368816376
1702376104079,638.519287109375,200.06569147109985
1702376104090,662.4497604370117,212.7800703048706
1702376104130,659.8323822021484,225.57076334953308
1702376104134,649.1791343688965,221.97425365447998
1702376104147,686.4031600952148,211.84386134147644
1702376104156,656.2766075134277,243.5902190208435
1702376104167,655.2150917053223,240.06221294403076
1702376104179,645.7007217407227,229.52057361602783
1702376104190,639.251766204834,214.50555682182312
1702376104201,639.2000770568848,220.57753086090088
1702376104212,638.9938545227051,209.1289347410202
1702376104223,640.6711196899414,221.93565130233765
1702376104234,641.3499069213867,224.96829628944397
1702376104245,642.2076797485352,242.54508018493652
1702376104279,670.4657745361328,223.80534410476685
1702376104280,710.5713653564453,246.52080059051514
1702376104290,811.4344787597656,240.52055954933167
1702376104301,1058.4634399414062,237.5130307674408
1702376104313,1071.6996002197266,230.88478803634644
1702376104323,1077.6516723632812,224.4483232498169
1702376104335,1093.3845138549805,207.07308053970337
1702376104346,1089.9050903320312,212.74264812469482
1702376104357,1086.97998046875,214.63829398155212
1702376104368,1090.1966094970703,229.95033860206604
1702376104380,1097.832145690918,235.0681757926941
1702376104390,1091.5937423706055,237.54637598991394
1702376104409,1093.5567092895508,238.30905675888062
1702376104433,1092.6652908325195,233.2837986946106
1702376104434,1103.2378768920898,246.74466848373413
1702376104449,1098.5572052001953,247.9615867137909
1702376104457,1095.2571487426758,243.49615931510925
1702376104468,1088.3670043945312,244.8095941543579
1702376104478,1091.7280197143555,244.57807660102844
1702376104490,1096.5216827392578,247.25288271903992
1702376104501,1097.6735305786133,243.27959775924683
1702376104512,1093.7494277954102,244.58731412887573
1702376104524,1091.9182205200195,239.45769667625427
1702376104535,1097.6203155517578,243.97873163223267
1702376104545,1092.6785278320312,246.4033305644989
1702376104579,1043.391342163086,257.4457275867462
1702376104580,813.8951110839844,280.89914560317993
1702376104590,801.4373016357422,285.469286441803
1702376104600,805.8087539672852,276.2753927707672
1702376104612,804.1366577148438,270.7185637950897
1702376104623,803.2306289672852,270.02018094062805
1702376104634,806.7721176147461,268.19862842559814
1702376104645,813.8866424560547,275.918744802475
1702376104656,816.0992050170898,277.2727882862091
1702376104667,817.7017974853516,278.7675619125366
1702376104678,813.2202529907227,274.69255685806274
1702376104690,806.2122344970703,268.4579122066498
1702376104730,820.1819610595703,284.0474045276642
1702376104731,818.563117980957,284.9420177936554
1702376104732,nan,nan
1702376104749,nan,nan
1702376104754,nan,nan
1702376104765,nan,nan
1702376104777,nan,nan
1702376104788,nan,nan
1702376104799,nan,nan
1702376104810,nan,nan
1702376104821,nan,nan
1702376104833,nan,nan
1702376104844,1260.5887603759766,931.9236087799072
1702376104880,1255.9327697753906,516.5680932998657
1702376104890,1179.1767120361328,278.865966796875
1702376104901,1160.1369094848633,237.93647646903992
1702376104912,1160.3960800170898,236.81622505187988
1702376104924,1153.5159301757812,232.16357946395874
1702376104934,1155.7086181640625,235.123633146286
1702376104945,1157.2702026367188,234.70252633094788
1702376104956,1154.5029067993164,243.0982482433319
1702376104968,1161.636734008789,233.46018075942993
1702376104978,1156.2405395507812,230.03630876541138
1702376104990,1157.6696014404297,225.8557426929474
1702376105000,1159.4306564331055,217.19995379447937
1702376105011,1163.2806396484375,229.9465298652649
1702376105047,1169.143409729004,222.1079134941101
1702376105048,1161.020736694336,223.30959677696228
1702376105056,1208.5853958129883,302.03996300697327
1702376105067,1322.5760650634766,628.8436675071716
1702376105078,1326.484375,712.9526138305664
1702376105089,1319.951400756836,753.6814641952515
1702376105100,1320.7012176513672,844.1619873046875
1702376105111,1313.9311218261719,837.7840805053711
1702376105122,1320.4434967041016,837.2568655014038
1702376105134,1319.2349243164062,842.5210762023926
1702376105145,1319.189224243164,845.2219533920288
1702376105156,1315.902099609375,852.5777292251587
1702376105175,1319.7465515136719,860.2393627166748
1702376105197,1322.5069427490234,862.2302484512329
1702376105201,1323.5967254638672,843.617091178894
1702376105214,1320.803451538086,841.3399171829224
1702376105223,1325.160903930664,843.0177783966064
1702376105234,1331.4634704589844,848.177490234375
1702376105245,1337.0040893554688,848.2978677749634
1702376105256,1332.177963256836,853.0409145355225
1702376105267,1327.6335144042969,863.8611173629761
1702376105279,1325.7215118408203,859.3780946731567
1702376105289,1323.6576080322266,858.0340719223022
1702376105332,1329.6173858642578,861.6284036636353
1702376105333,1319.9390411376953,863.3167791366577
1702376105334,1317.4615478515625,863.6196756362915
1702376105348,1324.0384674072266,863.5539722442627
1702376105356,1320.8699798583984,862.7193975448608
1702376105366,1316.4034271240234,860.5186128616333
1702376105378,1314.3798828125,856.9620037078857
1702376105389,1310.5838775634766,856.8378067016602
1702376105400,1319.159164428711,869.5161151885986
1702376105411,1319.5342254638672,873.1983375549316
1702376105422,1328.9130401611328,868.1760835647583
1702376105433,1328.093032836914,862.4426364898682
1702376105445,1332.6392364501953,860.1894521713257
1702376105481,1325.4318237304688,859.0675163269043
1702376105482,1218.7958526611328,717.3771858215332
1702376105489,1197.4895477294922,644.375331401825
1702376105500,1164.5429992675781,356.3007402420044
1702376105511,1166.2543487548828,311.21878266334534
1702376105522,1161.6209030151367,299.4911456108093
1702376105533,1147.1340560913086,306.31208896636963
1702376105544,1146.2739181518555,311.58016204833984
1702376105556,1147.6231002807617,308.8495659828186
1702376105567,1144.420051574707,322.2376084327698
1702376105578,1144.9870300292969,320.38487792015076
1702376105589,1147.1206665039062,319.27690029144287
1702376105632,1149.014892578125,319.0769577026367
1702376105633,1149.7283935546875,325.2379059791565
1702376105648,1152.2118377685547,320.20898938179016
1702376105656,1151.8058013916016,327.9531490802765
1702376105667,1151.0969924926758,334.29203510284424
1702376105678,1176.2499237060547,346.40711188316345
1702376105689,1243.9995193481445,369.650856256485
1702376105700,1574.6296691894531,449.5764684677124
1702376105710,1655.12451171875,452.76145219802856
1702376105720,1827.7198791503906,371.65597915649414
1702376105731,nan,nan
1702376105742,nan,nan
1702376105778,nan,nan
1702376105779,nan,nan
1702376105794,nan,nan
1702376105796,nan,nan
1702376105810,nan,nan
1702376105819,nan,nan
1702376105830,nan,nan
1702376105841,nan,nan
1702376105852,nan,nan
1702376105863,nan,nan
1702376105873,nan,nan
1702376105892,nan,nan
1702376105929,nan,nan
1702376105930,nan,nan
1702376105934,nan,nan
1702376105946,nan,nan
1702376105958,nan,nan
1702376105967,nan,nan
1702376105980,nan,nan
1702376105991,nan,nan
1702376106001,nan,nan
1702376106013,nan,nan
1702376106025,nan,nan
1702376106035,nan,nan
1702376106078,nan,nan
1702376106079,nan,nan
1702376106093,nan,nan
1702376106100,nan,nan
1702376106112,nan,nan
1702376106124,nan,nan
1702376106134,nan,nan
1702376106145,nan,nan
1702376106158,nan,nan
1702376106167,nan,nan
1702376106178,nan,nan
1702376106191,nan,nan
1702376106229,nan,nan
1702376106230,nan,nan
1702376106234,nan,nan
1702376106246,nan,nan
1702376106259,nan,nan
1702376106267,nan,nan
1702376106279,nan,nan
1702376106290,nan,nan
1702376106300,nan,nan
1702376106312,nan,nan
1702376106324,nan,nan
1702376106334,nan,nan
1702376106346,nan,nan
1702376106381,nan,nan
1702376106397,nan,nan
1702376106400,nan,nan
1702376106413,nan,nan
1702376106424,nan,nan
1702376106434,nan,nan
1702376106446,nan,nan
1702376106457,nan,nan
1702376106467,nan,nan
1702376106479,nan,nan
1702376106512,nan,nan
1702376106513,nan,nan
1702376106530,nan,nan
1702376106533,nan,nan
1702376106547,nan,nan
1702376106557,nan,nan
1702376106567,nan,nan
1702376106579,nan,nan
1702376106591,nan,nan
1702376106600,nan,nan
1702376106613,nan,nan
1702376106624,nan,nan
1702376106634,nan,nan
1702376106665,nan,nan
1702376106666,nan,nan
1702376106667,nan,nan
1702376106683,nan,nan
1702376106689,nan,nan
1702376106700,nan,nan
1702376106711,nan,nan
1702376106724,nan,nan
1702376106733,nan,nan
1702376106745,nan,nan
1702376106756,nan,nan
1702376106766,nan,nan
1702376106778,nan,nan
1702376106813,nan,nan
1702376106814,nan,nan
1702376106831,nan,nan
1702376106834,nan,nan
1702376106846,nan,nan
1702376106857,nan,nan
1702376106866,nan,nan
1702376106878,nan,nan
1702376106895,nan,nan
1702376106910,nan,nan
1702376106921,nan,nan
1702376106964,nan,nan
1702376106965,nan,nan
1702376106966,nan,nan
1702376106981,nan,nan
1702376106989,nan,nan
1702376107001,nan,nan
1702376107013,1543.3906555175781,1156.9587135314941
1702376107023,1543.3906555175781,1156.9587135314941
1702376107034,1554.7103881835938,1108.5072040557861
1702376107045,1556.6641235351562,1100.145492553711
1702376107056,1560.576171875,991.9965934753418
1702376107068,1565.580825805664,975.0673913955688
1702376107079,1577.4790954589844,976.5108060836792
1702376107113,1557.6480865478516,976.8696641921997
1702376107114,1402.70263671875,907.6577281951904
1702376107130,1338.0982208251953,874.9052953720093
1702376107136,1310.8818817138672,848.5208559036255
1702376107147,1309.0452575683594,844.6188640594482
1702376107158,1313.7895202636719,843.8833379745483
1702376107169,1314.9945068359375,836.8242359161377
1702376107180,1312.172622680664,837.8502130508423
1702376107191,1311.8879699707031,827.0247316360474
1702376107202,1306.0883331298828,831.6150426864624
1702376107214,1301.0088348388672,825.0603675842285
1702376107225,1298.4889221191406,835.1188659667969
1702376107263,1296.6024780273438,829.8409223556519
1702376107264,1297.2373962402344,838.1753396987915
1702376107268,1306.6856384277344,832.4124097824097
1702376107279,1307.9171752929688,830.5047798156738
1702376107291,1307.4236297607422,833.7566471099854
1702376107302,1304.6638488769531,832.3570919036865
1702376107313,1303.9540100097656,831.5199851989746
1702376107324,1302.3686218261719,827.3549222946167
1702376107335,1301.0741424560547,832.5027894973755
1702376107347,1299.6592712402344,839.3500185012817
1702376107358,1299.313735961914,834.5998477935791
1702376107369,1304.5905303955078,833.0351972579956
1702376107388,1306.2001037597656,826.7031669616699
1702376107416,1307.0388793945312,830.4771423339844
1702376107418,1302.6705932617188,830.7156229019165
1702376107423,1298.7979888916016,835.6174993515015
1702376107435,1305.4210662841797,834.7434854507446
1702376107447,1303.5514068603516,833.7231302261353
1702376107457,1304.8997497558594,827.7352809906006
1702376107468,1302.5160217285156,832.2703170776367
1702376107479,1305.4843139648438,830.7143783569336
1702376107490,1302.7897644042969,833.8886547088623
1702376107501,1302.5175476074219,826.063814163208
1702376107513,1298.5153198242188,824.0699243545532
1702376107524,1290.4421997070312,830.1603841781616
1702376107563,1290.1042938232422,833.8581848144531
1702376107568,1300.3288269042969,832.0744943618774
1702376107579,1297.3775482177734,826.716685295105
1702376107592,1296.187515258789,829.2898893356323
1702376107602,1293.5104370117188,827.060694694519
1702376107613,1293.1412506103516,829.8259449005127
1702376107624,1293.4126281738281,828.1115198135376
1702376107635,1292.41943359375,827.1198320388794
1702376107646,1293.4866333007812,824.9489164352417
1702376107657,1290.0255584716797,832.5378513336182
1702376107668,1293.7552642822266,838.6803245544434
1702376107679,1286.6473007202148,839.5483303070068
1702376107712,1262.978401184082,820.8553504943848
1702376107713,1187.180290222168,790.6334638595581
1702376107730,1192.0327758789062,800.3905248641968
1702376107735,1182.8890991210938,796.937084197998
1702376107746,1183.0795288085938,792.3346710205078
1702376107757,1187.043228149414,790.8284282684326
1702376107768,1189.8007583618164,790.0490856170654
1702376107779,1188.7119674682617,786.2193202972412
1702376107790,1184.55322265625,782.1906423568726
1702376107801,1185.7734298706055,784.8449563980103
1702376107812,1188.558578491211,790.4134368896484
1702376107824,1186.819839477539,796.9904708862305
1702376107864,1186.9568252563477,789.5665454864502
1702376107868,1193.0727005004883,793.4619283676147
1702376107879,1185.4372024536133,791.7358303070068
1702376107892,1188.7982177734375,799.352617263794
1702376107902,1146.6392135620117,811.0563611984253
1702376107912,1137.1678161621094,814.214973449707
1702376107924,1013.1324768066406,802.7969169616699
1702376107935,618.1741333007812,789.6563243865967
1702376107946,629.4418144226074,784.4324541091919
1702376107957,614.6637916564941,776.8008184432983
1702376107999,637.2022819519043,788.9933681488037
1702376108001,623.2515716552734,793.7178325653076
1702376108018,622.7402305603027,791.2362957000732
1702376108023,628.7089538574219,788.6207342147827
1702376108036,639.2859649658203,792.6597118377686
1702376108045,632.2547340393066,796.9416332244873
1702376108057,627.9483795166016,798.5297584533691
1702376108068,756.5172576904297,793.1061172485352
1702376108079,844.0940093994141,798.8089656829834
1702376108090,941.6410827636719,802.2810316085815
1702376108101,1112.9005813598633,814.4816493988037
1702376108112,1119.5214462280273,821.7036151885986
1702376108148,1123.5039138793945,820.9522104263306
1702376108149,1149.1435623168945,821.4030361175537
1702376108157,1150.494041442871,819.5460033416748
1702376108168,1149.839096069336,822.0014476776123
1702376108179,1154.1873168945312,819.9241304397583
1702376108190,1159.3900299072266,817.889256477356
1702376108201,1151.6579818725586,812.977123260498
1702376108212,1152.5029754638672,816.1705827713013
1702376108223,1148.0814361572266,816.9197988510132
1702376108235,1153.2901763916016,824.5156002044678
1702376108246,1151.4850234985352,829.5602560043335
1702376108257,1149.6540451049805,835.3145599365234
1702376108303,1050.1395797729492,838.1594181060791
1702376108304,1024.275245666504,831.1489391326904
1702376108312,414.1095161437988,835.2733182907104
1702376108324,390.6448745727539,840.5976104736328
1702376108336,401.7380142211914,837.0082998275757
1702376108346,402.9007148742676,838.7286901473999
1702376108357,404.6820068359375,840.7934761047363
1702376108367,403.4164237976074,845.778865814209
1702376108378,398.7876319885254,845.2616930007935
1702376108389,402.1305465698242,844.9058389663696
1702376108401,395.40109634399414,842.7710580825806
1702376108412,395.29985427856445,845.8091640472412
1702376108449,397.2488594055176,844.546594619751
1702376108456,383.44717025756836,836.1550569534302
1702376108467,384.94340896606445,845.6263446807861
1702376108479,385.54887771606445,844.9694395065308
1702376108490,391.2981986999512,845.849461555481
1702376108501,395.15037536621094,846.5840435028076
1702376108512,390.0690269470215,851.4957475662231
1702376108523,391.4997673034668,846.8269872665405
1702376108534,394.6005630493164,835.1916074752808
1702376108546,404.5136833190918,837.2263956069946
1702376108557,407.7882766723633,839.9340534210205
1702376108599,401.69612884521484,851.8862771987915
1702376108600,398.23307037353516,854.6707963943481
1702376108601,390.47983169555664,842.9351234436035
1702376108616,395.3830337524414,844.359655380249
1702376108623,396.5313148498535,848.7843561172485
1702376108634,403.7125015258789,852.1858263015747
1702376108646,407.2495651245117,845.7885217666626
1702376108657,403.3346176147461,837.6627159118652
1702376108668,402.58798599243164,831.8723201751709
1702376108679,393.21176528930664,832.2070598602295
1702376108690,397.68152236938477,837.0764064788818
1702376108701,399.98226165771484,848.821907043457
1702376108712,401.1235809326172,851.1456441879272
1702376108747,402.1345520019531,854.427809715271
1702376108748,394.72917556762695,846.4618635177612
1702376108756,392.46246337890625,844.9391841888428
1702376108767,393.6556816101074,848.544716835022
1702376108778,397.9808044433594,849.4345664978027
1702376108789,442.0071220397949,868.4864902496338
1702376108800,800.9032440185547,901.3902425765991
1702376108812,946.7526245117188,922.4009084701538
1702376108822,1085.8246994018555,928.9701747894287
1702376108834,1597.9566955566406,1004.051513671875
1702376108845,1793.2334899902344,1045.0028371810913
1702376108856,1903.5060119628906,1082.026720046997
1702376108899,1996.8365478515625,1098.222370147705
1702376108900,nan,nan
1702376108916,nan,nan
1702376108921,nan,nan
1702376108932,nan,nan
1702376108943,nan,nan
1702376108954,nan,nan
1702376108964,nan,nan
1702376108976,nan,nan
1702376108987,nan,nan
1702376108998,nan,nan
1702376109010,nan,nan
1702376109047,nan,nan
1702376109048,nan,nan
1702376109054,nan,nan
1702376109065,nan,nan
1702376109078,nan,nan
1702376109087,nan,nan
1702376109098,nan,nan
1702376109109,nan,nan
1702376109119,nan,nan
1702376109130,nan,nan
1702376109140,nan,nan
1702376109158,nan,nan
1702376109199,nan,nan
1702376109200,nan,nan
1702376109216,nan,nan
1702376109223,nan,nan
1702376109234,nan,nan
1702376109244,nan,nan
1702376109256,nan,nan
1702376109267,nan,nan
1702376109278,nan,nan
1702376109289,nan,nan
1702376109300,nan,nan
1702376109311,nan,nan
1702376109349,nan,nan
1702376109356,nan,nan
1702376109367,nan,nan
1702376109378,nan,nan
1702376109390,nan,nan
1702376109400,nan,nan
1702376109411,nan,nan
1702376109423,nan,nan
1702376109434,nan,nan
1702376109445,nan,nan
1702376109457,nan,nan
1702376109477,nan,nan
1702376109500,nan,nan
1702376109501,nan,nan
1702376109517,nan,nan
1702376109522,nan,nan
1702376109534,nan,nan
1702376109544,nan,nan
1702376109556,nan,nan
1702376109566,nan,nan
1702376109578,nan,nan
1702376109589,nan,nan
1702376109599,nan,nan
1702376109611,nan,nan
1702376109629,nan,nan
1702376109650,nan,nan
1702376109651,nan,nan
1702376109667,nan,nan
1702376109677,nan,nan
1702376109688,nan,nan
1702376109700,nan,nan
1702376109711,nan,nan
1702376109722,nan,nan
1702376109733,nan,nan
1702376109744,nan,nan
1702376109781,nan,nan
1702376109782,nan,nan
1702376109789,nan,nan
1702376109800,nan,nan
1702376109811,nan,nan
1702376109829,nan,nan
1702376109849,nan,nan
1702376109867,nan,nan
1702376109880,nan,nan
1702376109892,1503.7924194335938,869.9842357635498
1702376109910,1503.7924194335938,869.9842357635498
1702376109934,1503.7924194335938,869.9842357635498
1702376109936,1420.1567077636719,897.0537757873535
1702376109952,1420.1567077636719,897.0537757873535
1702376109960,1160.6290435791016,826.8886470794678
1702376109971,1210.3826904296875,790.2070999145508
1702376109980,1210.3826904296875,790.2070999145508
1702376109992,1214.6472930908203,796.818208694458
1702376110003,1195.2108764648438,790.6138515472412
1702376110023,1195.2108764648438,790.6138515472412
1702376110026,1193.1558227539062,784.9587249755859
1702376110037,1194.324722290039,809.069938659668
1702376110047,1194.324722290039,809.069938659668
1702376110059,1198.4960174560547,804.8135089874268
1702376110100,1197.2122192382812,795.9871959686279
1702376110104,1195.0509643554688,774.0259552001953
1702376110120,1195.0509643554688,774.0259552001953
1702376110127,1194.5313262939453,781.4056777954102
1702376110138,1189.6197509765625,782.8550148010254
1702376110148,1190.2175903320312,784.8937511444092
1702376110159,1183.2604217529297,783.5046672821045
1702376110170,1182.8448486328125,789.0664100646973
1702376110181,1190.2816772460938,788.1900787353516
1702376110192,1191.6825103759766,793.6903667449951
1702376110203,1195.2344512939453,779.6249485015869
1702376110215,1190.6614685058594,781.3195896148682
1702376110249,1194.8451232910156,776.3805484771729
1702376110250,1208.8272094726562,777.7376174926758
1702376110259,1286.0969543457031,803.7648296356201
1702376110270,1702.9446411132812,1034.1418647766113
1702376110280,1782.3968505859375,1078.556842803955
1702376110291,1824.6778869628906,1111.9742488861084
1702376110302,nan,nan
1702376110313,nan,nan
1702376110324,nan,nan
1702376110335,nan,nan
1702376110347,nan,nan
1702376110358,nan,nan
1702376110369,nan,nan
1702376110400,nan,nan
1702376110402,nan,nan
1702376110417,nan,nan
1702376110425,nan,nan
1702376110436,nan,nan
1702376110447,nan,nan
1702376110457,nan,nan
1702376110468,nan,nan
1702376110479,nan,nan
1702376110490,nan,nan
1702376110532,nan,nan
1702376110547,nan,nan
1702376110563,nan,nan
1702376110571,nan,nan
1702376110583,nan,nan
1702376110595,nan,nan
1702376110604,nan,nan
1702376110617,nan,nan
1702376110636,nan,nan
1702376110648,nan,nan
1702376110681,nan,nan
1702376110682,nan,nan
1702376110698,nan,nan
1702376110704,nan,nan
1702376110716,nan,nan
1702376110725,nan,nan
1702376110737,nan,nan
1702376110748,nan,nan
1702376110759,nan,nan
1702376110770,nan,nan
1702376110782,nan,nan
1702376110793,nan,nan
1702376110811,nan,nan
1702376110834,nan,nan
1702376110837,nan,nan
1702376110851,nan,nan
1702376110860,nan,nan
1702376110871,nan,nan
1702376110882,nan,nan
1702376110893,nan,nan
1702376110903,nan,nan
1702376110921,nan,nan
1702376110966,nan,nan
1702376110967,nan,nan
1702376110975,nan,nan
1702376110986,111.8773353099823,676.1417627334595
1702376111000,210.62650680541992,728.1518983840942
1702376111009,188.96867752075195,763.8254499435425
1702376111020,194.0062427520752,775.7186651229858
1702376111031,199.3674659729004,784.702091217041
1702376111042,223.60952377319336,785.4803609848022
1702376111053,226.33506774902344,785.2786159515381
1702376111064,230.61891555786133,786.1658906936646
1702376111076,243.69235038757324,797.9567527770996
1702376111096,243.89948844909668,801.7554473876953
1702376111115,244.16141510009766,807.1302509307861
1702376111120,257.1009349822998,817.4138402938843
1702376111135,261.6945171356201,821.1372184753418
1702376111142,276.06958389282227,821.8209028244019
1702376111153,271.7037582397461,816.7266798019409
1702376111164,289.5525550842285,809.505443572998
1702376111175,327.92877197265625,809.1752529144287
1702376111186,328.7076187133789,806.4179849624634
1702376111198,327.59307861328125,816.807746887207
1702376111208,334.8095512390137,820.523099899292
1702376111220,345.0081443786621,824.3056583404541
1702376111231,347.3092842102051,822.278938293457
1702376111269,356.44275665283203,830.5955457687378
1702376111275,365.3597831726074,833.8103342056274
1702376111288,366.84011459350586,830.1129198074341
1702376111298,365.8863639831543,830.053825378418
1702376111309,365.54473876953125,834.5869731903076
1702376111320,368.91475677490234,835.1196813583374
1702376111331,372.07231521606445,836.5471315383911
1702376111342,382.2710609436035,838.0984354019165
1702376111353,385.23780822753906,840.6438302993774
1702376111364,382.83382415771484,841.7008352279663
1702376111375,386.75594329833984,848.1870174407959
1702376111396,390.89014053344727,848.7468910217285
1702376111415,391.9034767150879,851.5019702911377
1702376111419,381.3330268859863,851.0449647903442
1702376111434,381.2357521057129,849.1479778289795
1702376111441,391.5150833129883,855.0493955612183
1702376111453,392.8541374206543,857.8232717514038
1702376111464,394.44055557250977,859.9693393707275
1702376111474,392.2692680358887,856.9426918029785
1702376111486,394.54484939575195,855.1534223556519
1702376111497,394.6327781677246,856.9992113113403
1702376111508,400.6700897216797,861.1927270889282
1702376111519,404.74483489990234,865.8209753036499
1702376111530,403.6260223388672,872.3659515380859
1702376111547,404.61597442626953,879.6061134338379
1702376111567,406.5109062194824,879.4425630569458
1702376111568,431.0573959350586,868.8468074798584
1702376111575,631.4511489868164,891.2814474105835
1702376111585,738.1413269042969,929.247236251831
1702376111597,951.96044921875,1008.2609939575195
1702376111607,1354.5619583129883,1192.9772186279297
1702376111618,1592.1794128417969,1258.778886795044
1702376111629,nan,nan
1702376111640,nan,nan
1702376111651,nan,nan
1702376111662,nan,nan
1702376111700,nan,nan
1702376111701,nan,nan
1702376111705,nan,nan
1702376111717,nan,nan
1702376111728,nan,nan
1702376111738,nan,nan
1702376111755,nan,nan
1702376111773,nan,nan
1702376111785,nan,nan
1702376111797,nan,nan
1702376111806,nan,nan
1702376111829,nan,nan
1702376111850,nan,nan
1702376111852,nan,nan
1702376111867,nan,nan
1702376111874,nan,nan
1702376111886,nan,nan
1702376111898,nan,nan
1702376111907,nan,nan
1702376111919,nan,nan
1702376111931,nan,nan
1702376111941,nan,nan
1702376111953,nan,nan
1702376111965,nan,nan
1702376112000,nan,nan
1702376112001,nan,nan
1702376112007,nan,nan
1702376112019,nan,nan
1702376112033,nan,nan
1702376112040,nan,nan
1702376112053,nan,nan
1702376112066,nan,nan
1702376112074,nan,nan
1702376112087,nan,nan
1702376112098,nan,nan
1702376112135,nan,nan
1702376112137,nan,nan
1702376112140,nan,nan
1702376112153,nan,nan
1702376112163,nan,nan
1702376112173,nan,nan
1702376112186,nan,nan
1702376112197,nan,nan
1702376112207,nan,nan
1702376112219,nan,nan
1702376112230,nan,nan
1702376112240,nan,nan
1702376112264,nan,nan
1702376112284,nan,nan
1702376112285,nan,nan
1702376112287,nan,nan
1702376112303,nan,nan
1702376112307,nan,nan
1702376112321,nan,nan
1702376112330,nan,nan
1702376112340,nan,nan
1702376112352,nan,nan
1702376112363,nan,nan
1702376112373,nan,nan
1702376112417,nan,nan
1702376112418,nan,nan
1702376112419,nan,nan
1702376112435,nan,nan
1702376112441,nan,nan
1702376112453,nan,nan
1702376112464,nan,nan
1702376112473,nan,nan
1702376112486,nan,nan
1702376112497,nan,nan
1702376112506,nan,nan
1702376112519,nan,nan
1702376112530,nan,nan
1702376112566,nan,nan
1702376112567,nan,nan
1702376112582,nan,nan
1702376112585,nan,nan
1702376112597,nan,nan
1702376112608,nan,nan
1702376112619,nan,nan
1702376112630,nan,nan
1702376112641,nan,nan
1702376112653,nan,nan
1702376112664,nan,nan
1702376112685,nan,nan
1702376112705,nan,nan
1702376112707,nan,nan
1702376112722,nan,nan
1702376112730,nan,nan
1702376112741,nan,nan
1702376112751,nan,nan
1702376112763,nan,nan
1702376112773,nan,nan
1702376112784,nan,nan
1702376112797,nan,nan
1702376112807,nan,nan
1702376112818,nan,nan
1702376112851,nan,nan
1702376112871,nan,nan
1702376112874,nan,nan
1702376112886,nan,nan
1702376112897,nan,nan
1702376112907,nan,nan
1702376112918,nan,nan
1702376112930,nan,nan
1702376112941,nan,nan
1702376112952,nan,nan
1702376112963,nan,nan
1702376112981,nan,nan
1702376113001,nan,nan
1702376113006,nan,nan
1702376113018,nan,nan
1702376113031,nan,nan
1702376113040,nan,nan
1702376113051,nan,nan
1702376113064,nan,nan
1702376113073,nan,nan
1702376113084,nan,nan
1702376113097,nan,nan
1702376113133,nan,nan
1702376113134,nan,nan
1702376113140,nan,nan
1702376113151,nan,nan
1702376113166,nan,nan
1702376113173,nan,nan
1702376113185,nan,nan
1702376113197,nan,nan
1702376113206,nan,nan
1702376113219,nan,nan
1702376113231,nan,nan
1702376113240,nan,nan
1702376113263,nan,nan
1702376113283,nan,nan
1702376113284,nan,nan
1702376113285,nan,nan
1702376113299,nan,nan
1702376113306,nan,nan
1702376113318,nan,nan
1702376113330,nan,nan
1702376113340,nan,nan
1702376113351,nan,nan
1702376113364,nan,nan
1702376113373,nan,nan
1702376113384,nan,nan
1702376113421,nan,nan
1702376113422,nan,nan
1702376113430,nan,nan
1702376113439,nan,nan
1702376113453,nan,nan
1702376113464,nan,nan
1702376113473,nan,nan
1702376113485,nan,nan
1702376113497,nan,nan
1702376113506,nan,nan
1702376113519,nan,nan
1702376113530,nan,nan
1702376113568,nan,nan
1702376113569,nan,nan
1702376113572,nan,nan
1702376113585,nan,nan
1702376113598,nan,nan
1702376113607,nan,nan
1702376113618,nan,nan
1702376113630,1430.3543090820312,1015.7767581939697
1702376113641,1430.3543090820312,1015.7767581939697
1702376113651,1430.3543090820312,1015.7767581939697
1702376113663,nan,nan
1702376113673,nan,nan
1702376113684,nan,nan
1702376113716,nan,nan
1702376113717,1282.2236633300781,920.828447341919
1702376113718,1302.7642822265625,915.8185958862305
1702376113734,1286.1585998535156,921.6325092315674
1702376113740,1277.657699584961,895.5783462524414
1702376113752,1276.6494750976562,896.8923282623291
1702376113763,1271.0197448730469,897.0505142211914
1702376113774,1277.7306365966797,893.9707374572754
1702376113785,1269.945068359375,890.4782867431641
1702376113796,1278.1410217285156,881.3541412353516
1702376113807,1273.1947326660156,876.5601539611816
1702376113850,1273.3934020996094,873.7232780456543
1702376113851,1271.2548828125,869.1202640533447
1702376113852,1268.82568359375,844.5906257629395
1702376113868,1268.9239501953125,847.4295616149902
1702376113875,1265.053939819336,846.3388252258301
1702376113885,1265.7040405273438,841.924467086792
1702376113896,1268.9020538330078,839.2097282409668
1702376113907,1270.614013671875,835.1634120941162
1702376113918,1261.4739990234375,837.9626941680908
1702376113929,1270.6938171386719,832.6617908477783
1702376113940,nan,nan
1702376113951,nan,nan
1702376113962,nan,nan
1702376114004,nan,nan
1702376114007,nan,nan
1702376114023,nan,nan
1702376114029,nan,nan
1702376114039,nan,nan
1702376114050,nan,nan
1702376114060,nan,nan
1702376114078,nan,nan
1702376114099,nan,nan
1702376114108,nan,nan
1702376114150,nan,nan
1702376114154,nan,nan
1702376114168,nan,nan
1702376114175,nan,nan
1702376114188,nan,nan
1702376114199,nan,nan
1702376114209,nan,nan
1702376114221,nan,nan
1702376114233,nan,nan
1702376114242,nan,nan
1702376114285,nan,nan
1702376114286,nan,nan
1702376114288,nan,nan
1702376114303,nan,nan
1702376114309,nan,nan
1702376114321,nan,nan
1702376114333,nan,nan
1702376114342,nan,nan
1702376114355,nan,nan
1702376114367,nan,nan
1702376114376,nan,nan
1702376114388,nan,nan
1702376114400,nan,nan
1702376114437,nan,nan
1702376114438,nan,nan
1702376114442,nan,nan
1702376114455,nan,nan
1702376114465,nan,nan
1702376114475,nan,nan
1702376114487,nan,nan
1702376114499,nan,nan
1702376114508,nan,nan
1702376114520,nan,nan
1702376114533,nan,nan
1702376114542,nan,nan
1702376114587,nan,nan
1702376114588,nan,nan
1702376114606,nan,nan
1702376114609,nan,nan
1702376114622,nan,nan
1702376114633,nan,nan
1702376114642,nan,nan
1702376114655,nan,nan
1702376114666,nan,nan
1702376114675,nan,nan
1702376114688,nan,nan
1702376114700,nan,nan
1702376114737,nan,nan
1702376114738,nan,nan
1702376114742,nan,nan
1702376114755,nan,nan
1702376114766,nan,nan
1702376114775,nan,nan
1702376114787,nan,nan
1702376114807,nan,nan
1702376114820,nan,nan
1702376114831,nan,nan
1702376114842,nan,nan
1702376114853,nan,nan
1702376114905,nan,nan
1702376114906,nan,nan
1702376114922,nan,nan
1702376114937,nan,nan
1702376114951,nan,nan
1702376114968,nan,nan
1702376114978,nan,nan
1702376114989,nan,nan
1702376115000,nan,nan
1702376115011,nan,nan
1702376115022,nan,nan
1702376115056,nan,nan
1702376115057,1297.4288940429688,850.1507377624512
1702376115074,1283.2565307617188,849.6033096313477
1702376115079,1272.0711517333984,842.8186511993408
1702376115090,1257.2219848632812,832.5636863708496
1702376115101,1255.6916046142578,837.277421951294
1702376115112,1250.6654357910156,829.5178985595703
1702376115123,1257.4987030029297,832.6784420013428
1702376115134,1264.6289825439453,818.0946063995361
1702376115145,1264.657974243164,810.1693439483643
1702376115157,1263.5814666748047,812.124137878418
1702376115167,1260.860366821289,824.809398651123
1702376115203,1258.9193725585938,819.5407676696777
1702376115219,1261.6364288330078,807.8567218780518
1702376115222,1252.3210906982422,797.5432205200195
1702376115235,1247.2319793701172,799.1300582885742
1702376115245,1253.5096740722656,805.1638698577881
1702376115255,1244.2109680175781,806.577844619751
1702376115267,1141.1087036132812,793.0072402954102
1702376115278,552.5124740600586,830.9622573852539
1702376115289,552.5124740600586,830.9622573852539
1702376115301,486.59130096435547,843.4622097015381
1702376115312,324.14546966552734,858.7027359008789
1702376115323,309.26313400268555,846.3700675964355
1702376115356,311.9190788269043,853.7189769744873
1702376115357,282.8281784057617,851.0777950286865
1702376115375,279.2446517944336,845.289716720581
1702376115378,269.87560272216797,835.3640842437744
1702376115391,266.2692070007324,836.1934661865234
1702376115401,267.6896858215332,829.8604488372803
1702376115412,271.06550216674805,828.0342292785645
1702376115424,261.0977363586426,823.7313652038574
1702376115436,228.8842010498047,900.0689220428467
1702376115446,229.12603378295898,873.0768013000488
1702376115458,238.1921672821045,869.2451477050781
1702376115469,236.2598419189453,860.37034034729
1702376115503,235.13805389404297,863.0419492721558
1702376115504,229.48858261108398,867.014536857605
1702376115521,219.5802402496338,868.4049940109253
1702376115525,218.5019874572754,865.0357532501221
1702376115536,224.8991870880127,864.3123292922974
1702376115547,224.66642379760742,858.1980085372925
1702376115558,225.89722633361816,858.679690361023
1702376115569,223.1735610961914,864.364857673645
1702376115580,219.33948516845703,863.2638216018677
1702376115591,216.10116958618164,856.7603874206543
1702376115602,215.8025074005127,847.4375438690186
1702376115613,220.186185836792,846.4062452316284
1702376115634,218.96990776062012,849.9083089828491
1702376115654,224.14371490478516,854.2664051055908
1702376115655,209.84853744506836,840.6758451461792
1702376115658,209.0811824798584,838.3748531341553
1702376115673,202.17220306396484,829.0181064605713
1702376115680,204.6163558959961,836.764669418335
1702376115691,204.78731155395508,837.5260734558105
1702376115702,204.8953342437744,848.9527559280396
1702376115713,203.94542694091797,842.2094249725342
1702376115724,198.37759971618652,843.457145690918
1702376115736,205.5423355102539,843.4515237808228
1702376115747,328.22901725769043,868.9717769622803
1702376115758,469.9948501586914,884.7468137741089
1702376115768,524.9428367614746,887.816162109375
1702376115804,1150.226707458496,1001.7032718658447
1702376115805,1462.1336364746094,1311.7201137542725
1702376115812,nan,nan
1702376115823,nan,nan
1702376115835,nan,nan
1702376115845,nan,nan
1702376115856,nan,nan
1702376115867,nan,nan
1702376115877,nan,nan
1702376115888,nan,nan
1702376115900,nan,nan
1702376115911,nan,nan
1702376115921,nan,nan
1702376115954,nan,nan
1702376115974,nan,nan
1702376115977,nan,nan
1702376115989,nan,nan
1702376115999,nan,nan
1702376116010,nan,nan
1702376116021,nan,nan
1702376116032,nan,nan
1702376116044,nan,nan
1702376116055,nan,nan
1702376116066,nan,nan
1702376116102,nan,nan
1702376116116,nan,nan
1702376116121,nan,nan
1702376116133,nan,nan
1702376116144,nan,nan
1702376116155,nan,nan
1702376116166,nan,nan
1702376116177,nan,nan
1702376116188,nan,nan
1702376116199,nan,nan
1702376116210,nan,nan
1702376116222,nan,nan
1702376116254,nan,nan
1702376116255,nan,nan
1702376116271,nan,nan
1702376116277,nan,nan
1702376116290,nan,nan
1702376116299,nan,nan
1702376116311,nan,nan
1702376116322,nan,nan
1702376116333,nan,nan
1702376116344,nan,nan
1702376116355,nan,nan
1702376116366,nan,nan
1702376116404,nan,nan
1702376116410,nan,nan
1702376116422,nan,nan
1702376116434,nan,nan
1702376116443,1756.2771606445312,851.8646907806396
1702376116454,1756.2771606445312,851.8646907806396
1702376116466,1703.5505676269531,820.1414108276367
1702376116477,1579.6231079101562,746.8918704986572
1702376116488,1569.521484375,738.3879375457764
1702376116500,1566.6154479980469,744.2295742034912
1702376116537,1551.656494140625,742.2209644317627
1702376116544,1555.6826782226562,736.5653228759766
1702376116556,1552.5003051757812,733.0848026275635
1702376116569,1551.5235900878906,735.3837776184082
1702376116577,1545.5587768554688,735.3416347503662
1702376116588,1540.2017211914062,733.055362701416
1702376116599,1490.419921875,718.7297487258911
1702376116610,1314.2253112792969,666.5144348144531
1702376116621,1270.5381774902344,659.6300411224365
1702376116633,1239.2266845703125,657.5533676147461
1702376116644,1230.8680725097656,668.6420059204102
1702376116687,1219.9175262451172,668.5800790786743
1702376116688,1220.7585906982422,663.6781167984009
1702376116705,1221.1347198486328,657.4508857727051
1702376116711,1219.2210388183594,662.6958274841309
1702376116723,1211.646728515625,665.862979888916
1702376116733,1212.09228515625,665.12131690979
1702376116744,1213.7053680419922,669.4482135772705
1702376116755,1213.7712097167969,669.5040035247803
1702376116767,1211.4667510986328,672.9531955718994
1702376116778,1212.8272247314453,670.9017133712769
1702376116789,1218.3161926269531,676.0461044311523
1702376116822,1218.552017211914,681.2604475021362
1702376116823,1240.5071258544922,689.480710029602
1702376116833,1503.6386108398438,759.6367835998535
1702376116844,2070.2606201171875,991.9689559936523
1702376116855,2143.8430786132812,1051.030511856079
1702376116866,2209.3392944335938,1080.6801223754883
1702376116876,nan,nan
1702376116888,nan,nan
1702376116899,nan,nan
1702376116910,nan,nan
1702376116921,nan,nan
1702376116933,nan,nan
1702376116973,nan,nan
1702376116975,nan,nan
1702376116992,nan,nan
1702376116999,nan,nan
1702376117014,nan,nan
1702376117036,nan,nan
1702376117044,nan,nan
1702376117057,nan,nan
1702376117069,nan,nan
1702376117078,nan,nan
1702376117090,nan,nan
1702376117123,nan,nan
1702376117143,nan,nan
1702376117145,nan,nan
1702376117157,nan,nan
1702376117169,nan,nan
1702376117178,nan,nan
1702376117190,nan,nan
1702376117202,nan,nan
1702376117212,nan,nan
1702376117224,nan,nan
1702376117236,nan,nan
1702376117274,nan,nan
1702376117275,nan,nan
1702376117279,nan,nan
1702376117292,nan,nan
1702376117303,nan,nan
1702376117312,nan,nan
1702376117323,nan,nan
1702376117335,nan,nan
1702376117344,nan,nan
1702376117356,nan,nan
1702376117368,nan,nan
1702376117378,nan,nan
1702376117390,nan,nan
1702376117424,nan,nan
1702376117443,nan,nan
1702376117446,nan,nan
1702376117456,nan,nan
1702376117468,nan,nan
1702376117479,nan,nan
1702376117489,nan,nan
1702376117502,nan,nan
1702376117512,nan,nan
1702376117523,nan,nan
1702376117535,nan,nan
1702376117571,nan,nan
1702376117572,nan,nan
1702376117587,nan,nan
1702376117590,nan,nan
1702376117604,nan,nan
1702376117612,nan,nan
1702376117623,nan,nan
1702376117636,nan,nan
1702376117645,nan,nan
1702376117656,nan,nan
1702376117669,nan,nan
1702376117678,nan,nan
1702376117701,nan,nan
1702376117722,nan,nan
1702376117723,nan,nan
1702376117738,nan,nan
1702376117745,nan,nan
1702376117758,nan,nan
1702376117769,nan,nan
1702376117778,nan,nan
1702376117790,nan,nan
1702376117802,nan,nan
1702376117811,nan,nan
1702376117823,nan,nan
1702376117836,nan,nan
1702376117873,nan,nan
1702376117874,nan,nan
1702376117878,nan,nan
1702376117890,nan,nan
1702376117905,nan,nan
1702376117911,nan,nan
1702376117923,nan,nan
1702376117935,nan,nan
1702376117951,nan,nan
1702376117968,nan,nan
1702376117978,nan,nan
1702376117989,nan,nan
1702376118021,nan,nan
1702376118022,nan,nan
1702376118037,nan,nan
1702376118044,nan,nan
1702376118056,nan,nan
1702376118066,nan,nan
1702376118077,nan,nan
1702376118088,nan,nan
1702376118100,nan,nan
1702376118110,nan,nan
1702376118122,nan,nan
1702376118134,nan,nan
1702376118173,nan,nan
1702376118174,nan,nan
1702376118177,nan,nan
1702376118190,nan,nan
1702376118200,nan,nan
1702376118210,nan,nan
1702376118222,nan,nan
1702376118233,nan,nan
1702376118244,nan,nan
1702376118255,nan,nan
1702376118267,nan,nan
1702376118277,nan,nan
1702376118289,nan,nan
1702376118320,nan,nan
1702376118321,nan,nan
1702376118322,nan,nan
1702376118337,nan,nan
1702376118344,nan,nan
1702376118356,nan,nan
1702376118367,nan,nan
1702376118377,nan,nan
1702376118388,nan,nan
1702376118400,nan,nan
1702376118410,nan,nan
1702376118422,nan,nan
1702376118434,nan,nan
1702376118474,nan,nan
1702376118477,nan,nan
1702376118491,nan,nan
1702376118500,nan,nan
1702376118511,nan,nan
1702376118522,nan,nan
1702376118532,nan,nan
1702376118550,nan,nan
1702376118571,nan,nan
1702376118582,nan,nan
1702376118601,nan,nan
1702376118622,nan,nan
1702376118626,nan,nan
1702376118639,nan,nan
1702376118647,nan,nan
1702376118659,nan,nan
1702376118671,nan,nan
1702376118681,nan,nan
1702376118692,nan,nan
1702376118705,nan,nan
1702376118714,nan,nan
1702376118757,nan,nan
1702376118758,nan,nan
1702376118759,nan,nan
1702376118777,nan,nan
1702376118781,nan,nan
1702376118793,nan,nan
1702376118804,nan,nan
1702376118814,nan,nan
1702376118826,nan,nan
1702376118838,nan,nan
1702376118847,nan,nan
1702376118859,nan,nan
1702376118872,nan,nan
1702376118907,nan,nan
1702376118914,nan,nan
1702376118927,nan,nan
1702376118938,nan,nan
1702376118948,nan,nan
1702376118959,nan,nan
1702376118970,nan,nan
1702376118980,nan,nan
1702376118992,nan,nan
1702376119004,nan,nan
1702376119013,nan,nan
1702376119037,nan,nan
1702376119057,nan,nan
1702376119059,nan,nan
1702376119075,nan,nan
1702376119080,nan,nan
1702376119092,nan,nan
1702376119104,nan,nan
1702376119114,nan,nan
1702376119125,nan,nan
1702376119137,nan,nan
1702376119147,nan,nan
1702376119188,nan,nan
1702376119189,nan,nan
1702376119192,nan,nan
1702376119205,nan,nan
1702376119214,nan,nan
1702376119226,nan,nan
1702376119237,nan,nan
1702376119247,nan,nan
1702376119259,nan,nan
1702376119271,nan,nan
1702376119281,nan,nan
1702376119293,nan,nan
1702376119342,nan,nan
1702376119347,nan,nan
1702376119359,nan,nan
1702376119369,nan,nan
1702376119380,nan,nan
1702376119391,nan,nan
1702376119402,307.2260093688965,801.3153076171875
1702376119414,349.74403381347656,864.3405246734619
1702376119424,349.74403381347656,864.3405246734619
1702376119436,356.7666244506836,874.7502422332764
1702376119447,333.01319122314453,855.5777263641357
1702376119487,342.2111511230469,863.025426864624
1702376119488,331.88926696777344,867.2139644622803
1702376119491,327.2756576538086,867.1117401123047
1702376119504,322.0794677734375,867.736759185791
1702376119517,312.62996673583984,864.640417098999
1702376119525,339.7205352783203,880.1189517974854
1702376119536,356.3865661621094,877.1660327911377
1702376119547,469.6392822265625,910.7857418060303
1702376119558,463.0818176269531,898.5654258728027
1702376119570,455.4030227661133,899.271125793457
1702376119581,469.4037628173828,893.8610458374023
1702376119592,481.2885284423828,897.6294422149658
1702376119603,479.3458938598633,904.4208812713623
1702376119640,476.2255859375,901.2553596496582
1702376119641,473.36421966552734,900.4523277282715
1702376119648,467.26009368896484,892.5506687164307
1702376119659,467.5921630859375,888.4559440612793
1702376119672,470.75626373291016,878.2989120483398
1702376119681,471.0895538330078,879.9730396270752
1702376119692,474.42535400390625,885.6567478179932
1702376119703,476.82472229003906,885.545768737793
1702376119714,474.22821044921875,892.3492240905762
1702376119726,465.4853057861328,884.0087127685547
1702376119737,464.6305465698242,886.0926818847656
1702376119772,465.11707305908203,870.3941631317139
1702376119773,465.3506851196289,874.2146587371826
1702376119780,650.5643463134766,859.9880504608154
1702376119791,677.8927612304688,863.6037540435791
1702376119803,692.7165222167969,867.9985427856445
1702376119813,685.6540679931641,870.8701801300049
1702376119825,689.4736480712891,868.5752391815186
1702376119836,688.9420318603516,863.6690711975098
1702376119847,692.413330078125,876.0760688781738
1702376119858,690.8477783203125,873.2197952270508
1702376119869,698.7749481201172,872.0344734191895
1702376119880,693.2057952880859,859.9798965454102
1702376119892,699.2530822753906,865.2207183837891
1702376119924,687.8475952148438,871.2310123443604
1702376119925,680.7815551757812,869.2393970489502
1702376119941,681.1771392822266,859.27170753479
1702376119947,677.5887298583984,851.8345642089844
1702376119959,676.0013580322266,852.9643535614014
1702376119970,668.8439178466797,859.3792533874512
1702376119980,658.4938812255859,867.9514217376709
1702376119992,644.8535919189453,872.4159908294678
1702376120003,648.7678527832031,863.1099700927734
1702376120014,605.6636428833008,882.5331115722656
1702376120056,617.5885772705078,893.9972591400146
1702376120057,593.0716323852539,880.0569820404053
1702376120058,587.0949935913086,864.4287586212158
1702376120073,603.4728240966797,893.5981464385986
1702376120080,604.4192886352539,898.8333892822266
1702376120092,604.7928619384766,895.453290939331
1702376120103,608.1119537353516,883.5465145111084
1702376120114,610.0229644775391,888.030481338501
1702376120125,608.0076217651367,881.3464164733887
1702376120135,611.9707870483398,875.1090145111084
1702376120154,609.3363571166992,870.2740859985352
1702376120206,nan,nan
1702376120207,998.2949829101562,868.8756895065308
1702376120208,1059.170036315918,882.5668859481812
1702376120223,1325.3273010253906,891.1098289489746
1702376120231,1331.4617919921875,893.9477777481079
1702376120242,1332.7828979492188,885.5031538009644
1702376120253,1327.5354766845703,887.4028015136719
1702376120264,1336.5159606933594,904.3674087524414
1702376120275,1399.651107788086,964.4745111465454
1702376120286,1743.7741088867188,1230.955753326416
1702376120298,1990.3301239013672,1427.0867729187012
1702376120308,nan,nan
1702376120341,nan,nan
1702376120342,nan,nan
1702376120356,nan,nan
1702376120362,nan,nan
1702376120374,nan,nan
1702376120384,nan,nan
1702376120395,nan,nan
1702376120406,nan,nan
1702376120416,nan,nan
1702376120428,nan,nan
1702376120438,nan,nan
1702376120450,nan,nan
1702376120469,nan,nan
1702376120490,nan,nan
1702376120491,nan,nan
1702376120494,nan,nan
1702376120508,nan,nan
1702376120516,nan,nan
1702376120528,nan,nan
1702376120538,nan,nan
1702376120550,nan,nan
1702376120561,nan,nan
1702376120572,nan,nan
1702376120583,nan,nan
1702376120594,nan,nan
1702376120605,nan,nan
1702376120642,nan,nan
1702376120650,nan,nan
1702376120663,nan,nan
1702376120672,nan,nan
1702376120683,nan,nan
1702376120694,nan,nan
1702376120706,nan,nan
1702376120717,nan,nan
1702376120728,nan,nan
1702376120738,nan,nan
1702376120750,nan,nan
1702376120791,nan,nan
1702376120792,nan,nan
1702376120794,nan,nan
1702376120809,nan,nan
1702376120816,nan,nan
1702376120828,nan,nan
1702376120839,2053.932342529297,1157.484769821167
1702376120850,1841.5679931640625,1082.36909866333
1702376120861,1841.5679931640625,1082.36909866333
1702376120873,1786.2030029296875,979.724006652832
1702376120883,1826.9473266601562,794.6111583709717
1702376120895,1826.9473266601562,794.6111583709717
1702376120906,nan,nan
1702376120940,1805.9390258789062,786.9407272338867
1702376120956,1811.3880920410156,762.6027488708496
1702376120961,1814.4685363769531,772.1139049530029
1702376120973,1814.9324035644531,775.4480838775635
1702376120983,1822.5529479980469,791.3540554046631
1702376120995,1843.2087707519531,775.5053329467773
1702376121006,1883.4426879882812,748.3313369750977
1702376121017,1990.3477478027344,636.2301921844482
1702376121029,1998.3537292480469,630.9492015838623
1702376121040,2013.1520080566406,618.2615804672241
1702376121050,2028.34228515625,631.1922740936279
1702376121090,2028.8407897949219,622.581353187561
1702376121094,2020.5052185058594,646.8353033065796
1702376121106,2022.1139526367188,652.0538520812988
1702376121119,2020.3263854980469,653.7345457077026
1702376121128,2024.6011352539062,659.963321685791
1702376121139,2007.5958251953125,660.4595518112183
1702376121150,2017.4003601074219,670.3466033935547
1702376121161,2023.9881896972656,669.6231365203857
1702376121172,2031.8612670898438,672.4821138381958
1702376121183,2025.7998657226562,670.4132509231567
1702376121225,2028.0224609375,676.414361000061
1702376121226,2028.9700317382812,670.5298519134521
1702376121227,2025.7098388671875,656.2220478057861
1702376121241,2025.7098388671875,656.2220478057861
1702376121249,nan,nan
1702376121261,nan,nan
1702376121271,nan,nan
1702376121282,nan,nan
1702376121293,nan,nan
1702376121304,nan,nan
1702376121315,nan,nan
1702376121326,nan,nan
1702376121337,nan,nan
1702376121373,nan,nan
1702376121374,nan,nan
1702376121376,nan,nan
1702376121396,nan,nan
1702376121408,nan,nan
1702376121418,nan,nan
1702376121429,nan,nan
1702376121441,nan,nan
1702376121451,nan,nan
1702376121463,nan,nan
1702376121475,nan,nan
1702376121506,nan,nan
1702376121507,nan,nan
1702376121524,nan,nan
1702376121528,nan,nan
1702376121540,nan,nan
1702376121551,nan,nan
1702376121562,nan,nan
1702376121573,nan,nan
1702376121583,nan,nan
1702376121602,nan,nan
1702376121639,nan,nan
1702376121640,nan,nan
1702376121644,nan,nan
1702376121655,nan,nan
1702376121666,nan,nan
1702376121677,nan,nan
1702376121687,nan,nan
1702376121698,nan,nan
1702376121709,nan,nan
1702376121719,nan,nan
1702376121732,nan,nan
1702376121743,nan,nan
1702376121753,nan,nan
1702376121771,nan,nan
1702376121792,nan,nan
1702376121799,nan,nan
1702376121810,nan,nan
1702376121820,nan,nan
1702376121832,nan,nan
1702376121843,nan,nan
1702376121853,nan,nan
1702376121865,nan,nan
1702376121876,nan,nan
1702376121887,nan,nan
1702376121927,nan,nan
1702376121928,nan,nan
1702376121932,nan,nan
1702376121945,nan,nan
1702376121953,nan,nan
1702376121965,nan,nan
1702376121977,nan,nan
1702376121987,nan,nan
1702376121998,nan,nan
1702376122010,nan,nan
1702376122021,nan,nan
1702376122032,nan,nan
1702376122043,nan,nan
1702376122075,nan,nan
1702376122076,nan,nan
1702376122092,nan,nan
1702376122098,nan,nan
1702376122110,nan,nan
1702376122120,nan,nan
1702376122131,nan,nan
1702376122142,nan,nan
1702376122153,nan,nan
1702376122164,nan,nan
1702376122176,nan,nan
1702376122211,nan,nan
1702376122212,nan,nan
1702376122220,nan,nan
1702376122231,nan,nan
1702376122245,nan,nan
1702376122253,nan,nan
1702376122264,nan,nan
1702376122276,nan,nan
1702376122286,nan,nan
1702376122298,nan,nan
1702376122309,nan,nan
1702376122320,nan,nan
1702376122337,nan,nan
1702376122360,nan,nan
1702376122364,nan,nan
1702376122378,nan,nan
1702376122385,nan,nan
1702376122398,nan,nan
1702376122409,nan,nan
1702376122419,nan,nan
1702376122431,nan,nan
1702376122442,nan,nan
1702376122453,nan,nan
1702376122491,nan,nan
1702376122497,nan,nan
1702376122508,nan,nan
1702376122520,nan,nan
1702376122530,nan,nan
1702376122542,1687.828369140625,1074.689655303955
1702376122552,1687.828369140625,1074.689655303955
1702376122564,1687.828369140625,1074.689655303955
1702376122575,1682.0286560058594,1075.5392932891846
1702376122586,1682.0286560058594,1075.5392932891846
1702376122597,1682.0286560058594,1075.5392932891846
1702376122609,1673.7258911132812,1027.924461364746
1702376122640,1673.7258911132812,1027.924461364746
1702376122641,1685.8853149414062,1077.925386428833
1702376122657,1737.6853942871094,1025.9813404083252
1702376122663,1757.288818359375,1009.7500705718994
1702376122675,1771.8836975097656,962.0860576629639
1702376122685,1818.1625366210938,850.0326347351074
1702376122696,1767.6567077636719,818.7715530395508
1702376122708,1779.7662353515625,869.580659866333
1702376122720,1822.3384094238281,837.8544616699219
1702376122730,1822.3384094238281,837.8544616699219
1702376122742,1808.7887573242188,844.7335338592529
1702376122775,1716.5447998046875,901.7305183410645
1702376122776,1785.4682922363281,877.7241897583008
1702376122793,1927.8117370605469,829.2719078063965
1702376122798,1945.447998046875,822.2058963775635
1702376122809,1976.9136047363281,810.3960227966309
1702376122820,1984.9644470214844,791.3741397857666
1702376122830,1992.1221923828125,790.7746982574463
1702376122841,1987.9058837890625,801.9480514526367
1702376122852,1990.27587890625,803.8254261016846
1702376122863,1984.166259765625,809.44167137146
1702376122875,1998.2872009277344,806.9778156280518
1702376122886,1999.0330505371094,802.5323009490967
1702376122926,1998.97216796875,805.4671096801758
1702376122927,1993.0648803710938,807.7381038665771
1702376122930,1989.5567321777344,792.5301933288574
1702376122945,1985.5528259277344,779.0450763702393
1702376122953,1987.7117919921875,792.1248149871826
1702376122964,1991.2911987304688,804.4396305084229
1702376122975,1998.3689880371094,811.635332107544
1702376122986,2004.4859313964844,801.9528579711914
1702376122997,2003.4239196777344,791.8435478210449
1702376123009,2008.1304931640625,786.1569213867188
1702376123020,2007.750244140625,788.9431571960449
1702376123030,2007.5173950195312,792.4478816986084
1702376123041,2003.128662109375,795.3405475616455
1702376123077,2007.071533203125,785.4806613922119
1702376123086,1788.5255432128906,772.9691219329834
1702376123097,1711.4848327636719,769.2202949523926
1702376123109,1630.3456115722656,767.1723747253418
1702376123119,1525.1400756835938,742.3462772369385
1702376123130,1518.7330627441406,740.6665706634521
1702376123141,1513.0311584472656,736.0110282897949
1702376123152,1502.5,745.0786113739014
1702376123164,1504.7428894042969,751.0082244873047
1702376123175,1504.5552062988281,757.454023361206
1702376123186,1504.3693542480469,744.0682983398438
1702376123226,1504.4912719726562,740.2800750732422
1702376123230,1500.0367736816406,743.642406463623
1702376123243,1500.9275817871094,742.1283531188965
1702376123252,1498.3319091796875,731.4016628265381
1702376123263,1496.5934753417969,728.884162902832
1702376123274,1497.74658203125,729.0555667877197
1702376123285,1497.8622436523438,742.9500961303711
1702376123296,1504.1780090332031,742.6187896728516
1702376123308,1513.7007141113281,750.7626628875732
1702376123319,1517.5892639160156,734.424877166748
1702376123330,1515.8297729492188,733.4574794769287
1702376123341,1513.7846374511719,727.5231456756592
1702376123375,1511.3088989257812,729.1019153594971
1702376123391,1621.5095520019531,758.6236381530762
1702376123396,1631.2477111816406,755.0854396820068
1702376123408,1680.4212951660156,764.0080547332764
1702376123418,nan,nan
1702376123429,nan,nan
1702376123440,nan,nan
1702376123451,nan,nan
1702376123462,nan,nan
1702376123473,nan,nan
1702376123484,nan,nan
1702376123527,nan,nan
1702376123528,nan,nan
1702376123546,nan,nan
1702376123567,nan,nan
1702376123578,nan,nan
1702376123588,nan,nan
1702376123599,nan,nan
1702376123611,nan,nan
1702376123621,nan,nan
1702376123633,nan,nan
1702376123676,nan,nan
1702376123678,nan,nan
1702376123692,nan,nan
1702376123700,nan,nan
1702376123711,nan,nan
1702376123721,nan,nan
1702376123733,nan,nan
1702376123744,nan,nan
1702376123754,nan,nan
1702376123766,nan,nan
1702376123778,nan,nan
1702376123788,nan,nan
1702376123827,nan,nan
1702376123833,nan,nan
1702376123844,nan,nan
1702376123855,nan,nan
1702376123867,nan,nan
1702376123878,nan,nan
1702376123888,nan,nan
1702376123900,nan,nan
1702376123911,nan,nan
1702376123921,nan,nan
1702376123934,nan,nan
1702376123975,nan,nan
1702376123976,nan,nan
1702376123978,nan,nan
1702376123991,nan,nan
1702376123999,nan,nan
1702376124011,nan,nan
1702376124020,nan,nan
1702376124033,nan,nan
1702376124044,nan,nan
1702376124054,nan,nan
1702376124066,nan,nan
1702376124077,nan,nan
1702376124111,nan,nan
1702376124112,nan,nan
1702376124127,nan,nan
1702376124134,nan,nan
1702376124144,nan,nan
1702376124154,nan,nan
1702376124167,nan,nan
1702376124178,nan,nan
1702376124188,nan,nan
1702376124199,nan,nan
1702376124211,nan,nan
1702376124221,nan,nan
1702376124259,nan,nan
1702376124260,nan,nan
1702376124266,nan,nan
1702376124278,nan,nan
1702376124289,nan,nan
1702376124300,nan,nan
1702376124311,nan,nan
1702376124322,nan,nan
1702376124333,nan,nan
1702376124345,nan,nan
1702376124355,nan,nan
1702376124393,nan,nan
1702376124394,nan,nan
1702376124400,nan,nan
1702376124411,1555.4154968261719,877.2440528869629
1702376124421,1555.4154968261719,877.2440528869629
1702376124432,1555.4154968261719,877.2440528869629
1702376124443,1576.7266845703125,864.32936668396
1702376124454,1576.7266845703125,864.32936668396
1702376124465,1576.7266845703125,864.32936668396
1702376124477,1531.3128662109375,895.6280422210693
1702376124488,1531.3128662109375,895.6280422210693
1702376124499,1531.3128662109375,895.6280422210693
1702376124518,1527.4046325683594,861.1837577819824
1702376124542,1539.5085144042969,870.1953792572021
1702376124544,1534.5309448242188,891.8787860870361
1702376124558,1536.8180847167969,891.0408210754395
1702376124566,1534.849853515625,888.061466217041
1702376124579,1536.346435546875,878.9309692382812
1702376124588,1428.3233642578125,779.9014091491699
1702376124600,1408.9425659179688,765.5670833587646
1702376124611,1389.5367431640625,739.2230701446533
1702376124622,1408.6477661132812,748.0950450897217
1702376124633,1411.336669921875,748.1831932067871
1702376124644,1407.8007507324219,746.7193508148193
1702376124655,1405.2247619628906,749.7636795043945
1702376124694,1405.4856872558594,750.7347679138184
1702376124695,1414.5077514648438,750.8213710784912
1702376124700,1396.5509033203125,740.5154228210449
1702376124711,1395.4945373535156,740.313892364502
1702376124722,1399.12841796875,746.4839172363281
1702376124733,1398.2243347167969,749.6466064453125
1702376124744,1386.2275695800781,756.2751388549805
1702376124754,1386.910400390625,761.6410160064697
1702376124765,1383.0145263671875,766.1304759979248
1702376124776,1390.4249572753906,760.4232501983643
1702376124788,1390.0981140136719,751.2972164154053
1702376124799,1395.9332275390625,748.1017398834229
1702376124810,1396.3624572753906,752.4491500854492
1702376124844,1390.5451965332031,758.3068370819092
1702376124861,1389.5552062988281,744.6979522705078
1702376124867,1394.6945190429688,744.9357032775879
1702376124879,1391.2228393554688,750.6228446960449
1702376124888,1392.0362854003906,752.9880809783936
1702376124899,1388.3074951171875,760.8933448791504
1702376124910,1396.2838745117188,765.0595664978027
1702376124921,1592.8521728515625,848.2357692718506
1702376124932,1633.0116271972656,856.3097763061523
1702376124943,1718.3938598632812,883.5349273681641
1702376124953,nan,nan
1702376124994,nan,nan
1702376124995,nan,nan
1702376124998,nan,nan
1702376125011,nan,nan
1702376125020,nan,nan
1702376125032,nan,nan
1702376125041,nan,nan
1702376125058,nan,nan
1702376125079,nan,nan
1702376125089,nan,nan
1702376125101,nan,nan
1702376125142,nan,nan
1702376125143,nan,nan
1702376125145,nan,nan
1702376125158,nan,nan
1702376125167,nan,nan
1702376125179,nan,nan
1702376125188,nan,nan
1702376125200,nan,nan
1702376125212,nan,nan
1702376125222,nan,nan
1702376125234,nan,nan
1702376125246,nan,nan
1702376125277,nan,nan
1702376125278,nan,nan
1702376125279,nan,nan
1702376125295,nan,nan
1702376125301,nan,nan
1702376125313,nan,nan
1702376125322,nan,nan
1702376125333,nan,nan
1702376125345,nan,nan
1702376125355,nan,nan
1702376125367,nan,nan
1702376125411,nan,nan
1702376125412,nan,nan
1702376125427,nan,nan
1702376125434,nan,nan
1702376125446,nan,nan
1702376125456,nan,nan
1702376125467,nan,nan
1702376125479,nan,nan
1702376125495,nan,nan
1702376125511,nan,nan
1702376125521,nan,nan
1702376125542,nan,nan
1702376125563,nan,nan
1702376125566,nan,nan
1702376125581,nan,nan
1702376125587,nan,nan
1702376125606,nan,nan
1702376125624,nan,nan
1702376125636,nan,nan
1702376125648,nan,nan
1702376125667,nan,nan
1702376125711,nan,nan
1702376125712,nan,nan
1702376125713,nan,nan
1702376125727,nan,nan
1702376125735,nan,nan
1702376125747,nan,nan
1702376125757,nan,nan
1702376125774,nan,nan
1702376125793,nan,nan
1702376125805,nan,nan
1702376125817,nan,nan
1702376125827,nan,nan
1702376125861,nan,nan
1702376125862,nan,nan
1702376125878,nan,nan
1702376125884,nan,nan
1702376125894,nan,nan
1702376125905,nan,nan
1702376125917,nan,nan
1702376125927,nan,nan
1702376125939,nan,nan
1702376125950,nan,nan
1702376125960,nan,nan
1702376125973,nan,nan
1702376126012,nan,nan
1702376126013,nan,nan
1702376126017,nan,nan
1702376126029,nan,nan
1702376126040,nan,nan
1702376126051,nan,nan
1702376126061,nan,nan
1702376126073,nan,nan
1702376126084,nan,nan
1702376126093,nan,nan
1702376126106,nan,nan
1702376126117,nan,nan
1702376126126,nan,nan
1702376126167,nan,nan
1702376126172,nan,nan
1702376126183,nan,nan
1702376126195,nan,nan
1702376126206,nan,nan
1702376126217,nan,nan
1702376126227,nan,nan
1702376126239,nan,nan
1702376126250,nan,nan
1702376126260,nan,nan
1702376126273,nan,nan
1702376126313,nan,nan
1702376126317,nan,nan
1702376126328,nan,nan
1702376126342,nan,nan
1702376126350,nan,nan
1702376126360,nan,nan
1702376126373,nan,nan
1702376126383,nan,nan
1702376126394,nan,nan
1702376126406,nan,nan
1702376126417,nan,nan
1702376126427,nan,nan
1702376126465,nan,nan
1702376126472,nan,nan
1702376126484,nan,nan
1702376126495,nan,nan
1702376126506,nan,nan
1702376126517,nan,nan
1702376126527,nan,nan
1702376126539,nan,nan
1702376126551,nan,nan
1702376126561,nan,nan
1702376126573,nan,nan
1702376126613,nan,nan
1702376126614,nan,nan
1702376126617,nan,nan
1702376126632,nan,nan
1702376126640,nan,nan
1702376126651,nan,nan
1702376126661,nan,nan
1702376126672,nan,nan
1702376126683,nan,nan
1702376126694,nan,nan
1702376126705,nan,nan
1702376126717,nan,nan
1702376126728,nan,nan
1702376126768,nan,nan
1702376126769,nan,nan
1702376126773,nan,nan
1702376126785,nan,nan
1702376126794,nan,nan
1702376126807,nan,nan
1702376126818,nan,nan
1702376126829,nan,nan
1702376126839,nan,nan
1702376126851,nan,nan
1702376126861,nan,nan
1702376126872,nan,nan
1702376126914,nan,nan
1702376126915,nan,nan
1702376126917,nan,nan
1702376126932,nan,nan
1702376126938,nan,nan
1702376126951,nan,nan
1702376126959,nan,nan
1702376126972,nan,nan
1702376126984,nan,nan
1702376126993,nan,nan
1702376127005,nan,nan
1702376127018,nan,nan
1702376127027,nan,nan
1702376127063,nan,nan
1702376127082,nan,nan
1702376127092,nan,nan
1702376127104,nan,nan
1702376127115,nan,nan
1702376127126,nan,nan
1702376127137,nan,nan
1702376127149,nan,nan
1702376127159,nan,nan
1702376127198,nan,nan
1702376127204,nan,nan
1702376127214,nan,nan
1702376127225,nan,nan
1702376127236,nan,nan
1702376127248,nan,nan
1702376127259,nan,nan
1702376127270,nan,nan
1702376127281,nan,nan
1702376127292,nan,nan
1702376127303,nan,nan
1702376127323,nan,nan
1702376127348,nan,nan
1702376127349,nan,nan
1702376127365,nan,nan
1702376127370,nan,nan
1702376127382,nan,nan
1702376127392,nan,nan
1702376127403,nan,nan
1702376127413,nan,nan
1702376127430,nan,nan
1702376127452,nan,nan
1702376127461,nan,nan
1702376127497,nan,nan
1702376127513,nan,nan
1702376127519,nan,nan
1702376127529,nan,nan
1702376127540,nan,nan
1702376127551,nan,nan
1702376127561,nan,nan
1702376127574,nan,nan
1702376127585,nan,nan
1702376127594,nan,nan
1702376127633,nan,nan
1702376127634,nan,nan
1702376127640,nan,nan
1702376127651,nan,nan
1702376127660,nan,nan
1702376127673,nan,nan
1702376127684,nan,nan
1702376127694,nan,nan
1702376127705,nan,nan
1702376127717,nan,nan
1702376127727,nan,nan
1702376127739,nan,nan
1702376127780,nan,nan
1702376127781,nan,nan
1702376127784,nan,nan
1702376127798,nan,nan
1702376127806,nan,nan
1702376127824,nan,nan
1702376127838,nan,nan
1702376127850,nan,nan
1702376127861,nan,nan
1702376127872,nan,nan
1702376127884,nan,nan
1702376127895,nan,nan
1702376127932,nan,nan
1702376127933,1325.2763366699219,902.4863433837891
1702376127939,1325.2763366699219,902.4863433837891
1702376127951,1246.8260192871094,923.4589862823486
1702376127962,1246.8260192871094,923.4589862823486
1702376127972,1246.8260192871094,923.4589862823486
1702376127983,1246.0335540771484,998.9792633056641
1702376127994,1246.0335540771484,998.9792633056641
1702376128005,1246.0335540771484,998.9792633056641
1702376128016,1270.6011962890625,950.0619506835938
1702376128027,1270.6011962890625,950.0619506835938
1702376128039,1430.4728698730469,925.7498073577881
1702376128081,1424.4778442382812,917.7659225463867
1702376128082,1360.5914306640625,867.6699829101562
1702376128084,1360.6051635742188,854.633674621582
1702376128101,1366.7828369140625,853.4109306335449
1702376128106,1349.2425537109375,849.2101192474365
1702376128119,1356.8330383300781,861.5248489379883
1702376128128,1320.5096435546875,911.5639686584473
1702376128139,1320.5096435546875,911.5639686584473
1702376128151,1288.3943176269531,915.494327545166
1702376128160,1288.3943176269531,915.494327545166
1702376128172,1288.3943176269531,915.494327545166
1702376128211,nan,nan
1702376128212,nan,nan
1702376128218,1198.9509582519531,903.1838035583496
1702376128229,1318.8700103759766,897.8626441955566
1702376128242,1329.8399353027344,906.0836362838745
1702376128252,1330.1893615722656,901.0976028442383
1702376128263,1324.2041778564453,894.6555376052856
1702376128275,1327.0964813232422,887.9387283325195
1702376128285,1335.3595733642578,891.5809965133667
1702376128297,1408.6054992675781,871.9669675827026
1702376128308,1413.1682586669922,867.4136066436768
1702376128349,1418.3161163330078,864.9142169952393
1702376128350,1402.6846313476562,855.630898475647
1702376128352,1397.234115600586,857.152419090271
1702376128367,1400.680160522461,852.0293140411377
1702376128375,1397.24609375,849.8217058181763
1702376128385,1407.1637725830078,849.8905849456787
1702376128397,1412.0068359375,849.3921661376953
1702376128408,1414.5475006103516,849.2595148086548
1702376128419,1457.2869873046875,846.5066242218018
1702376128430,1653.0716705322266,828.5857772827148
1702376128441,1805.5216217041016,836.3500642776489
1702376128452,1945.3143310546875,837.0837450027466
1702376128463,1998.8043975830078,841.9127082824707
1702376128501,1996.708755493164,844.1467952728271
1702376128502,1993.2042694091797,842.5099611282349
1702376128508,1995.3083801269531,843.575119972229
1702376128519,2003.1013488769531,838.0900239944458
1702376128532,2001.2704467773438,837.9532527923584
1702376128541,2002.7625274658203,830.8835506439209
1702376128551,2004.1967010498047,835.2279138565063
1702376128562,2001.5492248535156,833.1199550628662
1702376128574,2004.7816467285156,840.8011150360107
1702376128585,1996.2582397460938,846.4037561416626
1702376128596,2005.7354736328125,845.2975702285767
1702376128607,1998.2325744628906,841.7912578582764
1702376128647,2010.491714477539,843.3133363723755
1702376128648,2002.5971984863281,844.5402431488037
1702376128651,2014.0568542480469,836.827540397644
1702376128666,2018.3739471435547,837.1171760559082
1702376128674,2013.1497192382812,836.7305946350098
1702376128686,2013.3636474609375,837.5304079055786
1702376128696,2014.2044830322266,837.4117469787598
1702376128708,2018.6134338378906,836.1870288848877
1702376128718,2015.1138305664062,835.4100036621094
1702376128729,2056.7391967773438,837.531909942627
1702376128741,2067.2852325439453,833.7501239776611
1702376128752,2082.202682495117,834.1713809967041
1702376128763,2088.6538696289062,844.4573307037354
1702376128802,2086.123504638672,849.7914934158325
1702376128803,2083.2833862304688,858.4215545654297
1702376128808,2078.660202026367,839.7142839431763
1702376128820,2080.3189849853516,833.9913082122803
1702376128829,2076.6546630859375,842.0248031616211
1702376128842,2083.557815551758,845.2040147781372
1702376128852,2087.378463745117,851.6250085830688
1702376128863,2076.965560913086,847.2242116928101
1702376128875,2074.114456176758,854.7393751144409
1702376128885,2077.5253295898438,857.1518611907959
1702376128896,2093.6521911621094,897.8673648834229
1702376128907,2271.247100830078,884.9032402038574
1702376128917,nan,nan
1702376128949,nan,nan
1702376128950,nan,nan
1702376128968,nan,nan
1702376128971,nan,nan
1702376128982,nan,nan
1702376128993,nan,nan
1702376129004,nan,nan
1702376129015,nan,nan
1702376129025,nan,nan
1702376129042,nan,nan
1702376129063,nan,nan
1702376129099,nan,nan
1702376129100,nan,nan
1702376129107,nan,nan
1702376129119,nan,nan
1702376129129,nan,nan
1702376129140,nan,nan
1702376129153,nan,nan
1702376129163,nan,nan
1702376129174,nan,nan
1702376129186,nan,nan
1702376129195,nan,nan
1702376129207,nan,nan
1702376129248,nan,nan
1702376129249,nan,nan
1702376129252,nan,nan
1702376129265,nan,nan
1702376129274,nan,nan
1702376129286,nan,nan
1702376129295,nan,nan
1702376129307,nan,nan
1702376129318,nan,nan
1702376129327,nan,nan
1702376129340,nan,nan
1702376129352,nan,nan
1702376129361,nan,nan
1702376129400,nan,nan
1702376129401,nan,nan
1702376129406,nan,nan
1702376129419,nan,nan
1702376129427,nan,nan
1702376129440,nan,nan
1702376129453,nan,nan
1702376129461,nan,nan
1702376129473,nan,nan
1702376129485,nan,nan
1702376129494,nan,nan
1702376129506,nan,nan
1702376129530,nan,nan
1702376129552,nan,nan
1702376129569,nan,nan
1702376129573,nan,nan
1702376129587,nan,nan
1702376129595,nan,nan
1702376129606,nan,nan
1702376129619,nan,nan
1702376129628,nan,nan
1702376129639,nan,nan
1702376129653,nan,nan
1702376129661,nan,nan
1702376129697,nan,nan
1702376129698,nan,nan
1702376129714,nan,nan
1702376129718,nan,nan
1702376129728,nan,nan
1702376129740,nan,nan
1702376129752,nan,nan
1702376129761,nan,nan
1702376129773,nan,nan
1702376129785,nan,nan
1702376129794,nan,nan
1702376129807,nan,nan
1702376129847,nan,nan
1702376129852,nan,nan
1702376129862,nan,nan
1702376129873,nan,nan
1702376129885,nan,nan
1702376129894,nan,nan
1702376129907,nan,nan
1702376129918,nan,nan
1702376129927,nan,nan
1702376129940,nan,nan
1702376129951,nan,nan
1702376129961,nan,nan
1702376129999,nan,nan
1702376130000,nan,nan
1702376130015,nan,nan
1702376130018,nan,nan
1702376130028,nan,nan
1702376130041,nan,nan
1702376130051,nan,nan
1702376130060,nan,nan
1702376130073,nan,nan
1702376130085,nan,nan
1702376130094,nan,nan
1702376130106,nan,nan
1702376130127,nan,nan
1702376130151,nan,nan
1702376130152,nan,nan
1702376130168,nan,nan
1702376130172,nan,nan
1702376130185,nan,nan
1702376130194,nan,nan
1702376130206,nan,nan
1702376130218,nan,nan
1702376130228,nan,nan
1702376130239,nan,nan
1702376130251,nan,nan
1702376130261,nan,nan
1702376130301,nan,nan
1702376130306,nan,nan
1702376130319,nan,nan
1702376130329,nan,nan
1702376130339,nan,nan
1702376130352,nan,nan
1702376130362,nan,nan
1702376130373,nan,nan
1702376130385,nan,nan
1702376130395,nan,nan
1702376130406,nan,nan
1702376130427,nan,nan
1702376130448,nan,nan
1702376130449,nan,nan
1702376130452,nan,nan
1702376130465,nan,nan
1702376130472,nan,nan
1702376130485,nan,nan
1702376130494,nan,nan
1702376130506,nan,nan
1702376130519,nan,nan
1702376130527,nan,nan
1702376130539,nan,nan
1702376130584,nan,nan
1702376130585,nan,nan
1702376130601,nan,nan
1702376130607,nan,nan
1702376130618,nan,nan
1702376130626,nan,nan
1702376130639,nan,nan
1702376130651,nan,nan
1702376130660,nan,nan
1702376130672,nan,nan
1702376130685,nan,nan
1702376130693,nan,nan
1702376130734,nan,nan
1702376130735,nan,nan
1702376130739,nan,nan
1702376130752,nan,nan
1702376130761,nan,nan
1702376130772,nan,nan
1702376130785,nan,nan
1702376130794,nan,nan
1702376130806,nan,nan
1702376130819,nan,nan
1702376130827,nan,nan
1702376130839,nan,nan
1702376130884,nan,nan
1702376130885,nan,nan
1702376130886,nan,nan
1702376130894,nan,nan
1702376130906,nan,nan
1702376130920,nan,nan
1702376130928,nan,nan
1702376130939,nan,nan
1702376130952,nan,nan
1702376130961,nan,nan
1702376130973,nan,nan
1702376130986,nan,nan
1702376130994,nan,nan
1702376131034,nan,nan
1702376131035,nan,nan
1702376131040,nan,nan
1702376131053,nan,nan
1702376131060,nan,nan
1702376131073,nan,nan
1702376131084,nan,nan
1702376131093,nan,nan
1702376131107,nan,nan
1702376131119,nan,nan
1702376131127,nan,nan
1702376131140,nan,nan
1702376131152,nan,nan
1702376131183,nan,nan
1702376131185,nan,nan
1702376131200,nan,nan
1702376131206,nan,nan
1702376131218,nan,nan
1702376131227,nan,nan
1702376131239,nan,nan
1702376131251,nan,nan
1702376131260,nan,nan
1702376131273,nan,nan
1702376131315,nan,nan
1702376131316,nan,nan
1702376131318,nan,nan
1702376131331,nan,nan
1702376131339,nan,nan
1702376131351,nan,nan
1702376131360,nan,nan
1702376131373,nan,nan
1702376131384,nan,nan
1702376131394,nan,nan
1702376131405,nan,nan
1702376131417,nan,nan
1702376131428,nan,nan
1702376131467,nan,nan
1702376131468,nan,nan
1702376131472,nan,nan
1702376131485,nan,nan
1702376131494,nan,nan
1702376131506,nan,nan
1702376131517,nan,nan
1702376131528,nan,nan
1702376131539,nan,nan
1702376131551,nan,nan
1702376131561,nan,nan
1702376131573,nan,nan
1702376131617,nan,nan
1702376131618,nan,nan
1702376131633,nan,nan
1702376131639,nan,nan
1702376131651,nan,nan
1702376131660,nan,nan
1702376131672,nan,nan
1702376131683,nan,nan
1702376131694,nan,nan
1702376131705,nan,nan
1702376131717,nan,nan
1702376131751,nan,nan
1702376131760,nan,nan
1702376131772,nan,nan
1702376131785,nan,nan
1702376131793,nan,nan
1702376131805,nan,nan
1702376131817,nan,nan
1702376131827,nan,nan
1702376131839,nan,nan
1702376131852,nan,nan
1702376131860,nan,nan
1702376131900,nan,nan
1702376131906,nan,nan
1702376131919,nan,nan
1702376131927,nan,nan
1702376131939,nan,nan
1702376131951,nan,nan
1702376131959,nan,nan
1702376131971,nan,nan
1702376131983,nan,nan
1702376131993,nan,nan
1702376132005,nan,nan
1702376132017,nan,nan
1702376132052,nan,nan
1702376132060,nan,nan
1702376132071,nan,nan
1702376132087,nan,nan
1702376132093,nan,nan
1702376132105,nan,nan
1702376132117,nan,nan
1702376132126,nan,nan
1702376132138,nan,nan
1702376132150,nan,nan
1702376132183,nan,nan
1702376132184,nan,nan
1702376132199,nan,nan
1702376132206,nan,nan
1702376132218,nan,nan
1702376132226,nan,nan
1702376132238,nan,nan
1702376132250,nan,nan
1702376132259,nan,nan
1702376132271,nan,nan
1702376132283,nan,nan
1702376132293,nan,nan
1702376132334,nan,nan
1702376132335,nan,nan
1702376132339,nan,nan
1702376132350,nan,nan
1702376132362,nan,nan
1702376132372,nan,nan
1702376132383,nan,nan
1702376132395,1072.6750946044922,748.4745025634766
1702376132406,1072.6750946044922,748.4745025634766
1702376132417,1072.6750946044922,748.4745025634766
1702376132428,1057.7484893798828,732.2186851501465
1702376132468,1057.7484893798828,732.2186851501465
1702376132469,1057.7484893798828,732.2186851501465
1702376132473,1026.6600799560547,729.6046257019043
1702376132485,1026.6600799560547,729.6046257019043
1702376132498,1036.906967163086,731.2870788574219
1702376132505,1010.2494049072266,740.7481098175049
1702376132516,1010.2494049072266,740.7481098175049
1702376132528,1002.8116607666016,734.6951580047607
1702376132538,1028.4723663330078,724.4230270385742
1702376132549,1028.4723663330078,724.4230270385742
1702376132561,1027.2354888916016,732.2776508331299
1702376132572,1027.2354888916016,732.2776508331299
1702376132583,1027.2354888916016,732.2776508331299
1702376132618,863.7059020996094,734.1406059265137
1702376132628,671.8960571289062,758.8303184509277
1702376132639,661.3984680175781,775.2436351776123
1702376132650,661.3984680175781,775.2436351776123
1702376132661,661.8994140625,768.9000606536865
1702376132673,668.0391693115234,762.0052814483643
1702376132683,668.0391693115234,762.0052814483643
1702376132695,657.8726196289062,780.3597450256348
1702376132706,656.8547821044922,786.1787223815918
1702376132717,634.8543548583984,777.912712097168
1702376132728,644.0976715087891,779.1757106781006
1702376132770,629.0386581420898,780.4116725921631
1702376132771,650.9870910644531,789.1815090179443
1702376132773,664.2105865478516,781.0960006713867
1702376132790,662.3057556152344,792.3163032531738
1702376132795,668.4152984619141,786.0537528991699
1702376132806,669.0627288818359,794.6346759796143
1702376132817,677.4072265625,780.7877826690674
1702376132828,671.2815093994141,773.2030963897705
1702376132840,681.7110443115234,782.3114490509033
1702376132851,675.7489776611328,782.0549869537354
1702376132862,664.4424438476562,792.3252296447754
1702376132873,652.6563262939453,785.3168964385986
1702376132883,652.4850463867188,790.1783466339111
1702376132921,663.5616302490234,784.3545627593994
1702376132922,663.0429077148438,780.6265068054199
1702376132928,656.7723083496094,781.7437648773193
1702376132939,662.001953125,769.008207321167
1702376132950,663.3039855957031,779.4882202148438
1702376132961,660.8705139160156,772.1546745300293
1702376132972,660.8705139160156,772.1546745300293
1702376132983,663.0973052978516,770.9036064147949
1702376132994,671.0661315917969,771.6645812988281
1702376133005,671.7649841308594,776.7263603210449
1702376133017,671.81640625,766.6851139068604
1702376133028,673.1140899658203,768.797492980957
1702376133069,669.1786193847656,769.3332481384277
1702376133072,664.8648834228516,763.6685943603516
1702376133087,748.1655883789062,757.6433658599854
1702376133095,1371.6078186035156,742.584114074707
1702376133106,1379.3621826171875,767.5235939025879
1702376133117,1426.9654846191406,760.3075504302979
1702376133128,1527.1331787109375,780.7369709014893
1702376133139,1525.6568908691406,775.6266975402832
1702376133150,1540.4142761230469,778.4042644500732
1702376133161,1531.7289733886719,785.5789375305176
1702376133173,1532.5752258300781,788.8708019256592
1702376133184,1537.0301818847656,788.1756591796875
1702376133219,1539.8057556152344,772.3087406158447
1702376133220,1554.53857421875,750.6647300720215
1702376133228,1557.2662353515625,755.0404644012451
1702376133240,1554.2939758300781,766.4137172698975
1702376133251,1548.2383728027344,767.1243095397949
1702376133261,1553.795166015625,765.0103855133057
1702376133272,1549.2161560058594,768.3591556549072
1702376133283,1562.7658081054688,770.3361797332764
1702376133294,1547.3780822753906,765.615234375
1702376133305,1541.5281677246094,772.3429870605469
1702376133316,1524.884033203125,771.972713470459
1702376133327,1529.560546875,762.8816986083984
1702376133367,1541.055908203125,739.7564220428467
1702376133368,1539.093017578125,748.4113311767578
1702376133372,1523.3743286132812,779.8880195617676
1702376133383,1522.2187805175781,777.0846176147461
1702376133394,1522.2431945800781,781.556568145752
1702376133405,1525.5271911621094,764.3472576141357
1702376133416,1530.3773498535156,766.6850280761719
1702376133427,2401.7662048339844,1187.5237941741943
1702376133438,2401.7662048339844,1187.5237941741943
1702376133449,2401.7662048339844,1187.5237941741943
1702376133460,nan,nan
1702376133471,nan,nan
1702376133482,nan,nan
1702376133527,nan,nan
1702376133528,nan,nan
1702376133543,nan,nan
1702376133548,nan,nan
1702376133559,nan,nan
1702376133576,nan,nan
1702376133595,nan,nan
1702376133608,nan,nan
1702376133619,nan,nan
1702376133629,nan,nan
1702376133667,nan,nan
1702376133668,nan,nan
1702376133683,nan,nan
1702376133686,nan,nan
1702376133698,nan,nan
1702376133707,nan,nan
1702376133720,nan,nan
1702376133729,nan,nan
1702376133741,nan,nan
1702376133753,nan,nan
1702376133762,nan,nan
1702376133774,nan,nan
1702376133798,nan,nan
1702376133820,nan,nan
1702376133835,nan,nan
1702376133841,nan,nan
1702376133852,nan,nan
1702376133862,nan,nan
1702376133873,nan,nan
1702376133886,nan,nan
1702376133895,nan,nan
1702376133907,nan,nan
1702376133919,nan,nan
1702376133930,nan,nan
1702376133968,nan,nan
1702376133969,nan,nan
1702376133974,nan,nan
1702376133986,nan,nan
1702376133996,nan,nan
1702376134007,nan,nan
1702376134020,nan,nan
1702376134030,nan,nan
1702376134040,nan,nan
1702376134053,nan,nan
1702376134063,nan,nan
1702376134074,nan,nan
1702376134119,nan,nan
1702376134120,nan,nan
1702376134129,nan,nan
1702376134141,nan,nan
1702376134154,nan,nan
1702376134162,nan,nan
1702376134174,nan,nan
1702376134186,nan,nan
1702376134195,nan,nan
1702376134207,nan,nan
1702376134219,nan,nan
1702376134228,nan,nan
1702376134268,nan,nan
1702376134274,nan,nan
1702376134286,nan,nan
1702376134295,nan,nan
1702376134307,nan,nan
1702376134320,nan,nan
1702376134328,nan,nan
1702376134340,nan,nan
1702376134352,nan,nan
1702376134361,nan,nan
1702376134373,nan,nan
1702376134386,nan,nan
1702376134422,nan,nan
1702376134428,nan,nan
1702376134440,nan,nan
1702376134454,nan,nan
1702376134462,nan,nan
1702376134473,nan,nan
1702376134486,nan,nan
1702376134495,nan,nan
1702376134507,nan,nan
1702376134520,nan,nan
1702376134529,nan,nan
1702376134570,nan,nan
1702376134571,nan,nan
1702376134574,nan,nan
1702376134587,nan,nan
1702376134595,nan,nan
1702376134606,nan,nan
1702376134619,nan,nan
1702376134628,nan,nan
1702376134640,nan,nan
1702376134652,nan,nan
1702376134661,nan,nan
1702376134674,nan,nan
1702376134686,nan,nan
1702376134721,nan,nan
1702376134722,nan,nan
1702376134728,nan,nan
1702376134741,nan,nan
1702376134753,nan,nan
1702376134761,nan,nan
1702376134774,nan,nan
1702376134786,nan,nan
1702376134795,nan,nan
1702376134807,nan,nan
1702376134819,nan,nan
1702376134828,nan,nan
1702376134849,nan,nan
1702376134871,nan,nan
1702376134875,nan,nan
1702376134888,nan,nan
1702376134895,nan,nan
1702376134908,nan,nan
1702376134919,nan,nan
1702376134936,nan,nan
1702376134950,nan,nan
1702376134961,nan,nan
1702376135001,nan,nan
1702376135002,nan,nan
1702376135005,nan,nan
1702376135018,nan,nan
1702376135027,nan,nan
1702376135044,nan,nan
1702376135065,nan,nan
1702376135075,nan,nan
1702376135088,nan,nan
1702376135098,nan,nan
1702376135109,nan,nan
1702376135132,nan,nan
1702376135153,nan,nan
1702376135155,nan,nan
1702376135169,nan,nan
1702376135176,nan,nan
1702376135188,nan,nan
1702376135199,nan,nan
1702376135209,nan,nan
1702376135222,nan,nan
1702376135232,nan,nan
1702376135243,nan,nan
1702376135255,nan,nan
1702376135265,nan,nan
1702376135302,nan,nan
1702376135303,nan,nan
1702376135309,nan,nan
1702376135322,nan,nan
1702376135334,nan,nan
1702376135343,nan,nan
1702376135355,nan,nan
1702376135364,nan,nan
1702376135375,nan,nan
1702376135388,nan,nan
1702376135397,nan,nan
1702376135438,nan,nan
1702376135439,nan,nan
1702376135442,nan,nan
1702376135455,nan,nan
1702376135463,nan,nan
1702376135476,nan,nan
1702376135488,nan,nan
1702376135497,nan,nan
1702376135509,nan,nan
1702376135522,nan,nan
1702376135531,nan,nan
1702376135542,nan,nan
1702376135565,nan,nan
1702376135586,nan,nan
1702376135587,nan,nan
1702376135588,nan,nan
1702376135604,nan,nan
1702376135608,nan,nan
1702376135622,nan,nan
1702376135630,nan,nan
1702376135642,nan,nan
1702376135655,nan,nan
1702376135664,nan,nan
1702376135676,nan,nan
1702376135688,nan,nan
1702376135722,nan,nan
1702376135723,nan,nan
1702376135731,nan,nan
1702376135743,nan,nan
1702376135756,nan,nan
1702376135764,nan,nan
1702376135777,nan,nan
1702376135788,nan,nan
1702376135797,nan,nan
1702376135810,nan,nan
1702376135822,nan,nan
1702376135831,nan,nan
1702376135871,nan,nan
1702376135872,nan,nan
1702376135876,nan,nan
1702376135889,nan,nan
1702376135897,nan,nan
1702376135910,nan,nan
1702376135921,nan,nan
1702376135930,nan,nan
1702376135942,nan,nan
1702376135953,nan,nan
1702376135963,nan,nan
1702376135976,nan,nan
1702376135987,nan,nan
1702376136022,nan,nan
1702376136030,nan,nan
1702376136042,nan,nan
1702376136054,nan,nan
1702376136063,nan,nan
1702376136075,nan,nan
1702376136088,nan,nan
1702376136097,nan,nan
1702376136109,nan,nan
1702376136120,nan,nan
1702376136130,nan,nan
1702376136170,nan,nan
1702376136171,nan,nan
1702376136175,nan,nan
1702376136189,nan,nan
1702376136197,nan,nan
1702376136208,nan,nan
1702376136220,nan,nan
1702376136230,nan,nan
1702376136241,nan,nan
1702376136254,nan,nan
1702376136264,nan,nan
1702376136275,nan,nan
1702376136288,nan,nan
1702376136321,nan,nan
1702376136337,nan,nan
1702376136341,nan,nan
1702376136353,nan,nan
1702376136363,nan,nan
1702376136374,nan,nan
1702376136387,nan,nan
1702376136397,nan,nan
1702376136408,nan,nan
1702376136421,nan,nan
1702376136430,nan,nan
1702376136470,nan,nan
1702376136471,nan,nan
1702376136475,nan,nan
1702376136487,nan,nan
1702376136498,nan,nan
1702376136508,nan,nan
1702376136521,nan,nan
1702376136530,nan,nan
1702376136541,nan,nan
1702376136554,nan,nan
1702376136563,nan,nan
1702376136575,nan,nan
1702376136588,nan,nan
1702376136622,nan,nan
1702376136623,nan,nan
1702376136638,nan,nan
1702376136642,nan,nan
1702376136655,nan,nan
1702376136663,nan,nan
1702376136675,nan,nan
1702376136686,nan,nan
1702376136696,nan,nan
1702376136708,nan,nan
1702376136720,nan,nan
1702376136755,nan,nan
1702376136763,nan,nan
1702376136774,nan,nan
1702376136788,nan,nan
1702376136796,nan,nan
1702376136808,nan,nan
1702376136820,nan,nan
1702376136830,nan,nan
1702376136841,nan,nan
1702376136854,nan,nan
1702376136863,nan,nan
1702376136884,nan,nan
1702376136904,nan,nan
1702376136905,nan,nan
1702376136908,nan,nan
1702376136921,nan,nan
1702376136929,nan,nan
1702376136941,nan,nan
1702376136953,nan,nan
1702376136963,nan,nan
1702376136974,nan,nan
1702376136987,nan,nan
1702376136997,nan,nan
1702376137038,nan,nan
1702376137039,nan,nan
1702376137042,nan,nan
1702376137054,nan,nan
1702376137062,nan,nan
1702376137074,nan,nan
1702376137086,nan,nan
1702376137095,nan,nan
1702376137108,nan,nan
1702376137119,nan,nan
1702376137128,nan,nan
1702376137141,nan,nan
1702376137153,nan,nan
1702376137188,nan,nan
1702376137192,nan,nan
1702376137206,nan,nan
1702376137219,nan,nan
1702376137228,nan,nan
1702376137240,nan,nan
1702376137251,nan,nan
1702376137262,nan,nan
1702376137273,nan,nan
1702376137284,nan,nan
1702376137296,nan,nan
1702376137337,nan,nan
1702376137338,nan,nan
1702376137356,nan,nan
1702376137374,nan,nan
1702376137388,nan,nan
1702376137401,1582.4095153808594,857.0843124389648
1702376137411,1589.3325805664062,880.9800052642822
1702376137422,1578.485107421875,883.0316162109375
1702376137434,1585.2955627441406,858.795690536499
1702376137444,1578.9927673339844,835.6904125213623
1702376137485,1592.1343994140625,822.4765205383301
1702376137489,1657.9421997070312,796.5027379989624
1702376137501,1970.256576538086,884.7780132293701
1702376137513,2233.594284057617,872.0095825195312
1702376137522,2286.290054321289,851.7420387268066
1702376137533,2290.912399291992,858.1702423095703
1702376137545,2286.874542236328,856.7976379394531
1702376137555,2280.040512084961,858.3743047714233
1702376137567,2268.245086669922,861.423225402832
1702376137578,2276.127243041992,855.8983469009399
1702376137589,2279.8268127441406,859.1334342956543
1702376137600,2292.557907104492,858.2259893417358
1702376137637,2290.457534790039,855.4755878448486
1702376137638,2279.0267181396484,858.0448007583618
1702376137652,2280.2908325195312,859.9871063232422
1702376137656,2274.9243927001953,858.5303449630737
1702376137669,2251.0929107666016,860.895881652832
1702376137677,2253.803939819336,859.1938161849976
1702376137689,2131.7686462402344,844.2050313949585
1702376137700,1607.5054168701172,771.8807458877563
1702376137711,1540.649185180664,772.9199409484863
1702376137723,1444.6179962158203,769.8336625099182
1702376137734,1433.1108093261719,760.861394405365
1702376137774,1423.5140228271484,764.5495176315308
1702376137775,1428.1309509277344,766.8538999557495
1702376137778,1426.4845275878906,764.1743087768555
1702376137792,1426.253433227539,764.3379020690918
1702376137801,1427.5560760498047,758.6063861846924
1702376137813,1439.1275024414062,762.0540761947632
1702376137823,1439.5344543457031,758.262505531311
1702376137834,1439.043960571289,768.4609508514404
1702376137845,1439.1844940185547,778.9125108718872
1702376137856,1434.8477935791016,781.8445730209351
1702376137867,1427.0934295654297,766.5551662445068
1702376137878,1421.9985961914062,757.3782777786255
1702376137888,1427.8019714355469,754.0872716903687
1702376137924,1431.6931915283203,760.3073358535767
1702376137925,1427.9933166503906,756.7009663581848
1702376137933,1417.9361724853516,757.5484585762024
1702376137944,1422.625503540039,761.2357020378113
1702376137956,1425.063247680664,759.9003911018372
1702376137967,1426.3829040527344,770.1191139221191
1702376137978,1419.4618225097656,769.9647045135498
1702376137989,1421.1434936523438,773.5969305038452
1702376138000,1418.1775665283203,773.1250333786011
1702376138011,1425.0680541992188,777.4435186386108
1702376138022,1420.8817291259766,777.0937585830688
1702376138033,1417.2472381591797,777.887134552002
1702376138073,1414.3541717529297,776.2894177436829
1702376138074,1418.486557006836,767.3647427558899
1702376138078,1403.9117431640625,769.1917562484741
