timestamp,x,y
1702297169914,979.5980453491211,97.00083911418915
1702297169924,975.5303573608398,107.76839554309845
1702297169936,978.1605911254883,109.25987541675568
1702297169972,973.1187438964844,111.31261825561523
1702297169979,868.441047668457,106.88169479370117
1702297169990,527.3310661315918,133.07637870311737
1702297170002,500.32739639282227,135.82313239574432
1702297170012,492.27684020996094,143.29678058624268
1702297170024,472.795352935791,157.9660016298294
1702297170035,482.60189056396484,168.31735968589783
1702297170046,484.46266174316406,163.63405644893646
1702297170057,495.3952407836914,172.89656102657318
1702297170068,489.15061950683594,167.62785494327545
1702297170080,487.59830474853516,170.31477391719818
1702297170091,476.11249923706055,176.09580874443054
1702297170123,483.79899978637695,178.48610758781433
1702297170124,484.2208480834961,162.73232460021973
1702297170140,501.7821502685547,180.76655387878418
1702297170147,560.7454490661621,235.69575905799866
1702297170159,951.605339050293,551.2340354919434
1702297170169,1052.9620361328125,647.2518610954285
1702297170180,1092.7784729003906,696.3590955734253
1702297170191,1138.9917755126953,751.2914657592773
1702297170202,1143.654556274414,756.8665552139282
1702297170212,1148.5300827026367,762.240629196167
1702297170224,1139.1737747192383,779.7301769256592
1702297170235,1146.2987518310547,787.7363348007202
1702297170272,1149.4894790649414,781.762433052063
1702297170280,1154.1819381713867,776.3841533660889
1702297170291,1156.0718154907227,783.7420749664307
1702297170304,1157.161750793457,786.6412210464478
1702297170314,1153.6560821533203,781.1593866348267
1702297170324,1150.810661315918,781.5869522094727
1702297170336,1143.9876174926758,778.4460210800171
1702297170346,1142.701301574707,785.1627016067505
1702297170357,1149.3518829345703,795.9477138519287
1702297170368,1149.781150817871,798.3460378646851
1702297170403,1154.7539138793945,792.479510307312
1702297170420,1156.2038803100586,787.0256567001343
1702297170423,1160.43212890625,794.6414995193481
1702297170435,1159.5413208007812,805.0521183013916
1702297170446,1159.3115234375,809.2622423171997
1702297170457,1151.469955444336,804.6535205841064
1702297170468,1154.295425415039,803.8037538528442
1702297170479,1157.6457977294922,796.4186668395996
1702297170490,1159.0190505981445,798.897500038147
1702297170502,1163.763542175293,788.1952285766602
1702297170540,1165.954475402832,782.5210905075073
1702297170541,1171.9882583618164,637.9652166366577
1702297170546,1208.797950744629,459.9455237388611
1702297170559,1298.2756805419922,216.13143682479858
1702297170568,1310.1222229003906,170.22615373134613
1702297170579,1316.190414428711,159.22243416309357
1702297170590,1317.6792907714844,141.36253237724304
1702297170602,1322.9212951660156,144.80970740318298
1702297170613,1317.7281951904297,132.49121725559235
1702297170624,1325.244369506836,129.93602693080902
1702297170635,1319.9370574951172,124.44971859455109
1702297170677,1321.0730743408203,131.0598510503769
1702297170678,1307.5933074951172,129.70045387744904
1702297170679,1311.6413116455078,137.09046006202698
1702297170693,1314.4596862792969,129.41348433494568
1702297170702,1316.4501953125,132.084841132164
1702297170713,1321.8431091308594,122.47176110744476
1702297170724,1330.7548522949219,136.02060198783875
1702297170734,1329.1093444824219,137.01714992523193
1702297170746,1326.0746765136719,138.78455936908722
1702297170757,1319.3000793457031,132.4217802286148
1702297170768,1321.4463806152344,128.6241638660431
1702297170779,1323.945083618164,126.01939022541046
1702297170790,1326.7133331298828,141.04881048202515
1702297170825,1322.1660614013672,137.29098737239838
1702297170826,1468.4883880615234,116.99999034404755
1702297170835,1533.2038116455078,112.43541240692139
1702297170846,1593.663558959961,104.35693949460983
1702297170859,1643.2365417480469,127.5753504037857
1702297170869,1646.2117004394531,135.09411871433258
1702297170880,1642.6449584960938,138.24824631214142
1702297170890,1650.6391906738281,126.0695368051529
1702297170902,1654.051742553711,116.75645649433136
1702297170912,1660.357666015625,116.66832983493805
1702297170923,1665.291519165039,123.93653690814972
1702297170934,1659.144515991211,130.17966270446777
1702297170977,1659.096908569336,126.05559468269348
1702297170979,1408.7539672851562,138.50147902965546
1702297170993,909.20166015625,144.51515793800354
1702297171000,878.4761047363281,146.39380395412445
1702297171013,740.8194732666016,173.6345225572586
1702297171023,441.8775177001953,238.3820343017578
1702297171034,437.7639389038086,228.9188575744629
1702297171046,429.43668365478516,235.4494571685791
1702297171057,422.4232292175293,205.44957160949707
1702297171068,421.55296325683594,209.71990585327148
1702297171079,417.25902557373047,210.76526999473572
1702297171090,409.3873977661133,204.82396245002747
1702297171123,408.4857940673828,199.51424539089203
1702297171125,402.1444320678711,195.63629686832428
1702297171139,407.73033142089844,218.09566140174866
1702297171146,409.3343925476074,215.16220450401306
1702297171158,404.4825744628906,214.60328578948975
1702297171168,406.73736572265625,215.9392511844635
1702297171179,405.67283630371094,221.55970215797424
1702297171190,386.44372940063477,221.46358251571655
1702297171201,348.18593978881836,224.77498412132263
1702297171213,312.4367332458496,228.19966077804565
1702297171224,318.70781898498535,259.42747235298157
1702297171258,315.9898376464844,254.6373689174652
1702297171275,314.3373775482178,264.7065532207489
1702297171279,307.49566078186035,261.37293219566345
1702297171291,326.0718059539795,261.49340629577637
1702297171301,319.7131538391113,263.58957409858704
1702297171312,324.4129180908203,257.0132803916931
1702297171323,377.4100112915039,228.565514087677
1702297171334,435.0934600830078,232.32468366622925
1702297171346,487.4310874938965,228.00376296043396
1702297171357,567.9722023010254,218.69393348693848
1702297171389,563.8647079467773,217.9149341583252
1702297171390,563.5832595825195,223.2219958305359
1702297171404,571.5691947937012,224.85525727272034
1702297171412,573.5392379760742,224.8869824409485
1702297171423,574.0973663330078,213.2228922843933
1702297171434,579.7561073303223,214.67287302017212
1702297171445,577.5347518920898,210.0408911705017
1702297171457,583.0900192260742,215.7236123085022
1702297171468,578.5101890563965,208.20976853370667
1702297171479,579.278678894043,206.70695900917053
1702297171490,573.8950729370117,198.58839511871338
1702297171526,593.2681274414062,197.08583235740662
1702297171527,620.2059745788574,190.93076348304749
1702297171541,692.5914001464844,197.77484893798828
1702297171546,690.1388168334961,203.02207589149475
1702297171557,695.4206466674805,211.31583631038666
1702297171568,695.5351257324219,214.3799114227295
1702297171579,701.0921859741211,226.99864268302917
1702297171590,700.4680633544922,208.52997064590454
1702297171601,701.6969680786133,207.71028220653534
1702297171613,695.8889770507812,208.9724761247635
1702297171623,692.1422576904297,218.10284435749054
1702297171654,693.6450958251953,208.92248511314392
1702297171656,958.1772232055664,473.8147759437561
1702297171669,1027.9558944702148,588.2612442970276
1702297171678,1063.9340209960938,668.9940404891968
1702297171690,1099.9036026000977,733.923282623291
1702297171700,1103.8726425170898,742.3068380355835
1702297171712,1108.4980773925781,743.164758682251
1702297171723,1115.3679275512695,753.9648342132568
1702297171734,1123.1377792358398,756.1737728118896
1702297171745,1129.9338150024414,750.9503746032715
1702297171756,1134.892807006836,756.8207216262817
1702297171767,1138.2490921020508,749.8329019546509
1702297171787,1130.6254959106445,755.3224611282349
1702297171807,1130.6238555908203,757.2260999679565
1702297171812,1128.75732421875,749.1874122619629
1702297171823,1125.0901794433594,747.8242921829224
1702297171834,1128.4709548950195,751.0013151168823
1702297171845,1125.6368255615234,750.5788135528564
1702297171856,1129.4833755493164,770.3741598129272
1702297171867,1135.28076171875,773.1251192092896
1702297171879,1138.4010314941406,782.1218490600586
1702297171890,1139.9450302124023,770.0797605514526
1702297171901,1138.0489349365234,769.2360877990723
1702297171939,1139.20166015625,766.0457611083984
1702297171945,1119.946632385254,787.4452829360962
1702297171957,1155.4916381835938,866.6519451141357
1702297171969,1167.745018005371,891.6534805297852
1702297171978,1180.9414672851562,889.6112251281738
1702297171990,1179.2842483520508,927.5103664398193
1702297172000,1170.1308822631836,927.3604202270508
1702297172011,1164.9140930175781,932.8761577606201
1702297172023,1165.6956100463867,931.6302824020386
1702297172034,1175.313949584961,934.2777729034424
1702297172045,1176.877098083496,931.7961502075195
1702297172080,1172.616195678711,939.3564176559448
1702297172082,1173.4028244018555,935.7791233062744
1702297172090,1169.1777801513672,939.6140813827515
1702297172100,1162.991714477539,941.1597633361816
1702297172112,1170.2444458007812,937.661862373352
1702297172123,1177.0248794555664,946.4352178573608
1702297172134,1178.899154663086,939.5060634613037
1702297172145,1172.232666015625,941.2580394744873
1702297172156,1171.435546875,933.6386775970459
1702297172167,1174.884033203125,939.9544858932495
1702297172178,1178.5614776611328,943.6180830001831
1702297172189,1172.1651077270508,951.6257858276367
1702297172225,1166.0802459716797,953.0951642990112
1702297172226,1162.627830505371,950.7182121276855
1702297172241,1160.162582397461,947.6803636550903
1702297172244,1161.6554260253906,947.2676038742065
1702297172256,1169.7446060180664,943.7911176681519
1702297172267,1174.4096374511719,949.0602207183838
1702297172278,1180.518569946289,947.5108051300049
1702297172289,1260.7495498657227,976.2685489654541
1702297172299,1278.812599182129,966.4544105529785
1702297172310,1278.8984298706055,967.1361637115479
1702297172320,nan,nan
1702297172354,nan,nan
1702297172355,nan,nan
1702297172369,nan,nan
1702297172376,nan,nan
1702297172388,nan,nan
1702297172396,nan,nan
1702297172415,nan,nan
1702297172434,nan,nan
1702297172452,nan,nan
1702297172472,nan,nan
1702297172493,nan,nan
1702297172499,nan,nan
1702297172511,nan,nan
1702297172521,nan,nan
1702297172533,nan,nan
1702297172543,nan,nan
1702297172554,nan,nan
1702297172566,nan,nan
1702297172577,nan,nan
1702297172587,nan,nan
1702297172628,nan,nan
1702297172635,nan,nan
1702297172646,nan,nan
1702297172658,nan,nan
1702297172668,nan,nan
1702297172679,nan,nan
1702297172690,nan,nan
1702297172702,nan,nan
1702297172713,nan,nan
1702297172724,nan,nan
1702297172735,nan,nan
1702297172773,nan,nan
1702297172774,nan,nan
1702297172779,nan,nan
1702297172790,nan,nan
1702297172804,nan,nan
1702297172812,nan,nan
1702297172822,nan,nan
1702297172834,nan,nan
1702297172846,nan,nan
1702297172855,nan,nan
1702297172867,nan,nan
1702297172905,nan,nan
1702297172906,nan,nan
1702297172912,nan,nan
1702297172922,nan,nan
1702297172935,nan,nan
1702297172946,nan,nan
1702297172955,nan,nan
1702297172968,nan,nan
1702297172979,nan,nan
1702297172989,nan,nan
1702297173000,nan,nan
1702297173040,nan,nan
1702297173046,nan,nan
1702297173056,nan,nan
1702297173069,nan,nan
1702297173080,nan,nan
1702297173089,nan,nan
1702297173100,nan,nan
1702297173113,nan,nan
1702297173122,nan,nan
1702297173133,nan,nan
1702297173146,nan,nan
1702297173156,nan,nan
1702297173191,nan,nan
1702297173206,nan,nan
1702297173213,nan,nan
1702297173223,nan,nan
1702297173234,nan,nan
1702297173246,nan,nan
1702297173256,nan,nan
1702297173267,nan,nan
1702297173280,nan,nan
1702297173289,nan,nan
1702297173326,nan,nan
1702297173327,nan,nan
1702297173334,nan,nan
1702297173346,nan,nan
1702297173357,nan,nan
1702297173367,nan,nan
1702297173379,nan,nan
1702297173388,nan,nan
1702297173400,nan,nan
1702297173412,nan,nan
1702297173422,nan,nan
1702297173433,nan,nan
1702297173474,nan,nan
1702297173475,nan,nan
1702297173480,nan,nan
1702297173491,nan,nan
1702297173500,nan,nan
1702297173513,nan,nan
1702297173522,nan,nan
1702297173534,nan,nan
1702297173546,nan,nan
1702297173555,nan,nan
1702297173567,nan,nan
1702297173579,nan,nan
1702297173588,nan,nan
1702297173626,nan,nan
1702297173641,nan,nan
1702297173647,nan,nan
1702297173656,nan,nan
1702297173667,nan,nan
1702297173680,nan,nan
1702297173689,nan,nan
1702297173701,nan,nan
1702297173720,nan,nan
1702297173757,nan,nan
1702297173773,nan,nan
1702297173778,nan,nan
1702297173790,nan,nan
1702297173800,nan,nan
1702297173812,nan,nan
1702297173823,nan,nan
1702297173834,nan,nan
1702297173846,541.5364456176758,378.84477138519287
1702297173856,541.5364456176758,378.84477138519287
1702297173890,541.5364456176758,378.84477138519287
1702297173891,497.5869369506836,316.390221118927
1702297173905,497.5869369506836,316.390221118927
1702297173914,524.8267555236816,405.15958070755005
1702297173924,524.8267555236816,405.15958070755005
1702297173936,524.8267555236816,405.15958070755005
1702297173947,538.8370323181152,369.36484694480896
1702297173958,538.8370323181152,369.36484694480896
1702297173969,538.8370323181152,369.36484694480896
1702297173981,993.0100250244141,787.2312641143799
1702297173991,993.0100250244141,787.2312641143799
1702297174030,993.0100250244141,787.2312641143799
1702297174031,1003.6460876464844,1022.9189872741699
1702297174036,1099.004249572754,808.0807828903198
1702297174048,1099.6549606323242,803.1353044509888
1702297174060,1106.840705871582,805.4750061035156
1702297174070,1110.0843811035156,811.596794128418
1702297174081,1108.7654876708984,808.4472370147705
1702297174092,1106.7579650878906,805.6001901626587
1702297174103,1103.4170532226562,804.4369697570801
1702297174114,1111.1577224731445,814.2986583709717
1702297174125,1107.1075439453125,818.457498550415
1702297174136,1111.594352722168,828.2306957244873
1702297174176,1108.5927200317383,821.4856910705566
1702297174177,1106.994972229004,819.2624187469482
1702297174181,1098.899917602539,817.5681638717651
1702297174193,1102.5536727905273,819.0746212005615
1702297174205,1114.291648864746,826.620512008667
1702297174214,1125.182113647461,838.9791870117188
1702297174225,1156.451644897461,907.8257846832275
1702297174236,1153.0781936645508,917.1218061447144
1702297174247,1151.135025024414,912.7126836776733
1702297174258,1162.0161437988281,915.5131673812866
1702297174270,1164.5941925048828,915.2943849563599
1702297174281,1169.9807357788086,909.2911720275879
1702297174292,1180.5479049682617,904.6921920776367
1702297174328,1184.1666793823242,905.9745454788208
1702297174330,1177.6408767700195,912.6320457458496
1702297174336,1166.9093322753906,912.5536823272705
1702297174348,1168.1986999511719,920.2146291732788
1702297174359,1162.8325653076172,933.2901191711426
1702297174370,1166.4784622192383,942.7154874801636
1702297174381,1174.1154098510742,929.5381164550781
1702297174392,1177.9410934448242,923.5037469863892
1702297174403,1173.6526489257812,916.3381719589233
1702297174414,1174.373664855957,917.7361822128296
1702297174425,1185.9822082519531,912.9115962982178
1702297174437,1190.1193618774414,910.417013168335
1702297174448,1186.4642333984375,911.0422468185425
1702297174479,1171.2125396728516,911.1942958831787
1702297174480,1170.404052734375,913.709306716919
1702297174496,1175.7770538330078,917.1315050125122
1702297174502,1176.7919921875,911.578860282898
1702297174514,1172.880744934082,914.0469217300415
1702297174524,1169.5746612548828,915.5199480056763
1702297174536,1172.3944091796875,918.8130140304565
1702297174547,1175.1336288452148,924.3927812576294
1702297174558,1169.5667266845703,934.2645978927612
1702297174569,1172.771987915039,935.5399560928345
1702297174580,1176.5380859375,926.8982648849487
1702297174592,1193.4389114379883,916.658148765564
1702297174631,1182.8632736206055,897.1032571792603
1702297174632,1173.5917663574219,891.7466497421265
1702297174636,1153.7129974365234,823.1078481674194
1702297174649,1157.6028060913086,819.1310548782349
1702297174658,1159.2580032348633,811.7299604415894
1702297174669,1161.8678283691406,812.758297920227
1702297174681,1164.5720672607422,802.6121664047241
1702297174691,1171.0406875610352,800.3297567367554
1702297174703,1177.197494506836,805.8934307098389
1702297174714,1175.483055114746,811.712794303894
1702297174725,1174.3048477172852,814.4536256790161
1702297174736,1175.4073333740234,806.9507789611816
1702297174758,1171.7536544799805,805.858325958252
1702297174777,1180.9907150268555,796.8607378005981
1702297174781,1175.0620651245117,798.4118270874023
1702297174795,1173.163833618164,795.3321361541748
1702297174803,1175.9854888916016,802.7618980407715
1702297174814,1167.3377990722656,799.5645332336426
1702297174825,1132.7972412109375,800.12779712677
1702297174837,1127.8777313232422,792.4571514129639
1702297174847,1132.2048568725586,797.7463817596436
1702297174859,1135.6524276733398,809.2135763168335
1702297174870,1135.7597732543945,804.0060997009277
1702297174909,1130.7257843017578,799.0184354782104
1702297174913,1139.6767807006836,793.2485961914062
1702297174925,1131.1545944213867,787.3988485336304
1702297174936,1120.6691360473633,771.5529155731201
1702297174947,1123.5934829711914,773.2349395751953
1702297174958,1121.2275314331055,779.4354343414307
1702297174969,1128.3215713500977,804.2846632003784
1702297174980,1119.5753479003906,804.1255760192871
1702297174991,1014.5961761474609,791.0230493545532
1702297175002,957.5024032592773,796.1660671234131
1702297175014,891.6444778442383,796.7854642868042
1702297175025,559.4412422180176,807.5448131561279
1702297175059,512.6949691772461,802.5061225891113
1702297175074,494.1861152648926,836.3109254837036
1702297175080,489.24835205078125,815.7773923873901
1702297175091,495.7814407348633,818.2489728927612
1702297175103,490.00341415405273,812.7024221420288
1702297175114,490.18909454345703,817.9058218002319
1702297175125,483.7796401977539,821.1589765548706
1702297175136,488.99681091308594,826.383318901062
1702297175147,492.5541687011719,822.4104738235474
1702297175158,489.84386444091797,824.2019748687744
1702297175191,482.70376205444336,824.2084550857544
1702297175192,483.7101936340332,830.8879280090332
1702297175206,496.2595558166504,830.5857181549072
1702297175213,492.2126007080078,840.1838207244873
1702297175224,371.21545791625977,971.7228269577026
1702297175235,332.99774169921875,1009.1820001602173
1702297175246,316.60218238830566,1020.2062225341797
1702297175257,310.36059379577637,1026.3518714904785
1702297175269,309.29102897644043,1021.3462686538696
1702297175280,313.14290046691895,1032.9688167572021
1702297175291,300.27403831481934,1028.0995988845825
1702297175302,292.8462219238281,1023.8411951065063
1702297175323,292.2460460662842,1015.6610584259033
1702297175342,306.4593982696533,1026.8477582931519
1702297175343,311.5252685546875,1024.9409008026123
1702297175346,314.1257858276367,1026.4723348617554
1702297175359,304.7865962982178,1023.7232208251953
1702297175369,300.14135360717773,1028.7292098999023
1702297175380,296.1482906341553,1032.440528869629
1702297175391,299.1412162780762,1041.3512992858887
1702297175402,303.02051544189453,1042.1085405349731
1702297175413,301.8769836425781,1036.6788053512573
1702297175424,301.4811325073242,1032.7688312530518
1702297175435,307.82578468322754,1041.013126373291
1702297175475,307.8038787841797,1053.0167627334595
1702297175476,310.18627166748047,1062.6136207580566
1702297175480,308.59848976135254,1052.6024150848389
1702297175491,307.91510581970215,1039.706311225891
1702297175502,320.7685661315918,1034.3886280059814
1702297175513,345.72574615478516,1038.4618091583252
1702297175524,990.9263229370117,1064.4880771636963
1702297175534,1107.7182006835938,1060.2953338623047
1702297175545,1142.9062271118164,1054.450306892395
1702297175558,2035.1936340332031,1377.8821849822998
1702297175568,2035.1936340332031,1377.8821849822998
1702297175585,2035.1936340332031,1377.8821849822998
1702297175609,nan,nan
1702297175612,nan,nan
1702297175626,nan,nan
1702297175634,nan,nan
1702297175645,nan,nan
1702297175656,nan,nan
1702297175666,nan,nan
1702297175677,nan,nan
1702297175689,nan,nan
1702297175700,nan,nan
1702297175711,nan,nan
1702297175721,nan,nan
1702297175740,nan,nan
1702297175760,nan,nan
1702297175761,nan,nan
1702297175765,nan,nan
1702297175776,nan,nan
1702297175789,nan,nan
1702297175799,nan,nan
1702297175810,nan,nan
1702297175821,nan,nan
1702297175832,nan,nan
1702297175843,nan,nan
1702297175854,nan,nan
1702297175893,nan,nan
1702297175894,nan,nan
1702297175899,nan,nan
1702297175910,nan,nan
1702297175922,nan,nan
1702297175932,nan,nan
1702297175944,nan,nan
1702297175954,nan,nan
1702297175966,nan,nan
1702297175977,nan,nan
1702297175988,nan,nan
1702297175999,nan,nan
1702297176010,nan,nan
1702297176046,nan,nan
1702297176062,nan,nan
1702297176066,nan,nan
1702297176078,nan,nan
1702297176088,nan,nan
1702297176098,nan,nan
1702297176109,nan,nan
1702297176120,nan,nan
1702297176132,nan,nan
1702297176143,nan,nan
1702297176177,nan,nan
1702297176178,nan,nan
1702297176193,nan,nan
1702297176199,nan,nan
1702297176211,nan,nan
1702297176220,nan,nan
1702297176232,nan,nan
1702297176243,nan,nan
1702297176254,nan,nan
1702297176265,nan,nan
1702297176277,nan,nan
1702297176287,nan,nan
1702297176305,nan,nan
1702297176326,nan,nan
1702297176332,nan,nan
1702297176343,nan,nan
1702297176355,nan,nan
1702297176365,nan,nan
1702297176382,nan,nan
1702297176403,nan,nan
1702297176419,nan,nan
1702297176460,nan,nan
1702297176461,nan,nan
1702297176468,nan,nan
1702297176478,nan,nan
1702297176489,nan,nan
1702297176500,nan,nan
1702297176511,nan,nan
1702297176522,nan,nan
1702297176533,nan,nan
1702297176544,nan,nan
1702297176555,nan,nan
1702297176567,nan,nan
1702297176578,nan,nan
1702297176610,nan,nan
1702297176611,nan,nan
1702297176626,nan,nan
1702297176633,nan,nan
1702297176650,nan,nan
1702297176669,nan,nan
1702297176682,nan,nan
1702297176692,nan,nan
1702297176703,nan,nan
1702297176743,nan,nan
1702297176744,nan,nan
1702297176749,nan,nan
1702297176758,nan,nan
1702297176771,nan,nan
1702297176781,nan,nan
1702297176792,nan,nan
1702297176804,nan,nan
1702297176815,nan,nan
1702297176825,nan,nan
1702297176836,nan,nan
1702297176875,nan,nan
1702297176876,nan,nan
1702297176881,nan,nan
1702297176892,nan,nan
1702297176905,nan,nan
1702297176914,nan,nan
1702297176925,nan,nan
1702297176937,nan,nan
1702297176947,nan,nan
1702297176958,nan,nan
1702297176970,nan,nan
1702297177011,nan,nan
1702297177012,nan,nan
1702297177015,nan,nan
1702297177027,nan,nan
1702297177037,nan,nan
1702297177048,nan,nan
1702297177057,nan,nan
1702297177070,nan,nan
1702297177082,nan,nan
1702297177090,nan,nan
1702297177103,nan,nan
1702297177115,nan,nan
1702297177124,nan,nan
1702297177162,nan,nan
1702297177176,nan,nan
1702297177182,nan,nan
1702297177191,nan,nan
1702297177203,nan,nan
1702297177214,nan,nan
1702297177223,nan,nan
1702297177236,nan,nan
1702297177248,nan,nan
1702297177257,nan,nan
1702297177293,nan,nan
1702297177294,nan,nan
1702297177308,nan,nan
1702297177315,nan,nan
1702297177324,nan,nan
1702297177336,nan,nan
1702297177348,nan,nan
1702297177357,nan,nan
1702297177369,nan,nan
1702297177381,nan,nan
1702297177390,nan,nan
1702297177403,nan,nan
1702297177423,nan,nan
1702297177443,nan,nan
1702297177448,nan,nan
1702297177459,nan,nan
1702297177472,nan,nan
1702297177481,nan,nan
1702297177491,nan,nan
1702297177503,nan,nan
1702297177514,nan,nan
1702297177524,nan,nan
1702297177537,nan,nan
1702297177547,nan,nan
1702297177577,nan,nan
1702297177581,nan,nan
1702297177592,nan,nan
1702297177602,nan,nan
1702297177614,nan,nan
1702297177623,nan,nan
1702297177636,nan,nan
1702297177647,nan,nan
1702297177656,nan,nan
1702297177669,nan,nan
1702297177681,nan,nan
1702297177690,nan,nan
1702297177728,nan,nan
1702297177729,nan,nan
1702297177744,nan,nan
1702297177747,nan,nan
1702297177758,nan,nan
1702297177769,nan,nan
1702297177781,nan,nan
1702297177790,nan,nan
1702297177803,nan,nan
1702297177814,nan,nan
1702297177823,nan,nan
1702297177836,nan,nan
1702297177848,nan,nan
1702297177880,nan,nan
1702297177881,nan,nan
1702297177895,nan,nan
1702297177902,nan,nan
1702297177914,nan,nan
1702297177924,nan,nan
1702297177935,nan,nan
1702297177947,nan,nan
1702297177957,nan,nan
1702297177968,nan,nan
1702297178009,nan,nan
1702297178010,nan,nan
1702297178013,nan,nan
1702297178025,nan,nan
1702297178035,nan,nan
1702297178046,nan,nan
1702297178057,nan,nan
1702297178069,nan,nan
1702297178080,nan,nan
1702297178091,nan,nan
1702297178102,nan,nan
1702297178113,nan,nan
1702297178124,nan,nan
1702297178161,nan,nan
1702297178162,nan,nan
1702297178176,nan,nan
1702297178187,nan,nan
1702297178202,nan,nan
1702297178213,nan,nan
1702297178225,nan,nan
1702297178236,nan,nan
1702297178247,nan,nan
1702297178258,nan,nan
1702297178297,nan,nan
1702297178298,nan,nan
1702297178318,nan,nan
1702297178331,nan,nan
1702297178348,nan,nan
1702297178359,nan,nan
1702297178370,nan,nan
1702297178382,919.6241760253906,980.2668857574463
1702297178392,919.6241760253906,980.2668857574463
1702297178403,919.6241760253906,980.2668857574463
1702297178445,854.5092010498047,1110.928316116333
1702297178446,854.5092010498047,1110.928316116333
1702297178448,nan,nan
1702297178461,nan,nan
1702297178471,1159.623031616211,966.8253707885742
1702297178482,1120.268783569336,916.9016933441162
1702297178492,1120.268783569336,916.9016933441162
1702297178504,1090.267562866211,874.2169761657715
1702297178515,1074.9993133544922,881.312255859375
1702297178526,1070.5372619628906,845.6005954742432
1702297178538,1072.7827453613281,847.4862098693848
1702297178549,1079.8775482177734,852.6250648498535
1702297178560,1096.3878631591797,843.2000827789307
1702297178594,1103.7724304199219,844.6084785461426
1702297178595,1098.5564422607422,845.1995086669922
1702297178610,1070.2598571777344,849.1103839874268
1702297178617,1067.2784423828125,838.1086921691895
1702297178627,1067.399673461914,821.487922668457
1702297178638,1072.4917602539062,822.6830291748047
1702297178649,1093.3544921875,823.3246994018555
1702297178660,1218.4976959228516,809.1168880462646
1702297178671,1241.1151123046875,806.7795467376709
1702297178683,1234.1064453125,815.2729225158691
1702297178694,1235.40283203125,823.9307498931885
1702297178729,1258.9163970947266,835.7656860351562
1702297178731,1266.7190551757812,827.7345943450928
1702297178737,1231.9105529785156,821.9254016876221
1702297178748,1222.6866912841797,831.8433094024658
1702297178761,1233.8246154785156,827.2250175476074
1702297178770,1226.9209289550781,821.6718578338623
1702297178782,1231.994857788086,824.4200706481934
1702297178793,1233.7208557128906,813.0470752716064
1702297178804,1236.8067169189453,819.8277854919434
1702297178815,1239.9559783935547,804.0004348754883
1702297178826,1236.9295501708984,824.3017959594727
1702297178837,1225.9223175048828,819.6084880828857
1702297178849,1212.8203582763672,835.0167274475098
1702297178879,1209.2572784423828,840.232400894165
1702297178880,1218.9248657226562,837.1795749664307
1702297178882,1227.2528839111328,842.9403591156006
1702297178895,1232.486343383789,825.9468269348145
1702297178904,1231.8266296386719,817.9166793823242
1702297178915,1238.1875610351562,798.8089656829834
1702297178926,1246.0065460205078,743.8410186767578
1702297178937,nan,nan
1702297178948,nan,nan
1702297178959,nan,nan
1702297178970,nan,nan
1702297178981,nan,nan
1702297179019,nan,nan
1702297179025,nan,nan
1702297179036,nan,nan
1702297179048,nan,nan
1702297179064,nan,nan
1702297179085,nan,nan
1702297179094,nan,nan
1702297179106,nan,nan
1702297179145,nan,nan
1702297179151,nan,nan
1702297179161,nan,nan
1702297179174,nan,nan
1702297179184,nan,nan
1702297179195,nan,nan
1702297179206,nan,nan
1702297179218,nan,nan
1702297179228,nan,nan
1702297179240,nan,nan
1702297179251,nan,nan
1702297179261,nan,nan
1702297179296,nan,nan
1702297179297,nan,nan
1702297179310,nan,nan
1702297179318,nan,nan
1702297179327,nan,nan
1702297179339,nan,nan
1702297179351,nan,nan
1702297179359,nan,nan
1702297179372,nan,nan
1702297179384,nan,nan
1702297179393,nan,nan
1702297179432,nan,nan
1702297179433,nan,nan
1702297179439,nan,nan
1702297179451,nan,nan
1702297179460,nan,nan
1702297179472,nan,nan
1702297179484,nan,nan
1702297179493,nan,nan
1702297179505,nan,nan
1702297179518,nan,nan
1702297179527,nan,nan
1702297179563,nan,nan
1702297179580,nan,nan
1702297179584,nan,nan
1702297179595,nan,nan
1702297179605,nan,nan
1702297179618,nan,nan
1702297179627,nan,nan
1702297179639,nan,nan
1702297179651,nan,nan
1702297179660,nan,nan
1702297179672,nan,nan
1702297179684,nan,nan
1702297179714,nan,nan
1702297179715,nan,nan
1702297179718,nan,nan
1702297179730,nan,nan
1702297179738,nan,nan
1702297179750,nan,nan
1702297179759,nan,nan
1702297179771,nan,nan
1702297179784,nan,nan
1702297179793,nan,nan
1702297179805,nan,nan
1702297179846,nan,nan
1702297179850,nan,nan
1702297179862,nan,nan
1702297179872,nan,nan
1702297179884,nan,nan
1702297179893,nan,nan
1702297179905,nan,nan
1702297179917,nan,nan
1702297179926,nan,nan
1702297179938,nan,nan
1702297179951,nan,nan
1702297179960,nan,nan
1702297179997,nan,nan
1702297179998,nan,nan
1702297180012,nan,nan
1702297180019,nan,nan
1702297180027,nan,nan
1702297180038,nan,nan
1702297180051,nan,nan
1702297180060,nan,nan
1702297180072,nan,nan
1702297180084,nan,nan
1702297180093,nan,nan
1702297180105,nan,nan
1702297180127,nan,nan
1702297180149,nan,nan
1702297180150,nan,nan
1702297180163,nan,nan
1702297180171,nan,nan
1702297180183,nan,nan
1702297180193,nan,nan
1702297180204,nan,nan
1702297180216,nan,nan
1702297180226,nan,nan
1702297180238,nan,nan
1702297180278,nan,nan
1702297180279,nan,nan
1702297180283,nan,nan
1702297180294,nan,nan
1702297180304,nan,nan
1702297180317,nan,nan
1702297180326,nan,nan
1702297180338,nan,nan
1702297180350,nan,nan
1702297180360,nan,nan
1702297180371,nan,nan
1702297180384,nan,nan
1702297180393,nan,nan
1702297180432,nan,nan
1702297180433,nan,nan
1702297180438,nan,nan
1702297180450,nan,nan
1702297180462,nan,nan
1702297180472,nan,nan
1702297180482,nan,nan
1702297180493,nan,nan
1702297180504,nan,nan
1702297180516,nan,nan
1702297180526,nan,nan
1702297180563,nan,nan
1702297180578,nan,nan
1702297180583,nan,nan
1702297180593,nan,nan
1702297180604,nan,nan
1702297180616,nan,nan
1702297180626,nan,nan
1702297180638,nan,nan
1702297180649,nan,nan
1702297180659,nan,nan
1702297180697,nan,nan
1702297180698,nan,nan
1702297180705,nan,nan
1702297180717,nan,nan
1702297180728,nan,nan
1702297180738,nan,nan
1702297180750,nan,nan
1702297180759,nan,nan
1702297180771,nan,nan
1702297180783,nan,nan
1702297180793,nan,nan
1702297180805,nan,nan
1702297180816,nan,nan
1702297180849,nan,nan
1702297180850,nan,nan
1702297180865,nan,nan
1702297180870,nan,nan
1702297180883,nan,nan
1702297180892,nan,nan
1702297180903,nan,nan
1702297180916,nan,nan
1702297180925,nan,nan
1702297180937,nan,nan
1702297180978,nan,nan
1702297180979,nan,nan
1702297180983,nan,nan
1702297180994,nan,nan
1702297181006,nan,nan
1702297181016,nan,nan
1702297181026,nan,nan
1702297181038,nan,nan
1702297181049,nan,nan
1702297181059,nan,nan
1702297181071,nan,nan
1702297181082,nan,nan
1702297181092,nan,nan
1702297181130,nan,nan
1702297181145,nan,nan
1702297181149,nan,nan
1702297181160,nan,nan
1702297181171,nan,nan
1702297181183,nan,nan
1702297181193,nan,nan
1702297181205,nan,nan
1702297181217,nan,nan
1702297181225,nan,nan
1702297181265,nan,nan
1702297181266,nan,nan
1702297181271,nan,nan
1702297181282,nan,nan
1702297181295,nan,nan
1702297181304,nan,nan
1702297181316,nan,nan
1702297181325,nan,nan
1702297181338,nan,nan
1702297181351,nan,nan
1702297181358,nan,nan
1702297181397,nan,nan
1702297181411,nan,nan
1702297181418,nan,nan
1702297181425,nan,nan
1702297181438,nan,nan
1702297181450,nan,nan
1702297181459,nan,nan
1702297181471,nan,nan
1702297181484,nan,nan
1702297181493,nan,nan
1702297181531,nan,nan
1702297181532,nan,nan
1702297181537,nan,nan
1702297181550,nan,nan
1702297181561,nan,nan
1702297181571,nan,nan
1702297181583,nan,nan
1702297181593,nan,nan
1702297181603,nan,nan
1702297181615,nan,nan
1702297181626,nan,nan
1702297181662,nan,nan
1702297181663,nan,nan
1702297181671,nan,nan
1702297181682,nan,nan
1702297181694,nan,nan
1702297181704,nan,nan
1702297181715,nan,nan
1702297181726,nan,nan
1702297181737,nan,nan
1702297181749,nan,nan
1702297181759,nan,nan
1702297181771,nan,nan
1702297181782,nan,nan
1702297181814,nan,nan
1702297181815,nan,nan
1702297181831,nan,nan
1702297181838,nan,nan
1702297181849,nan,nan
1702297181858,nan,nan
1702297181871,nan,nan
1702297181882,nan,nan
1702297181892,nan,nan
1702297181905,nan,nan
1702297181916,nan,nan
1702297181949,nan,nan
1702297181950,nan,nan
1702297181965,nan,nan
1702297181971,nan,nan
1702297181983,nan,nan
1702297181992,nan,nan
1702297182005,nan,nan
1702297182016,nan,nan
1702297182024,nan,nan
1702297182037,nan,nan
1702297182049,nan,nan
1702297182058,nan,nan
1702297182097,nan,nan
1702297182103,nan,nan
1702297182115,nan,nan
1702297182126,nan,nan
1702297182136,nan,nan
1702297182149,nan,nan
1702297182159,nan,nan
1702297182170,nan,nan
1702297182183,nan,nan
1702297182192,nan,nan
1702297182229,nan,nan
1702297182236,nan,nan
1702297182247,nan,nan
1702297182259,nan,nan
1702297182269,nan,nan
1702297182280,nan,nan
1702297182292,nan,nan
1702297182303,nan,nan
1702297182314,nan,nan
1702297182325,nan,nan
1702297182364,nan,nan
1702297182365,nan,nan
1702297182369,nan,nan
1702297182381,nan,nan
1702297182393,nan,nan
1702297182402,nan,nan
1702297182413,nan,nan
1702297182424,nan,nan
1702297182436,nan,nan
1702297182446,nan,nan
1702297182458,nan,nan
1702297182496,nan,nan
1702297182497,nan,nan
1702297182502,nan,nan
1702297182514,nan,nan
1702297182525,nan,nan
1702297182535,nan,nan
1702297182547,nan,nan
1702297182558,nan,nan
1702297182569,nan,nan
1702297182580,nan,nan
1702297182591,nan,nan
1702297182639,nan,nan
1702297182640,nan,nan
1702297182647,nan,nan
1702297182658,nan,nan
1702297182670,nan,nan
1702297182680,nan,nan
1702297182691,nan,nan
1702297182702,nan,nan
1702297182713,nan,nan
1702297182724,nan,nan
1702297182763,nan,nan
1702297182764,nan,nan
1702297182769,nan,nan
1702297182780,nan,nan
1702297182791,nan,nan
1702297182803,nan,nan
1702297182814,nan,nan
1702297182824,nan,nan
1702297182835,nan,nan
1702297182847,nan,nan
1702297182858,nan,nan
1702297182897,nan,nan
1702297182902,nan,nan
1702297182914,1184.8588562011719,936.9229888916016
1702297182926,1225.4206848144531,859.1870784759521
1702297182937,1225.4206848144531,859.1870784759521
1702297182949,1219.3006134033203,841.2492799758911
1702297182960,1220.8668899536133,836.1953115463257
1702297182971,1224.8332977294922,831.4771556854248
1702297182983,1218.5742950439453,838.9378595352173
1702297182994,1223.6195755004883,846.3201999664307
1702297183031,1230.869026184082,857.044358253479
1702297183032,1243.8195419311523,855.6578063964844
1702297183039,1242.1287536621094,847.1031045913696
1702297183050,1236.2519836425781,849.6214199066162
1702297183063,1224.592170715332,851.944899559021
1702297183072,1216.542739868164,848.6119222640991
1702297183082,1218.5872650146484,845.6409788131714
1702297183093,1220.132942199707,837.4793386459351
1702297183105,1231.731300354004,837.7268314361572
1702297183115,1236.1711120605469,837.2485399246216
1702297183127,1237.2361373901367,838.7607049942017
1702297183138,1227.9393768310547,838.693413734436
1702297183149,1227.0065689086914,843.8575029373169
1702297183183,1224.9409866333008,853.2274675369263
1702297183184,1227.398910522461,838.3764410018921
1702297183199,1221.6337203979492,828.5514450073242
1702297183205,1209.6066665649414,821.122670173645
1702297183216,1194.8470306396484,816.8325519561768
1702297183227,1151.8801879882812,806.591362953186
1702297183238,1151.50390625,814.4433259963989
1702297183249,1148.436508178711,820.1003408432007
1702297183260,1143.2493591308594,803.6786556243896
1702297183272,1139.3517684936523,809.2213010787964
1702297183283,1142.1392440795898,802.8804731369019
1702297183314,1136.0969924926758,809.8073959350586
1702297183315,1137.7314758300781,794.856333732605
1702297183316,1135.4713821411133,797.7004623413086
1702297183329,1142.3423767089844,802.6475286483765
1702297183338,1138.622055053711,809.2132759094238
1702297183349,1136.7216873168945,806.3876867294312
1702297183360,1130.0386428833008,803.0085325241089
1702297183372,1135.460433959961,807.0103025436401
1702297183383,1138.204231262207,807.301139831543
1702297183394,1139.7527694702148,807.6839017868042
1702297183405,1135.832633972168,803.4434366226196
1702297183416,1136.2002563476562,803.6288738250732
1702297183450,1139.2450714111328,793.6904096603394
1702297183451,1146.6635513305664,798.797721862793
1702297183467,1103.6518859863281,780.674614906311
1702297183472,1094.4815063476562,778.0025339126587
1702297183483,1092.121696472168,776.1688899993896
1702297183493,1098.6526489257812,785.1593971252441
1702297183504,1097.6039505004883,781.5540790557861
1702297183515,1102.581558227539,779.468822479248
1702297183526,1101.198387145996,788.9854288101196
1702297183538,1099.43603515625,794.0416288375854
1702297183549,1102.5336074829102,792.2750186920166
1702297183582,1100.511703491211,777.0788669586182
1702297183597,1098.5827255249023,774.5790910720825
1702297183604,1103.9250183105469,774.7633266448975
1702297183616,1102.6901626586914,776.1395788192749
1702297183626,1101.5942764282227,770.7419443130493
1702297183638,1101.2705612182617,768.6976718902588
1702297183649,1097.4503707885742,772.4768400192261
1702297183660,1091.261100769043,779.0897083282471
1702297183671,1086.2614440917969,782.6306104660034
1702297183682,1086.4307403564453,785.3882217407227
1702297183693,1083.3176040649414,779.4395112991333
1702297183733,1081.932144165039,772.701416015625
1702297183738,1084.3149185180664,784.10719871521
1702297183749,1087.3662948608398,780.6931114196777
1702297183760,1096.4489364624023,791.3998889923096
1702297183771,1091.569938659668,787.3309993743896
1702297183783,1086.967887878418,791.3742685317993
1702297183794,1088.9259719848633,774.3088102340698
1702297183805,1089.2624282836914,775.0704717636108
1702297183816,1096.5596389770508,771.3252925872803
1702297183827,1225.0786209106445,879.3793058395386
1702297183838,1295.7868957519531,930.8859157562256
1702297183849,1398.5907745361328,996.647801399231
1702297183882,1784.4136047363281,1261.8905067443848
1702297183883,nan,nan
1702297183898,nan,nan
1702297183902,nan,nan
1702297183913,nan,nan
1702297183924,nan,nan
1702297183936,nan,nan
1702297183947,nan,nan
1702297183958,nan,nan
1702297183968,nan,nan
1702297183979,nan,nan
1702297184016,nan,nan
1702297184017,nan,nan
1702297184022,nan,nan
1702297184041,nan,nan
1702297184060,nan,nan
1702297184071,nan,nan
1702297184082,nan,nan
1702297184093,nan,nan
1702297184105,nan,nan
1702297184116,nan,nan
1702297184127,nan,nan
1702297184167,nan,nan
1702297184168,nan,nan
1702297184172,nan,nan
1702297184186,nan,nan
1702297184193,nan,nan
1702297184205,nan,nan
1702297184216,nan,nan
1702297184226,nan,nan
1702297184237,nan,nan
1702297184248,nan,nan
1702297184259,nan,nan
1702297184271,nan,nan
1702297184282,nan,nan
1702297184316,nan,nan
1702297184333,nan,nan
1702297184338,nan,nan
1702297184351,nan,nan
1702297184358,nan,nan
1702297184371,nan,nan
1702297184383,nan,nan
1702297184392,nan,nan
1702297184404,nan,nan
1702297184417,nan,nan
1702297184449,nan,nan
1702297184464,nan,nan
1702297184470,nan,nan
1702297184482,nan,nan
1702297184493,nan,nan
1702297184504,nan,nan
1702297184515,nan,nan
1702297184525,nan,nan
1702297184544,nan,nan
1702297184562,nan,nan
1702297184602,nan,nan
1702297184609,1001.2178802490234,890.1012325286865
1702297184619,963.0508804321289,923.0679416656494
1702297184631,972.171516418457,885.729660987854
1702297184641,968.4439468383789,875.8369874954224
1702297184652,933.0506896972656,866.5663719177246
1702297184662,931.8744659423828,858.7535047531128
1702297184674,933.0886840820312,858.0466032028198
1702297184685,933.955078125,817.3532009124756
1702297184697,927.3299407958984,829.3208312988281
1702297184733,924.3907165527344,845.3498840332031
1702297184734,926.9535064697266,841.1165428161621
1702297184741,934.9271774291992,823.6940717697144
1702297184752,927.5638961791992,825.1798439025879
1702297184766,918.3653259277344,815.9185838699341
1702297184774,909.1220855712891,811.9450092315674
1702297184785,871.4196395874023,811.3214063644409
1702297184796,660.4156494140625,829.3786811828613
1702297184807,559.819507598877,878.0161428451538
1702297184819,466.1717414855957,903.1489562988281
1702297184829,445.111141204834,819.6415758132935
1702297184870,445.1200866699219,807.1000814437866
1702297184871,441.12661361694336,800.766806602478
1702297184874,437.83042907714844,813.3193731307983
1702297184887,445.10473251342773,821.9352293014526
1702297184897,441.15562438964844,821.0294151306152
1702297184908,447.0570755004883,835.3034448623657
1702297184919,445.8354949951172,832.9857158660889
1702297184930,455.69435119628906,829.4354581832886
1702297184941,448.34630966186523,824.5583868026733
1702297184953,446.05945587158203,826.0460901260376
1702297184964,436.48448944091797,831.4096927642822
1702297184975,432.4294662475586,818.6994123458862
1702297184986,441.97410583496094,813.946967124939
1702297185018,442.1099853515625,808.8343334197998
1702297185019,449.9201774597168,817.0985412597656
1702297185035,442.72396087646484,811.753134727478
1702297185041,440.946102142334,817.381911277771
1702297185053,440.35030364990234,818.3962154388428
1702297185063,440.3414535522461,822.2480821609497
1702297185074,441.4141082763672,815.7266235351562
1702297185085,444.8820114135742,820.6955766677856
1702297185096,445.04308700561523,813.7894678115845
1702297185108,442.7644157409668,813.15110206604
1702297185119,445.60863494873047,810.4874324798584
1702297185130,446.45132064819336,804.2702007293701
1702297185166,451.26562118530273,803.4949779510498
1702297185167,445.19575119018555,807.6336908340454
1702297185182,478.17066192626953,859.5395851135254
1702297185185,547.1539115905762,841.5049266815186
1702297185198,985.1791000366211,728.4957361221313
1702297185208,1052.5997161865234,726.7993783950806
1702297185219,1074.1979217529297,730.104546546936
1702297185230,1095.0730895996094,753.1214618682861
1702297185241,1083.592758178711,747.6776504516602
1702297185252,1090.1937866210938,748.9760971069336
1702297185263,1094.21875,738.3552360534668
1702297185298,1098.670997619629,740.1690101623535
1702297185299,1108.2551956176758,752.8964138031006
1702297185313,1113.5665130615234,759.5691061019897
1702297185319,1107.967185974121,763.6626720428467
1702297185331,1100.9974670410156,769.3059539794922
1702297185341,1095.8820724487305,765.2358627319336
1702297185352,1100.2826309204102,754.813871383667
1702297185363,1098.4009170532227,757.2081184387207
1702297185375,1099.349021911621,757.4774551391602
1702297185386,1096.6886901855469,762.2241497039795
1702297185396,1110.1261138916016,747.0861911773682
1702297185413,1119.5415878295898,744.5543575286865
1702297185433,1134.5425415039062,736.6301250457764
1702297185434,1168.3481216430664,715.1972579956055
1702297185449,1168.7809753417969,713.6637854576111
1702297185451,1173.0033493041992,709.172694683075
1702297185464,1171.7842102050781,707.4740195274353
1702297185474,1170.543441772461,707.9807639122009
1702297185485,1159.3667602539062,724.8003387451172
1702297185496,1155.4735565185547,738.9124059677124
1702297185507,1153.4099197387695,736.5113353729248
1702297185518,1163.8248825073242,724.9183130264282
1702297185529,1163.9361953735352,711.2014102935791
1702297185567,1129.6784210205078,720.3558969497681
1702297185568,1049.2279815673828,733.372163772583
1702297185574,536.2643814086914,913.2757759094238
1702297185585,309.42185401916504,982.3928689956665
1702297185597,239.4999122619629,987.3684310913086
1702297185608,232.0131778717041,993.3502721786499
1702297185619,234.7441005706787,993.8033294677734
1702297185629,222.045316696167,1009.0417098999023
1702297185640,232.72586822509766,1002.979531288147
1702297185651,237.22073554992676,1012.3640441894531
1702297185663,245.18231391906738,1006.0878896713257
1702297185700,231.74880027770996,999.8798847198486
1702297185701,233.49668502807617,1002.1531963348389
1702297185707,225.93382835388184,1016.6289710998535
1702297185718,222.0530128479004,1009.7351360321045
1702297185731,224.56512451171875,999.9225425720215
1702297185741,224.445219039917,999.8290300369263
1702297185751,223.444242477417,1000.6660509109497
1702297185763,221.97332382202148,1017.2117185592651
1702297185774,222.7023696899414,1024.0508365631104
1702297185785,217.69747734069824,1017.1636962890625
1702297185796,221.14213943481445,1014.3030452728271
1702297185807,218.95113945007324,1006.389970779419
1702297185818,225.32560348510742,1016.5686321258545
1702297185852,243.16791534423828,1016.0419321060181
1702297185853,279.76465225219727,1029.568247795105
1702297185868,1202.3847961425781,1307.27219581604
1702297185873,1284.3916320800781,1318.207197189331
1702297185884,1367.7529907226562,1357.8724765777588
1702297185894,nan,nan
1702297185906,nan,nan
1702297185917,nan,nan
1702297185928,nan,nan
1702297185939,nan,nan
1702297185950,nan,nan
1702297185985,nan,nan
1702297185986,nan,nan
1702297186000,nan,nan
1702297186004,nan,nan
1702297186017,nan,nan
1702297186027,nan,nan
1702297186038,nan,nan
1702297186049,nan,nan
1702297186060,nan,nan
1702297186072,nan,nan
1702297186082,nan,nan
1702297186094,nan,nan
1702297186115,nan,nan
1702297186140,nan,nan
1702297186141,nan,nan
1702297186156,nan,nan
1702297186160,nan,nan
1702297186172,nan,nan
1702297186182,nan,nan
1702297186193,nan,nan
1702297186205,nan,nan
1702297186215,nan,nan
1702297186226,nan,nan
1702297186239,nan,nan
1702297186248,nan,nan
1702297186284,nan,nan
1702297186285,nan,nan
1702297186299,nan,nan
1702297186304,nan,nan
1702297186316,nan,nan
1702297186327,nan,nan
1702297186338,nan,nan
1702297186349,nan,nan
1702297186360,nan,nan
1702297186371,nan,nan
1702297186382,nan,nan
1702297186417,1434.0687561035156,1253.9205265045166
1702297186418,1434.0687561035156,1253.9205265045166
1702297186433,nan,nan
1702297186437,nan,nan
1702297186448,nan,nan
1702297186459,nan,nan
1702297186470,nan,nan
1702297186482,nan,nan
1702297186493,943.4261322021484,807.9452991485596
1702297186505,931.2928771972656,809.0027332305908
1702297186516,931.1789703369141,811.7784118652344
1702297186527,927.210693359375,805.566930770874
1702297186548,942.3069763183594,809.0567207336426
1702297186567,942.1434020996094,812.7294158935547
1702297186572,963.511962890625,808.0779075622559
1702297186583,985.4817962646484,793.9502620697021
1702297186596,1130.447769165039,731.0803985595703
1702297186605,1132.1326446533203,717.4010038375854
1702297186616,1131.297836303711,714.8122644424438
1702297186627,1120.083999633789,725.5412292480469
1702297186638,1129.1500091552734,729.0043258666992
1702297186649,1139.5500183105469,726.5914535522461
1702297186660,1139.8705291748047,722.882194519043
1702297186672,1135.654296875,717.0425748825073
1702297186704,1132.9298400878906,733.1527805328369
1702297186705,1137.9723358154297,721.8357467651367
1702297186720,1125.4285430908203,715.9161758422852
1702297186727,1128.9945983886719,735.549259185791
1702297186739,1114.8665618896484,741.7769622802734
1702297186750,1117.4219512939453,734.5089912414551
1702297186760,1132.303695678711,721.6540431976318
1702297186772,1157.6643371582031,730.1087093353271
1702297186782,1163.7145233154297,745.5351448059082
1702297186793,1195.811767578125,788.3553886413574
1702297186835,1194.4520568847656,782.7218055725098
1702297186838,1190.173568725586,772.7706813812256
1702297186851,1196.2700653076172,768.5931301116943
1702297186860,1211.6963195800781,779.5266723632812
1702297186871,1212.1453857421875,783.3940315246582
1702297186882,1222.0028686523438,786.357250213623
1702297186893,1218.7751007080078,763.3810615539551
1702297186904,1215.4695892333984,766.7405605316162
1702297186916,1201.3291931152344,767.9305171966553
1702297186927,1197.6680755615234,786.147050857544
1702297186938,1200.3555297851562,777.2529315948486
1702297186974,1197.8026580810547,774.2433643341064
1702297186982,1212.0844268798828,803.1667613983154
1702297186993,1461.8672180175781,1015.5089664459229
1702297187006,1515.1412963867188,1064.8266792297363
1702297187016,1610.7830810546875,1151.8072414398193
1702297187027,nan,nan
1702297187037,nan,nan
1702297187049,nan,nan
1702297187059,nan,nan
1702297187102,nan,nan
1702297187103,nan,nan
1702297187104,nan,nan
1702297187117,nan,nan
1702297187126,nan,nan
1702297187137,nan,nan
1702297187148,nan,nan
1702297187159,nan,nan
1702297187170,nan,nan
1702297187181,nan,nan
1702297187192,nan,nan
1702297187203,nan,nan
1702297187214,nan,nan
1702297187251,nan,nan
1702297187252,nan,nan
1702297187266,nan,nan
1702297187270,nan,nan
1702297187281,nan,nan
1702297187292,nan,nan
1702297187303,nan,nan
1702297187314,nan,nan
1702297187326,nan,nan
1702297187337,nan,nan
1702297187348,nan,nan
1702297187386,nan,nan
1702297187393,nan,nan
1702297187404,nan,nan
1702297187418,nan,nan
1702297187426,nan,nan
1702297187437,nan,nan
1702297187448,nan,nan
1702297187459,nan,nan
1702297187470,nan,nan
1702297187482,nan,nan
1702297187520,nan,nan
1702297187521,nan,nan
1702297187526,nan,nan
1702297187538,nan,nan
1702297187547,nan,nan
1702297187558,nan,nan
1702297187569,nan,nan
1702297187580,nan,nan
1702297187591,nan,nan
1702297187602,nan,nan
1702297187614,nan,nan
1702297187625,nan,nan
1702297187636,nan,nan
1702297187676,nan,nan
1702297187680,nan,nan
1702297187693,nan,nan
1702297187709,nan,nan
1702297187728,nan,nan
1702297187739,nan,nan
1702297187750,nan,nan
1702297187761,nan,nan
1702297187773,nan,nan
1702297187784,nan,nan
1702297187821,nan,nan
1702297187828,nan,nan
1702297187839,nan,nan
1702297187852,nan,nan
1702297187861,nan,nan
1702297187873,nan,nan
1702297187884,nan,nan
1702297187893,nan,nan
1702297187906,nan,nan
1702297187917,nan,nan
1702297187953,nan,nan
1702297187954,nan,nan
1702297187960,nan,nan
1702297187972,nan,nan
1702297187985,nan,nan
1702297187993,nan,nan
1702297188006,nan,nan
1702297188018,nan,nan
1702297188027,nan,nan
1702297188039,nan,nan
1702297188051,nan,nan
1702297188060,nan,nan
1702297188081,nan,nan
1702297188100,nan,nan
1702297188101,nan,nan
1702297188105,nan,nan
1702297188117,nan,nan
1702297188127,nan,nan
1702297188138,nan,nan
1702297188150,nan,nan
1702297188159,nan,nan
1702297188171,nan,nan
1702297188183,nan,nan
1702297188193,nan,nan
1702297188205,nan,nan
1702297188237,nan,nan
1702297188238,nan,nan
1702297188253,nan,nan
1702297188260,nan,nan
1702297188271,nan,nan
1702297188284,nan,nan
1702297188293,nan,nan
1702297188306,nan,nan
1702297188317,nan,nan
1702297188326,nan,nan
1702297188338,nan,nan
1702297188350,nan,nan
1702297188389,nan,nan
1702297188390,nan,nan
1702297188393,nan,nan
1702297188406,nan,nan
1702297188417,nan,nan
1702297188427,nan,nan
1702297188438,nan,nan
1702297188450,nan,nan
1702297188460,nan,nan
1702297188472,nan,nan
1702297188483,nan,nan
1702297188493,nan,nan
1702297188505,nan,nan
1702297188538,nan,nan
1702297188554,nan,nan
1702297188560,nan,nan
1702297188572,nan,nan
1702297188583,nan,nan
1702297188592,nan,nan
1702297188605,nan,nan
1702297188616,nan,nan
1702297188627,nan,nan
1702297188648,nan,nan
1702297188669,nan,nan
1702297188671,nan,nan
1702297188685,nan,nan
1702297188693,nan,nan
1702297188705,nan,nan
1702297188716,nan,nan
1702297188726,nan,nan
1702297188738,nan,nan
1702297188750,nan,nan
1702297188759,nan,nan
1702297188771,nan,nan
1702297188803,nan,nan
1702297188804,nan,nan
1702297188819,nan,nan
1702297188826,nan,nan
1702297188838,nan,nan
1702297188850,nan,nan
1702297188859,nan,nan
1702297188871,nan,nan
1702297188883,nan,nan
1702297188893,nan,nan
1702297188904,nan,nan
1702297188936,nan,nan
1702297188937,nan,nan
1702297188938,nan,nan
1702297188952,nan,nan
1702297188959,nan,nan
1702297188970,nan,nan
1702297188982,nan,nan
1702297188992,nan,nan
1702297189004,nan,nan
1702297189016,nan,nan
1702297189026,nan,nan
1702297189038,nan,nan
1702297189049,nan,nan
1702297189067,nan,nan
1702297189087,nan,nan
1702297189088,nan,nan
1702297189093,nan,nan
1702297189105,nan,nan
1702297189118,nan,nan
1702297189126,nan,nan
1702297189138,nan,nan
1702297189149,nan,nan
1702297189159,nan,nan
1702297189171,nan,nan
1702297189183,nan,nan
1702297189221,nan,nan
1702297189222,nan,nan
1702297189226,nan,nan
1702297189238,nan,nan
1702297189250,nan,nan
1702297189258,nan,nan
1702297189270,nan,nan
1702297189282,nan,nan
1702297189292,nan,nan
1702297189304,nan,nan
1702297189315,nan,nan
1702297189325,nan,nan
1702297189337,nan,nan
1702297189370,nan,nan
1702297189371,nan,nan
1702297189387,nan,nan
1702297189392,nan,nan
1702297189404,nan,nan
1702297189416,nan,nan
1702297189425,nan,nan
1702297189437,nan,nan
1702297189449,nan,nan
1702297189459,nan,nan
1702297189471,nan,nan
1702297189482,nan,nan
1702297189492,nan,nan
1702297189524,nan,nan
1702297189526,nan,nan
1702297189541,nan,nan
1702297189553,nan,nan
1702297189560,nan,nan
1702297189571,nan,nan
1702297189582,nan,nan
1702297189592,nan,nan
1702297189605,nan,nan
1702297189616,nan,nan
1702297189626,nan,nan
1702297189637,nan,nan
1702297189673,nan,nan
1702297189674,nan,nan
1702297189682,nan,nan
1702297189692,nan,nan
1702297189704,nan,nan
1702297189715,nan,nan
1702297189725,nan,nan
1702297189737,nan,nan
1702297189748,nan,nan
1702297189758,nan,nan
1702297189771,nan,nan
1702297189804,nan,nan
1702297189805,nan,nan
1702297189820,nan,nan
1702297189825,nan,nan
1702297189839,nan,nan
1702297189849,nan,nan
1702297189859,nan,nan
1702297189871,nan,nan
1702297189882,nan,nan
1702297189892,nan,nan
1702297189905,nan,nan
1702297189915,nan,nan
1702297189934,nan,nan
1702297189954,nan,nan
1702297189955,nan,nan
1702297189959,nan,nan
1702297189971,nan,nan
1702297189983,nan,nan
1702297189992,nan,nan
1702297190004,nan,nan
1702297190015,nan,nan
1702297190025,nan,nan
1702297190036,nan,nan
1702297190048,nan,nan
1702297190086,nan,nan
1702297190087,nan,nan
1702297190092,nan,nan
1702297190103,nan,nan
1702297190115,nan,nan
1702297190125,nan,nan
1702297190136,nan,nan
1702297190149,nan,nan
1702297190158,nan,nan
1702297190170,nan,nan
1702297190182,nan,nan
1702297190202,nan,nan
1702297190221,nan,nan
1702297190226,nan,nan
1702297190237,nan,nan
1702297190250,nan,nan
1702297190259,nan,nan
1702297190270,nan,nan
1702297190282,nan,nan
1702297190292,nan,nan
1702297190304,nan,nan
1702297190315,nan,nan
1702297190354,nan,nan
1702297190355,nan,nan
1702297190359,nan,nan
1702297190371,nan,nan
1702297190382,nan,nan
1702297190391,nan,nan
1702297190403,nan,nan
1702297190414,nan,nan
1702297190424,nan,nan
1702297190437,nan,nan
1702297190448,nan,nan
1702297190458,nan,nan
1702297190489,nan,nan
1702297190490,nan,nan
1702297190491,nan,nan
1702297190507,nan,nan
1702297190515,nan,nan
1702297190525,nan,nan
1702297190537,nan,nan
1702297190549,nan,nan
1702297190558,nan,nan
1702297190570,nan,nan
1702297190581,nan,nan
1702297190618,nan,nan
1702297190619,nan,nan
1702297190624,nan,nan
1702297190636,nan,nan
1702297190649,nan,nan
1702297190658,nan,nan
1702297190669,nan,nan
1702297190681,nan,nan
1702297190691,nan,nan
1702297190703,nan,nan
1702297190721,nan,nan
1702297190754,nan,nan
1702297190755,nan,nan
1702297190758,nan,nan
1702297190770,nan,nan
1702297190781,nan,nan
1702297190792,nan,nan
1702297190803,nan,nan
1702297190814,nan,nan
1702297190825,nan,nan
1702297190836,nan,nan
1702297190847,nan,nan
1702297190859,nan,nan
1702297190890,nan,nan
1702297190892,1259.945068359375,953.6160278320312
1702297190905,1259.945068359375,953.6160278320312
1702297190915,1225.352783203125,796.2760162353516
1702297190926,1310.3182983398438,739.4724941253662
1702297190937,1310.3182983398438,739.4724941253662
1702297190948,1322.4842834472656,750.9986114501953
1702297190959,1203.7750244140625,739.5198726654053
1702297190969,1203.7750244140625,739.5198726654053
1702297190981,1187.686996459961,740.0135707855225
1702297190993,1203.956069946289,758.7820816040039
1702297191005,1195.1959609985352,842.1770668029785
1702297191041,1190.0853729248047,838.5419654846191
1702297191049,1189.9887084960938,756.9847869873047
1702297191061,1193.4487915039062,742.4122381210327
1702297191073,1193.1334686279297,733.8765907287598
1702297191083,1192.9679870605469,738.2807779312134
1702297191094,1187.649269104004,744.4993829727173
1702297191106,1188.5858917236328,758.0862951278687
1702297191116,1194.090919494629,750.9163427352905
1702297191128,1192.7203750610352,741.2190198898315
1702297191139,1187.5290298461914,722.4164772033691
1702297191171,1182.1885681152344,725.1863193511963
1702297191172,1181.4319229125977,725.3228330612183
1702297191189,1188.7518692016602,723.0385565757751
1702297191194,1194.0246963500977,738.5689115524292
1702297191205,1191.0112380981445,739.4100093841553
1702297191216,1185.4532623291016,746.1806344985962
1702297191227,1184.1129684448242,742.7164220809937
1702297191238,1183.1450653076172,739.3850755691528
1702297191249,1181.0768127441406,737.3266839981079
1702297191260,1172.017478942871,741.8036127090454
1702297191272,1171.7935943603516,747.1962690353394
1702297191307,1173.1887817382812,750.111894607544
1702297191308,1176.0379791259766,746.4854621887207
1702297191316,1180.1010131835938,749.3569707870483
1702297191327,1175.413475036621,755.4843807220459
1702297191339,1173.2701873779297,750.4290819168091
1702297191350,1170.4243850708008,750.7523202896118
1702297191361,1172.2465896606445,749.1420936584473
1702297191372,1179.5893478393555,749.6230888366699
1702297191383,1177.2708892822266,747.4564218521118
1702297191394,1170.7392883300781,744.0694570541382
1702297191405,1163.1452941894531,747.5042295455933
1702297191416,1160.7063674926758,751.5565538406372
1702297191433,1166.6333770751953,753.0646419525146
1702297191458,1172.4877548217773,752.2631120681763
1702297191459,1180.7211303710938,748.0841445922852
1702297191461,1177.9367446899414,753.6546421051025
1702297191475,1167.2290420532227,756.885781288147
1702297191483,1162.4050521850586,757.0282602310181
1702297191494,1162.4569702148438,743.7357473373413
1702297191506,1171.5044403076172,746.6473817825317
1702297191517,1166.8053436279297,731.6399717330933
1702297191527,1164.9900817871094,697.7166366577148
1702297191538,1156.2432861328125,682.9238247871399
1702297191549,1161.1994934082031,690.6273651123047
1702297191560,1159.2793655395508,704.5393180847168
1702297191571,1160.3656005859375,710.7398128509521
1702297191607,1161.5204238891602,709.8926639556885
1702297191624,1162.9608154296875,718.1045150756836
1702297191627,1160.715560913086,712.6758313179016
1702297191640,1161.6655349731445,695.2020978927612
1702297191649,1163.3012390136719,691.8450880050659
1702297191660,1162.3726272583008,697.3446035385132
1702297191672,1169.840431213379,685.014123916626
1702297191682,1167.1158981323242,676.528902053833
1702297191694,1177.4094009399414,644.8360919952393
1702297191705,1175.5719757080078,650.6898093223572
1702297191740,1183.2022094726562,643.8647675514221
1702297191756,1159.588279724121,647.4147033691406
1702297191760,1162.4444198608398,649.8444199562073
1702297191772,1165.067024230957,659.2279672622681
1702297191783,1170.0331115722656,645.0994420051575
1702297191794,1165.8706665039062,635.383129119873
1702297191805,1143.4421920776367,648.4480619430542
1702297191816,1126.8276977539062,655.3017497062683
1702297191827,687.6357269287109,791.4748620986938
1702297191839,608.1051826477051,811.4347457885742
1702297191875,598.7322235107422,815.093879699707
1702297191876,522.1622467041016,824.4105863571167
1702297191883,517.4691963195801,814.2117118835449
1702297191894,509.97533798217773,836.1832094192505
1702297191905,505.06885528564453,840.6730556488037
1702297191915,507.6732063293457,836.619143486023
1702297191926,503.09024810791016,820.3819513320923
1702297191938,502.3822212219238,820.0513744354248
1702297191948,500.5883598327637,826.0753154754639
1702297191960,495.7492256164551,822.7744817733765
1702297191971,496.7154121398926,815.9884071350098
1702297191982,500.2735710144043,815.2155447006226
1702297191993,496.1494827270508,827.3103761672974
1702297192024,498.3844757080078,837.7412939071655
1702297192027,500.8263969421387,830.9247493743896
1702297192041,490.1103210449219,824.3439388275146
1702297192049,501.8381690979004,823.6710691452026
1702297192060,595.5901145935059,805.9540700912476
1702297192071,626.6679763793945,806.4657068252563
1702297192082,621.7559432983398,804.379506111145
1702297192093,602.6986503601074,815.2339124679565
1702297192105,598.8064575195312,821.4396858215332
1702297192115,602.4646186828613,822.5145435333252
1702297192155,600.9012794494629,824.4762468338013
1702297192160,606.7154693603516,826.4828824996948
1702297192171,607.8232002258301,824.7226667404175
1702297192185,602.4139595031738,817.6447248458862
1702297192193,613.1512832641602,827.2780179977417
1702297192205,599.0674018859863,819.724531173706
1702297192216,598.6447334289551,817.3598957061768
1702297192227,601.6560363769531,818.088812828064
1702297192238,620.6120300292969,830.2308940887451
1702297192249,633.2437515258789,841.2470054626465
1702297192260,1200.581398010254,1038.8788175582886
1702297192270,1340.6991958618164,1081.9196033477783
1702297192305,1352.2533798217773,1079.9390172958374
1702297192306,nan,nan
1702297192314,nan,nan
1702297192325,nan,nan
1702297192337,nan,nan
1702297192347,nan,nan
1702297192358,nan,nan
1702297192369,nan,nan
1702297192379,nan,nan
1702297192391,nan,nan
1702297192402,nan,nan
1702297192438,nan,nan
1702297192439,nan,nan
1702297192446,nan,nan
1702297192458,nan,nan
1702297192470,nan,nan
1702297192479,nan,nan
1702297192491,nan,nan
1702297192502,nan,nan
1702297192513,nan,nan
1702297192524,nan,nan
1702297192535,nan,nan
1702297192573,nan,nan
1702297192574,nan,nan
1702297192580,nan,nan
1702297192591,nan,nan
1702297192602,nan,nan
1702297192613,nan,nan
1702297192624,nan,nan
1702297192635,nan,nan
1702297192645,nan,nan
1702297192657,nan,nan
1702297192668,nan,nan
1702297192706,nan,nan
1702297192712,nan,nan
1702297192724,nan,nan
1702297192735,nan,nan
1702297192746,nan,nan
1702297192757,nan,nan
1702297192768,nan,nan
1702297192779,nan,nan
1702297192790,nan,nan
1702297192801,nan,nan
1702297192841,nan,nan
1702297192842,nan,nan
1702297192846,nan,nan
1702297192858,nan,nan
1702297192868,nan,nan
1702297192879,nan,nan
1702297192891,nan,nan
1702297192901,nan,nan
1702297192913,nan,nan
1702297192924,nan,nan
1702297192935,nan,nan
1702297192975,nan,nan
1702297192976,nan,nan
1702297192979,nan,nan
1702297192991,nan,nan
1702297193003,nan,nan
1702297193013,nan,nan
1702297193023,nan,nan
1702297193034,nan,nan
1702297193045,nan,nan
1702297193057,964.0821838378906,944.4822692871094
1702297193068,964.0821838378906,944.4822692871094
1702297193079,964.0821838378906,944.4822692871094
1702297193091,842.8404235839844,1121.806583404541
1702297193124,842.8404235839844,1121.806583404541
1702297193139,nan,nan
1702297193146,nan,nan
1702297193158,nan,nan
1702297193168,nan,nan
1702297193179,nan,nan
1702297193190,nan,nan
1702297193201,nan,nan
1702297193212,nan,nan
1702297193224,nan,nan
1702297193257,nan,nan
1702297193273,nan,nan
1702297193279,nan,nan
1702297193291,nan,nan
1702297193301,nan,nan
1702297193313,nan,nan
1702297193324,nan,nan
1702297193335,nan,nan
1702297193346,nan,nan
1702297193357,nan,nan
1702297193368,nan,nan
1702297193387,nan,nan
1702297193407,nan,nan
1702297193411,nan,nan
1702297193423,nan,nan
1702297193436,nan,nan
1702297193445,nan,nan
1702297193457,nan,nan
1702297193467,nan,nan
1702297193479,nan,nan
1702297193490,nan,nan
1702297193501,nan,nan
1702297193542,nan,nan
1702297193543,nan,nan
1702297193545,nan,nan
1702297193557,nan,nan
1702297193568,nan,nan
1702297193578,nan,nan
1702297193589,nan,nan
1702297193600,nan,nan
1702297193618,nan,nan
1702297193638,nan,nan
1702297193650,nan,nan
1702297193659,nan,nan
1702297193693,nan,nan
1702297193694,nan,nan
1702297193708,nan,nan
1702297193716,nan,nan
1702297193727,nan,nan
1702297193738,nan,nan
1702297193750,nan,nan
1702297193760,nan,nan
1702297193771,nan,nan
1702297193783,nan,nan
1702297193824,nan,nan
1702297193825,nan,nan
1702297193826,nan,nan
1702297193841,nan,nan
1702297193848,nan,nan
1702297193859,nan,nan
1702297193871,nan,nan
1702297193882,nan,nan
1702297193892,nan,nan
1702297193904,nan,nan
1702297193916,nan,nan
1702297193926,nan,nan
1702297193938,nan,nan
1702297193976,nan,nan
1702297193977,nan,nan
1702297193983,nan,nan
1702297193993,nan,nan
1702297194005,nan,nan
1702297194016,nan,nan
1702297194026,nan,nan
1702297194038,nan,nan
1702297194050,nan,nan
1702297194059,nan,nan
1702297194072,nan,nan
1702297194083,nan,nan
1702297194092,nan,nan
1702297194126,nan,nan
1702297194127,nan,nan
1702297194142,nan,nan
1702297194149,nan,nan
1702297194159,nan,nan
1702297194171,nan,nan
1702297194183,nan,nan
1702297194191,nan,nan
1702297194205,nan,nan
1702297194216,nan,nan
1702297194225,nan,nan
1702297194259,nan,nan
1702297194275,nan,nan
1702297194291,nan,nan
1702297194305,nan,nan
1702297194315,nan,nan
1702297194326,nan,nan
1702297194338,nan,nan
1702297194349,nan,nan
1702297194360,nan,nan
1702297194371,nan,nan
1702297194390,1099.3861389160156,888.4668445587158
1702297194409,1099.3861389160156,888.4668445587158
1702297194410,1099.3861389160156,888.4668445587158
1702297194416,1109.5691680908203,846.3774490356445
1702297194427,1177.0806884765625,785.8202934265137
1702297194440,1176.797103881836,786.3651466369629
1702297194450,1179.1650390625,783.076114654541
1702297194461,1173.2971954345703,791.8380546569824
1702297194472,1182.5104522705078,794.5794868469238
1702297194483,1179.746322631836,805.7359313964844
1702297194494,1158.0554962158203,777.6704120635986
1702297194506,1147.116470336914,765.8198547363281
1702297194540,1152.5921630859375,722.1437072753906
1702297194541,1190.1319885253906,665.5531311035156
1702297194556,1193.3312225341797,691.2486934661865
1702297194560,1164.476089477539,684.6717023849487
1702297194571,1181.8585968017578,679.5447778701782
1702297194582,1181.0025787353516,669.9708795547485
1702297194593,1187.621841430664,682.926721572876
1702297194605,1174.386978149414,684.1026449203491
1702297194616,1177.4347686767578,684.5999908447266
1702297194627,1192.7587127685547,671.0550498962402
1702297194638,1197.5910949707031,669.0529632568359
1702297194649,1191.9934844970703,676.7628765106201
1702297194671,1199.4906616210938,667.0233249664307
1702297194692,1237.764892578125,691.4390659332275
1702297194693,2006.4591979980469,1090.4467964172363
1702297194707,2107.383270263672,1134.8536205291748
1702297194715,2107.383270263672,1134.8536205291748
1702297194726,nan,nan
1702297194737,nan,nan
1702297194748,nan,nan
1702297194759,nan,nan
1702297194771,nan,nan
1702297194782,nan,nan
1702297194792,nan,nan
1702297194824,nan,nan
1702297194825,nan,nan
1702297194840,nan,nan
1702297194853,nan,nan
1702297194862,nan,nan
1702297194874,nan,nan
1702297194886,nan,nan
1702297194894,nan,nan
1702297194906,nan,nan
1702297194918,nan,nan
1702297194928,nan,nan
1702297194939,nan,nan
1702297194976,nan,nan
1702297194977,nan,nan
1702297194984,nan,nan
1702297194994,nan,nan
1702297195007,nan,nan
1702297195018,nan,nan
1702297195028,nan,nan
1702297195040,nan,nan
1702297195051,nan,nan
1702297195062,nan,nan
1702297195073,nan,nan
1702297195084,nan,nan
1702297195095,nan,nan
1702297195127,nan,nan
1702297195128,nan,nan
1702297195146,nan,nan
1702297195151,nan,nan
1702297195163,nan,nan
1702297195173,nan,nan
1702297195184,nan,nan
1702297195194,nan,nan
1702297195207,nan,nan
1702297195218,nan,nan
1702297195257,nan,nan
1702297195261,nan,nan
1702297195273,nan,nan
1702297195285,nan,nan
1702297195293,nan,nan
1702297195306,nan,nan
1702297195317,nan,nan
1702297195327,nan,nan
1702297195339,nan,nan
1702297195351,nan,nan
1702297195360,nan,nan
1702297195373,nan,nan
1702297195408,nan,nan
1702297195409,nan,nan
1702297195423,nan,nan
1702297195427,nan,nan
1702297195439,nan,nan
1702297195451,nan,nan
1702297195461,nan,nan
1702297195472,nan,nan
1702297195484,nan,nan
1702297195494,nan,nan
1702297195506,nan,nan
1702297195517,nan,nan
1702297195527,nan,nan
1702297195561,nan,nan
1702297195576,nan,nan
1702297195584,nan,nan
1702297195594,nan,nan
1702297195606,nan,nan
1702297195618,nan,nan
1702297195628,nan,nan
1702297195639,nan,nan
1702297195650,nan,nan
1702297195660,nan,nan
1702297195692,nan,nan
1702297195693,nan,nan
1702297195708,nan,nan
1702297195716,nan,nan
1702297195727,nan,nan
1702297195739,nan,nan
1702297195750,nan,nan
1702297195760,nan,nan
1702297195772,nan,nan
1702297195783,nan,nan
1702297195794,nan,nan
1702297195826,nan,nan
1702297195827,nan,nan
1702297195843,nan,nan
1702297195851,nan,nan
1702297195862,nan,nan
1702297195872,nan,nan
1702297195884,nan,nan
1702297195893,nan,nan
1702297195906,nan,nan
1702297195917,nan,nan
1702297195927,nan,nan
1702297195958,nan,nan
1702297195960,nan,nan
1702297195974,nan,nan
1702297195985,nan,nan
1702297195994,nan,nan
1702297196006,nan,nan
1702297196017,nan,nan
1702297196026,nan,nan
1702297196039,nan,nan
1702297196050,nan,nan
1702297196060,nan,nan
1702297196093,nan,nan
1702297196110,nan,nan
1702297196117,nan,nan
1702297196127,nan,nan
1702297196139,nan,nan
1702297196150,nan,nan
1702297196160,nan,nan
1702297196172,nan,nan
1702297196184,nan,nan
1702297196193,nan,nan
1702297196225,nan,nan
1702297196226,nan,nan
1702297196227,nan,nan
1702297196241,nan,nan
1702297196250,nan,nan
1702297196260,nan,nan
1702297196273,nan,nan
1702297196284,nan,nan
1702297196294,nan,nan
1702297196306,nan,nan
1702297196317,nan,nan
1702297196327,nan,nan
1702297196358,nan,nan
1702297196359,nan,nan
1702297196360,nan,nan
1702297196375,nan,nan
1702297196384,nan,nan
1702297196393,nan,nan
1702297196405,nan,nan
1702297196416,nan,nan
1702297196426,nan,nan
1702297196439,nan,nan
1702297196450,nan,nan
1702297196460,nan,nan
1702297196495,nan,nan
1702297196496,nan,nan
1702297196510,nan,nan
1702297196518,nan,nan
1702297196527,nan,nan
1702297196539,nan,nan
1702297196550,nan,nan
1702297196560,nan,nan
1702297196573,nan,nan
1702297196583,nan,nan
1702297196593,nan,nan
1702297196606,nan,nan
1702297196625,nan,nan
1702297196647,nan,nan
1702297196648,nan,nan
1702297196650,nan,nan
1702297196661,nan,nan
1702297196673,nan,nan
1702297196683,nan,nan
1702297196694,nan,nan
1702297196705,nan,nan
1702297196717,nan,nan
1702297196727,nan,nan
1702297196739,nan,nan
1702297196779,nan,nan
1702297196780,nan,nan
1702297196783,nan,nan
1702297196795,nan,nan
1702297196805,nan,nan
1702297196816,nan,nan
1702297196827,nan,nan
1702297196838,nan,nan
1702297196850,nan,nan
1702297196860,nan,nan
1702297196871,nan,nan
1702297196883,nan,nan
1702297196893,nan,nan
1702297196930,nan,nan
1702297196938,nan,nan
1702297196950,nan,nan
1702297196961,nan,nan
1702297196971,nan,nan
1702297196983,nan,nan
1702297196993,nan,nan
1702297197005,nan,nan
1702297197016,nan,nan
1702297197027,nan,nan
1702297197060,nan,nan
1702297197061,nan,nan
1702297197077,nan,nan
1702297197084,nan,nan
1702297197094,nan,nan
1702297197105,nan,nan
1702297197117,nan,nan
1702297197126,nan,nan
1702297197138,nan,nan
1702297197149,nan,nan
1702297197159,nan,nan
1702297197171,nan,nan
1702297197212,nan,nan
1702297197216,nan,nan
1702297197228,nan,nan
1702297197238,nan,nan
1702297197249,nan,nan
1702297197259,nan,nan
1702297197271,nan,nan
1702297197283,nan,nan
1702297197292,nan,nan
1702297197304,nan,nan
1702297197317,nan,nan
1702297197326,nan,nan
1702297197363,nan,nan
1702297197379,nan,nan
1702297197384,nan,nan
1702297197393,nan,nan
1702297197404,nan,nan
1702297197417,nan,nan
1702297197426,nan,nan
1702297197438,nan,nan
1702297197451,nan,nan
1702297197459,nan,nan
1702297197494,nan,nan
1702297197508,nan,nan
1702297197516,nan,nan
1702297197525,nan,nan
1702297197538,nan,nan
1702297197557,nan,nan
1702297197574,nan,nan
1702297197583,nan,nan
1702297197594,nan,nan
1702297197605,nan,nan
1702297197648,nan,nan
1702297197649,nan,nan
1702297197650,1441.8559265136719,648.9163970947266
1702297197664,1441.8559265136719,648.9163970947266
1702297197673,1441.8559265136719,648.9163970947266
1702297197684,1531.773681640625,662.0515394210815
1702297197695,1531.773681640625,662.0515394210815
1702297197706,1531.773681640625,662.0515394210815
1702297197717,1474.8495483398438,892.2996139526367
1702297197728,1474.8495483398438,892.2996139526367
1702297197739,1474.8495483398438,892.2996139526367
1702297197751,1387.3078918457031,606.5801095962524
1702297197762,1387.3078918457031,606.5801095962524
1702297197799,1387.3078918457031,606.5801095962524
1702297197806,1433.4870910644531,565.7850408554077
1702297197818,1447.7359008789062,647.619194984436
1702297197830,1447.7359008789062,647.619194984436
1702297197840,1447.7359008789062,647.619194984436
1702297197851,1382.8828430175781,712.8867387771606
1702297197862,1402.9019165039062,589.3163824081421
1702297197873,1402.9019165039062,589.3163824081421
1702297197884,1403.6878967285156,585.6009006500244
1702297197896,1405.5868530273438,584.7264575958252
1702297197926,1405.5868530273438,584.7264575958252
1702297197927,1395.2435302734375,606.2375593185425
1702297197929,1249.1319274902344,941.5565586090088
1702297197942,1257.3258590698242,996.1367654800415
1702297197952,1247.1549987792969,996.9435739517212
1702297197963,1241.2875747680664,938.81019115448
1702297197973,1238.643455505371,930.5297183990479
1702297197985,1237.0487594604492,929.2344045639038
1702297197997,1236.6392517089844,926.0980653762817
1702297198007,1239.0055465698242,935.4572153091431
1702297198019,1236.0259628295898,937.4582290649414
1702297198030,1227.6979446411133,936.46164894104
1702297198041,1216.0060501098633,922.7523422241211
1702297198077,1217.066535949707,920.472207069397
1702297198093,1208.0437850952148,906.9379949569702
1702297198097,1212.6251602172852,903.6320114135742
1702297198109,1211.6410446166992,901.757640838623
1702297198119,1217.2415161132812,900.6310701370239
1702297198130,1210.8890533447266,894.8197317123413
1702297198141,1217.0387268066406,893.5717964172363
1702297198152,1212.0279693603516,903.6744546890259
1702297198164,1211.2807083129883,903.1110620498657
1702297198175,1199.8551177978516,908.9259195327759
1702297198210,1202.9675674438477,897.7756547927856
1702297198211,1214.7675323486328,884.8183965682983
1702297198225,1209.700050354004,896.3659715652466
1702297198231,1215.8239364624023,897.8948736190796
1702297198242,1221.4632034301758,914.9578857421875
1702297198252,1228.1491470336914,909.7499799728394
1702297198263,1231.7081451416016,912.0799827575684
1702297198274,1220.2245330810547,908.848671913147
1702297198285,1216.7568588256836,909.064621925354
1702297198296,1217.279281616211,912.6272392272949
1702297198307,1221.010398864746,910.3912210464478
1702297198344,1220.305290222168,905.6987714767456
1702297198345,1205.3625106811523,896.3218545913696
1702297198352,1182.9425430297852,888.47984790802
1702297198363,1156.008415222168,869.2588806152344
1702297198375,1155.8270645141602,865.5832672119141
1702297198385,1154.119529724121,864.3207836151123
1702297198396,1152.3639678955078,855.5433940887451
1702297198408,1166.8101119995117,867.3951101303101
1702297198419,1168.9201354980469,875.9508419036865
1702297198430,1165.6867599487305,873.2858419418335
1702297198441,1161.5596008300781,868.6584949493408
1702297198478,1176.6180038452148,859.5655918121338
1702297198479,1255.0595474243164,840.2794361114502
1702297198485,1268.1593704223633,836.1318397521973
1702297198497,1266.7736434936523,841.285457611084
1702297198510,1267.784423828125,837.8848028182983
1702297198519,1264.595603942871,840.220513343811
1702297198530,1261.8183898925781,846.3223886489868
1702297198541,1263.699951171875,848.1671905517578
1702297198552,1266.2787628173828,850.7693195343018
1702297198563,1274.625473022461,846.103048324585
1702297198575,1281.4463806152344,860.6073188781738
1702297198613,1276.5283203125,858.8906192779541
1702297198614,1270.7122802734375,867.6019620895386
1702297198619,1267.3183822631836,862.017560005188
1702297198630,1265.5975723266602,855.7938480377197
1702297198641,1261.8049621582031,846.9392108917236
1702297198651,1266.1276245117188,846.4152574539185
1702297198662,1274.7051620483398,861.6932487487793
1702297198675,1282.9706954956055,878.5885047912598
1702297198685,1282.0038223266602,874.576735496521
1702297198696,1448.4378051757812,902.01500415802
1702297198707,1504.2855834960938,897.0805978775024
1702297198718,1545.5783081054688,908.4348392486572
1702297198729,1923.0857849121094,1016.4594125747681
1702297198761,1935.8460235595703,1023.8066482543945
1702297198763,1961.581802368164,1030.1649856567383
1702297198777,1962.903823852539,1027.0682573318481
1702297198784,1967.0457458496094,1030.888237953186
1702297198796,1945.9492492675781,1035.0713682174683
1702297198807,1945.8668518066406,1060.0105476379395
1702297198818,1945.6417083740234,1058.7288808822632
1702297198829,1944.9585723876953,1060.2367544174194
1702297198841,1947.7690887451172,1048.1361722946167
1702297198851,1944.64111328125,1049.054388999939
1702297198863,1941.9790649414062,1048.1048011779785
1702297198895,1965.7994079589844,1071.2562561035156
1702297198896,1970.8767700195312,1067.0099115371704
1702297198911,1972.7233123779297,1078.7761402130127
1702297198918,1967.8204345703125,1083.3576965332031
1702297198930,1965.3192138671875,1041.1523866653442
1702297198941,1959.4535827636719,1041.644024848938
1702297198951,1957.0247650146484,1044.7245740890503
1702297198963,1966.5347290039062,1048.3547401428223
1702297198974,1966.5331268310547,1046.3209390640259
1702297198985,1969.1360473632812,1047.6561641693115
1702297198996,1936.0704040527344,1086.5477228164673
1702297199007,1909.83642578125,1109.6210289001465
1702297199017,1901.9442749023438,1106.9278764724731
1702297199053,1895.671157836914,1103.87273311615
1702297199071,2050.8497619628906,1057.7453899383545
1702297199072,2056.5110778808594,1048.9935779571533
1702297199083,2087.8619384765625,1043.9456176757812
1702297199095,nan,nan
1702297199104,nan,nan
1702297199115,nan,nan
1702297199126,nan,nan
1702297199138,nan,nan
1702297199149,nan,nan
1702297199160,nan,nan
1702297199178,nan,nan
1702297199198,nan,nan
1702297199199,nan,nan
1702297199203,nan,nan
1702297199220,nan,nan
1702297199241,nan,nan
1702297199251,nan,nan
1702297199262,nan,nan
1702297199273,nan,nan
1702297199284,nan,nan
1702297199295,nan,nan
1702297199331,nan,nan
1702297199340,nan,nan
1702297199351,nan,nan
1702297199362,nan,nan
1702297199373,nan,nan
1702297199384,nan,nan
1702297199394,nan,nan
1702297199406,nan,nan
1702297199417,nan,nan
1702297199428,nan,nan
1702297199439,nan,nan
1702297199479,nan,nan
1702297199485,nan,nan
1702297199494,nan,nan
1702297199507,nan,nan
1702297199518,nan,nan
1702297199528,nan,nan
1702297199539,nan,nan
1702297199551,nan,nan
1702297199561,nan,nan
1702297199573,nan,nan
1702297199584,nan,nan
1702297199615,nan,nan
1702297199617,nan,nan
1702297199631,nan,nan
1702297199639,nan,nan
1702297199651,nan,nan
1702297199661,nan,nan
1702297199673,nan,nan
1702297199684,nan,nan
1702297199694,nan,nan
1702297199706,nan,nan
1702297199745,nan,nan
1702297199746,nan,nan
1702297199751,nan,nan
1702297199761,nan,nan
1702297199775,nan,nan
1702297199785,nan,nan
1702297199793,nan,nan
1702297199806,nan,nan
1702297199817,nan,nan
1702297199827,nan,nan
1702297199840,nan,nan
1702297199851,nan,nan
1702297199861,nan,nan
1702297199897,nan,nan
1702297199898,nan,nan
1702297199913,nan,nan
1702297199917,nan,nan
1702297199929,nan,nan
1702297199940,nan,nan
1702297199951,nan,nan
1702297199961,nan,nan
1702297199973,nan,nan
1702297199984,nan,nan
1702297199995,nan,nan
1702297200032,nan,nan
1702297200033,nan,nan
1702297200041,nan,nan
1702297200051,nan,nan
1702297200062,nan,nan
1702297200074,nan,nan
1702297200084,nan,nan
1702297200095,nan,nan
1702297200108,nan,nan
1702297200118,nan,nan
1702297200128,nan,nan
1702297200141,nan,nan
1702297200151,nan,nan
1702297200181,nan,nan
1702297200182,nan,nan
1702297200184,nan,nan
1702297200197,nan,nan
1702297200206,nan,nan
1702297200217,nan,nan
1702297200228,nan,nan
1702297200240,nan,nan
1702297200251,nan,nan
1702297200261,nan,nan
1702297200273,nan,nan
1702297200313,nan,nan
1702297200314,nan,nan
1702297200318,nan,nan
1702297200328,nan,nan
1702297200342,nan,nan
1702297200351,nan,nan
1702297200360,nan,nan
1702297200373,nan,nan
1702297200384,nan,nan
1702297200394,nan,nan
1702297200407,nan,nan
1702297200418,nan,nan
1702297200427,nan,nan
1702297200463,nan,nan
1702297200464,nan,nan
1702297200478,nan,nan
1702297200485,nan,nan
1702297200495,nan,nan
1702297200507,nan,nan
1702297200517,nan,nan
1702297200527,nan,nan
1702297200539,nan,nan
1702297200550,nan,nan
1702297200560,nan,nan
1702297200597,nan,nan
1702297200612,nan,nan
1702297200618,nan,nan
1702297200627,nan,nan
1702297200640,nan,nan
1702297200650,nan,nan
1702297200660,nan,nan
1702297200673,nan,nan
1702297200684,nan,nan
1702297200693,nan,nan
1702297200706,nan,nan
1702297200746,nan,nan
1702297200747,nan,nan
1702297200751,nan,nan
1702297200761,nan,nan
1702297200774,nan,nan
1702297200786,nan,nan
1702297200793,nan,nan
1702297200805,nan,nan
1702297200818,nan,nan
1702297200827,nan,nan
1702297200839,nan,nan
1702297200882,nan,nan
1702297200883,nan,nan
1702297200898,1820.7752990722656,1026.5287685394287
1702297200906,1820.7752990722656,1026.5287685394287
1702297200916,1820.7752990722656,1026.5287685394287
1702297200927,nan,nan
1702297200939,nan,nan
1702297200950,1556.5061950683594,1072.8789710998535
1702297200961,1556.5061950683594,1072.8789710998535
1702297200972,1556.5061950683594,1072.8789710998535
1702297200984,1200.4671478271484,963.292236328125
1702297201014,1200.4671478271484,963.292236328125
1702297201017,1198.774642944336,1003.101282119751
1702297201030,1284.2237854003906,918.081521987915
1702297201039,1284.2237854003906,918.081521987915
1702297201051,1286.2844848632812,921.1279964447021
1702297201061,1225.1383209228516,1024.2963981628418
1702297201072,1225.1383209228516,1024.2963981628418
1702297201084,1181.8211364746094,973.546257019043
1702297201094,1181.8211364746094,973.546257019043
1702297201106,1181.8211364746094,973.546257019043
1702297201117,nan,nan
1702297201147,1280.8673095703125,889.7826290130615
1702297201148,1289.9380493164062,884.4536590576172
1702297201151,1280.908203125,904.2412376403809
1702297201163,1285.5307006835938,909.428071975708
1702297201174,1286.8321228027344,926.0325336456299
1702297201184,1287.9220581054688,918.0940532684326
1702297201195,1285.3913879394531,919.6172046661377
1702297201207,1278.4818267822266,901.1696147918701
1702297201218,1278.5904693603516,899.1608333587646
1702297201229,1308.9639282226562,890.9176540374756
1702297201240,1301.1805725097656,892.4038124084473
1702297201251,1309.6855163574219,883.9300918579102
1702297201282,1318.5305786132812,868.7982273101807
1702297201283,1327.9574584960938,873.5368537902832
1702297201284,1330.8441162109375,870.4268646240234
1702297201296,1331.8954467773438,863.3065223693848
1702297201306,1334.8487854003906,865.8412742614746
1702297201317,1325.8963012695312,883.8191986083984
1702297201328,1326.5412902832031,881.5651988983154
1702297201339,1325.7655334472656,880.7416534423828
1702297201350,1320.5638122558594,874.5292282104492
1702297201361,1305.3569030761719,882.6486396789551
1702297201373,1301.9587707519531,872.052412033081
1702297201384,1313.4196472167969,863.3906364440918
1702297201395,1323.6564636230469,857.3380279541016
1702297201430,1328.4527587890625,865.5216407775879
1702297201445,1330.5580139160156,864.6012783050537
1702297201451,1326.6316223144531,871.8495941162109
1702297201462,1310.5978393554688,878.937578201294
1702297201473,1273.1806182861328,872.1614170074463
1702297201484,1260.1300048828125,864.6893405914307
1702297201495,1172.734146118164,870.7630634307861
1702297201506,1189.1551208496094,878.223295211792
1702297201517,1187.3487854003906,873.4173774719238
1702297201528,1183.9845275878906,862.0842933654785
1702297201564,1177.4041748046875,868.1593036651611
1702297201565,1181.93115234375,873.8695335388184
1702297201579,1173.627700805664,871.7217063903809
1702297201585,1169.4918823242188,872.8195667266846
1702297201596,1155.3236389160156,861.6674137115479
1702297201607,1164.583511352539,875.8274173736572
1702297201617,1175.9062957763672,866.3885307312012
1702297201629,1182.6449584960938,880.7341861724854
1702297201640,1171.119613647461,866.7029285430908
1702297201651,1175.2176666259766,885.0010871887207
1702297201661,1626.917724609375,966.0269737243652
1702297201672,1693.2609558105469,982.3082828521729
1702297201682,1741.96533203125,970.0338077545166
1702297201714,nan,nan
1702297201715,nan,nan
1702297201730,nan,nan
1702297201738,nan,nan
1702297201749,nan,nan
1702297201760,nan,nan
1702297201771,nan,nan
1702297201782,nan,nan
1702297201793,nan,nan
1702297201805,nan,nan
1702297201816,nan,nan
1702297201850,nan,nan
1702297201851,nan,nan
1702297201865,nan,nan
1702297201879,nan,nan
1702297201894,nan,nan
1702297201907,nan,nan
1702297201918,nan,nan
1702297201928,nan,nan
1702297201941,nan,nan
1702297201981,nan,nan
1702297201985,nan,nan
1702297201996,nan,nan
1702297202009,nan,nan
1702297202018,nan,nan
1702297202028,nan,nan
1702297202040,nan,nan
1702297202051,nan,nan
1702297202061,nan,nan
1702297202073,nan,nan
1702297202084,nan,nan
1702297202095,nan,nan
1702297202131,nan,nan
1702297202146,nan,nan
1702297202152,nan,nan
1702297202163,nan,nan
1702297202174,nan,nan
1702297202185,nan,nan
1702297202195,nan,nan
1702297202206,nan,nan
1702297202219,nan,nan
1702297202228,nan,nan
1702297202266,nan,nan
1702297202273,nan,nan
1702297202285,nan,nan
1702297202295,nan,nan
1702297202306,nan,nan
1702297202318,nan,nan
1702297202328,nan,nan
1702297202339,nan,nan
1702297202351,nan,nan
1702297202361,nan,nan
1702297202373,nan,nan
1702297202385,nan,nan
1702297202417,nan,nan
1702297202418,nan,nan
1702297202434,nan,nan
1702297202440,nan,nan
1702297202452,nan,nan
1702297202461,nan,nan
1702297202472,nan,nan
1702297202485,nan,nan
1702297202495,nan,nan
1702297202506,nan,nan
1702297202518,nan,nan
1702297202528,nan,nan
1702297202566,nan,nan
1702297202567,nan,nan
1702297202573,nan,nan
1702297202585,nan,nan
1702297202595,nan,nan
1702297202606,nan,nan
1702297202618,nan,nan
1702297202628,nan,nan
1702297202640,nan,nan
1702297202651,nan,nan
1702297202661,nan,nan
1702297202698,nan,nan
1702297202699,nan,nan
1702297202713,nan,nan
1702297202717,nan,nan
1702297202728,nan,nan
1702297202739,nan,nan
1702297202751,nan,nan
1702297202760,nan,nan
1702297202772,nan,nan
1702297202784,nan,nan
1702297202794,nan,nan
1702297202832,nan,nan
1702297202833,nan,nan
1702297202839,nan,nan
1702297202851,nan,nan
1702297202863,nan,nan
1702297202873,nan,nan
1702297202885,nan,nan
1702297202894,nan,nan
1702297202906,nan,nan
1702297202918,nan,nan
1702297202928,nan,nan
1702297202966,nan,nan
1702297202973,nan,nan
1702297202984,nan,nan
1702297202996,nan,nan
1702297203006,nan,nan
1702297203018,nan,nan
1702297203028,nan,nan
1702297203040,nan,nan
1702297203051,nan,nan
1702297203061,nan,nan
1702297203073,nan,nan
1702297203084,nan,nan
1702297203117,nan,nan
1702297203132,nan,nan
1702297203139,nan,nan
1702297203151,nan,nan
1702297203160,nan,nan
1702297203172,nan,nan
1702297203184,nan,nan
1702297203193,nan,nan
1702297203205,nan,nan
1702297203217,nan,nan
1702297203249,nan,nan
1702297203250,nan,nan
1702297203251,nan,nan
1702297203264,nan,nan
1702297203272,nan,nan
1702297203284,nan,nan
1702297203294,nan,nan
1702297203305,nan,nan
1702297203318,nan,nan
1702297203327,nan,nan
1702297203339,nan,nan
1702297203351,nan,nan
1702297203382,nan,nan
1702297203383,nan,nan
1702297203384,nan,nan
1702297203399,nan,nan
1702297203406,nan,nan
1702297203418,nan,nan
1702297203427,nan,nan
1702297203439,nan,nan
1702297203451,nan,nan
1702297203460,nan,nan
1702297203472,nan,nan
1702297203484,nan,nan
1702297203515,nan,nan
1702297203516,nan,nan
1702297203517,nan,nan
1702297203532,nan,nan
1702297203538,nan,nan
1702297203550,nan,nan
1702297203560,nan,nan
1702297203572,nan,nan
1702297203584,nan,nan
1702297203593,nan,nan
1702297203605,nan,nan
1702297203624,nan,nan
1702297203648,nan,nan
1702297203651,nan,nan
1702297203664,nan,nan
1702297203672,nan,nan
1702297203684,nan,nan
1702297203694,nan,nan
1702297203706,nan,nan
1702297203717,nan,nan
1702297203727,nan,nan
1702297203739,nan,nan
1702297203751,nan,nan
1702297203783,nan,nan
1702297203784,nan,nan
1702297203797,nan,nan
1702297203806,nan,nan
1702297203817,nan,nan
1702297203827,nan,nan
1702297203839,nan,nan
1702297203850,nan,nan
1702297203860,nan,nan
1702297203872,nan,nan
1702297203884,nan,nan
1702297203916,nan,nan
1702297203917,nan,nan
1702297203932,nan,nan
1702297203939,nan,nan
1702297203950,nan,nan
1702297203960,nan,nan
1702297203972,nan,nan
1702297203984,nan,nan
1702297203993,nan,nan
1702297204006,nan,nan
1702297204017,nan,nan
1702297204027,nan,nan
1702297204066,nan,nan
1702297204072,nan,nan
1702297204084,nan,nan
1702297204096,nan,nan
1702297204106,nan,nan
1702297204118,nan,nan
1702297204127,nan,nan
1702297204139,nan,nan
1702297204152,nan,nan
1702297204160,nan,nan
1702297204200,nan,nan
1702297204205,nan,nan
1702297204217,nan,nan
1702297204226,nan,nan
1702297204238,nan,nan
1702297204250,nan,nan
1702297204260,nan,nan
1702297204272,nan,nan
1702297204283,nan,nan
1702297204293,nan,nan
1702297204330,nan,nan
1702297204345,nan,nan
1702297204351,nan,nan
1702297204361,nan,nan
1702297204372,nan,nan
1702297204383,nan,nan
1702297204393,nan,nan
1702297204405,nan,nan
1702297204417,nan,nan
1702297204426,nan,nan
1702297204466,nan,nan
1702297204467,nan,nan
1702297204472,nan,nan
1702297204484,nan,nan
1702297204494,nan,nan
1702297204505,nan,nan
1702297204517,nan,nan
1702297204526,nan,nan
1702297204539,nan,nan
1702297204551,nan,nan
1702297204560,nan,nan
1702297204599,nan,nan
1702297204600,nan,nan
1702297204605,nan,nan
1702297204617,nan,nan
1702297204626,nan,nan
1702297204638,nan,nan
1702297204650,nan,nan
1702297204660,nan,nan
1702297204671,nan,nan
1702297204683,nan,nan
1702297204693,nan,nan
1702297204733,nan,nan
1702297204739,nan,nan
1702297204750,nan,nan
1702297204762,nan,nan
1702297204772,nan,nan
1702297204783,nan,nan
1702297204794,nan,nan
1702297204805,nan,nan
1702297204823,nan,nan
1702297204866,nan,nan
1702297204867,nan,nan
1702297204872,nan,nan
1702297204884,nan,nan
1702297204894,nan,nan
1702297204906,nan,nan
1702297204915,nan,nan
1702297204933,nan,nan
1702297204953,nan,nan
1702297204999,nan,nan
1702297205000,nan,nan
1702297205006,nan,nan
1702297205018,1010.5970764160156,855.2562046051025
1702297205029,1010.5970764160156,855.2562046051025
1702297205040,1010.5970764160156,855.2562046051025
1702297205051,nan,nan
1702297205062,nan,nan
1702297205073,nan,nan
1702297205084,nan,nan
1702297205097,nan,nan
1702297205108,nan,nan
1702297205119,986.6047668457031,832.8388595581055
1702297205152,1048.7115478515625,764.1543960571289
1702297205153,1048.7115478515625,764.1543960571289
1702297205167,1058.655776977539,762.0398712158203
1702297205175,1063.257942199707,772.7075958251953
1702297205186,1062.7687072753906,778.8080978393555
1702297205197,1052.2494888305664,777.9186344146729
1702297205209,1048.3835983276367,779.2914533615112
1702297205220,1046.5922164916992,782.2946262359619
1702297205231,1055.2944564819336,787.8352117538452
1702297205242,1054.8063659667969,788.7576770782471
1702297205253,1053.921012878418,786.1519002914429
1702297205264,1050.6055068969727,781.3634920120239
1702297205303,1053.1372451782227,773.3833837509155
1702297205310,1227.245216369629,976.4076805114746
1702297205321,1225.7131958007812,985.4105472564697
1702297205333,1212.8068161010742,961.3966226577759
1702297205342,1209.6292114257812,956.7903470993042
1702297205352,1218.9365005493164,947.6602363586426
1702297205364,1224.3916702270508,943.0041360855103
1702297205376,1232.4967956542969,943.5483455657959
1702297205387,1225.9180068969727,949.3471956253052
1702297205398,1231.8242263793945,952.1393537521362
1702297205433,1225.6487274169922,952.8214502334595
1702297205434,1226.2575149536133,943.3243274688721
1702297205449,1219.6449661254883,947.088303565979
1702297205453,1224.8188781738281,950.7652473449707
1702297205466,1228.109359741211,942.5663137435913
1702297205475,1240.8633041381836,942.6459217071533
1702297205486,1235.1630401611328,948.318943977356
1702297205498,1232.2578430175781,947.8822803497314
1702297205509,1227.524757385254,954.1960287094116
1702297205520,1224.6997833251953,959.8219299316406
1702297205531,1219.7802734375,968.5194969177246
1702297205542,1213.7724304199219,964.9967908859253
1702297205553,1217.7919387817383,964.3894100189209
1702297205587,1227.9373931884766,968.5983753204346
1702297205602,1234.9054718017578,969.6550798416138
1702297205609,1247.470588684082,963.0365467071533
1702297205620,1298.260383605957,969.0291166305542
1702297205631,1648.7669372558594,1004.1402626037598
1702297205642,1697.7860260009766,1011.062593460083
1702297205653,1735.8602142333984,1011.6440963745117
1702297205664,1806.4971923828125,1022.2935819625854
1702297205676,1816.371078491211,1016.3244438171387
1702297205686,1820.0027465820312,1017.9973697662354
1702297205698,1838.5395050048828,1022.370400428772
1702297205717,1835.9152221679688,1026.7143774032593
1702297205735,1835.0865173339844,1028.927993774414
1702297205736,1836.8444061279297,1024.5470666885376
1702297205742,1834.5723724365234,1033.721251487732
1702297205753,1835.8282470703125,1028.431806564331
1702297205764,1842.5008392333984,1036.3736772537231
1702297205775,1872.0475769042969,1035.381817817688
1702297205785,1894.7529602050781,1038.21053981781
1702297205797,2091.6392517089844,1088.998875617981
1702297205808,2147.3424530029297,1095.073800086975
1702297205819,2147.9761505126953,1090.6214618682861
1702297205831,2169.60693359375,1065.884199142456
1702297205867,2170.6468200683594,1067.8505373001099
1702297205875,2171.948013305664,1065.778841972351
1702297205885,2174.7904205322266,1067.184362411499
1702297205899,2125.8457946777344,1115.813455581665
1702297205908,2170.0353240966797,1100.4039287567139
1702297205918,2168.0841064453125,1099.4664859771729
1702297205930,2163.6026000976562,1167.9428100585938
1702297205941,nan,nan
1702297205952,nan,nan
1702297205963,nan,nan
1702297206000,nan,nan
1702297206007,nan,nan
1702297206018,nan,nan
1702297206029,nan,nan
1702297206040,nan,nan
1702297206050,nan,nan
1702297206061,nan,nan
1702297206073,nan,nan
1702297206084,nan,nan
1702297206095,nan,nan
1702297206104,nan,nan
1702297206134,nan,nan
1702297206142,nan,nan
1702297206153,nan,nan
1702297206163,nan,nan
1702297206175,nan,nan
1702297206186,nan,nan
1702297206196,nan,nan
1702297206208,nan,nan
1702297206219,nan,nan
1702297206229,nan,nan
1702297206241,nan,nan
1702297206253,nan,nan
1702297206287,nan,nan
1702297206303,nan,nan
1702297206308,nan,nan
1702297206320,nan,nan
1702297206330,nan,nan
1702297206341,nan,nan
1702297206353,nan,nan
1702297206363,nan,nan
1702297206375,nan,nan
1702297206387,nan,nan
1702297206418,nan,nan
1702297206421,nan,nan
1702297206435,nan,nan
1702297206443,nan,nan
1702297206454,nan,nan
1702297206463,nan,nan
1702297206476,nan,nan
1702297206486,nan,nan
1702297206496,nan,nan
1702297206509,nan,nan
1702297206520,nan,nan
1702297206529,nan,nan
1702297206567,nan,nan
1702297206583,nan,nan
1702297206587,nan,nan
1702297206597,nan,nan
1702297206609,nan,nan
1702297206620,nan,nan
1702297206629,nan,nan
1702297206643,nan,nan
1702297206654,nan,nan
1702297206663,nan,nan
1702297206676,nan,nan
1702297206687,nan,nan
1702297206721,nan,nan
1702297206722,nan,nan
1702297206736,nan,nan
1702297206743,nan,nan
1702297206754,nan,nan
1702297206763,nan,nan
1702297206776,nan,nan
1702297206786,nan,nan
1702297206796,nan,nan
1702297206809,nan,nan
1702297206819,nan,nan
1702297206855,nan,nan
1702297206862,nan,nan
1702297206875,nan,nan
1702297206886,nan,nan
1702297206895,nan,nan
1702297206908,nan,nan
1702297206919,nan,nan
1702297206929,nan,nan
1702297206942,nan,nan
1702297206952,nan,nan
1702297206985,nan,nan
1702297206986,nan,nan
1702297207000,nan,nan
1702297207008,nan,nan
1702297207019,nan,nan
1702297207029,nan,nan
1702297207042,nan,nan
1702297207052,nan,nan
1702297207062,nan,nan
1702297207075,nan,nan
1702297207086,nan,nan
1702297207119,nan,nan
1702297207120,nan,nan
1702297207136,nan,nan
1702297207141,nan,nan
1702297207154,nan,nan
1702297207162,nan,nan
1702297207174,nan,nan
1702297207187,nan,nan
1702297207196,nan,nan
1702297207208,nan,nan
1702297207220,nan,nan
1702297207253,nan,nan
1702297207254,nan,nan
1702297207268,nan,nan
1702297207274,nan,nan
1702297207287,nan,nan
1702297207295,nan,nan
1702297207307,nan,nan
1702297207320,nan,nan
1702297207329,nan,nan
1702297207340,nan,nan
1702297207353,nan,nan
1702297207362,nan,nan
1702297207385,nan,nan
1702297207405,nan,nan
1702297207407,nan,nan
1702297207420,nan,nan
1702297207429,nan,nan
1702297207441,nan,nan
1702297207453,nan,nan
1702297207462,nan,nan
1702297207474,nan,nan
1702297207487,nan,nan
1702297207495,nan,nan
1702297207535,nan,nan
1702297207541,nan,nan
1702297207553,nan,nan
1702297207562,nan,nan
1702297207575,nan,nan
1702297207587,nan,nan
1702297207596,nan,nan
1702297207608,nan,nan
1702297207619,nan,nan
1702297207628,nan,nan
1702297207668,nan,nan
1702297207674,nan,nan
1702297207686,nan,nan
1702297207695,nan,nan
1702297207708,nan,nan
1702297207719,nan,nan
1702297207728,nan,nan
1702297207741,nan,nan
1702297207753,nan,nan
1702297207762,nan,nan
1702297207801,nan,nan
1702297207808,nan,nan
1702297207819,nan,nan
1702297207830,nan,nan
1702297207842,nan,nan
1702297207853,nan,nan
1702297207862,nan,nan
1702297207875,nan,nan
1702297207886,nan,nan
1702297207895,nan,nan
1702297207934,nan,nan
1702297207935,nan,nan
1702297207941,nan,nan
1702297207952,nan,nan
1702297207963,nan,nan
1702297207975,nan,nan
1702297207985,nan,nan
1702297207995,nan,nan
1702297208008,nan,nan
1702297208019,nan,nan
