timestamp,x,y
1706102114976,1935.8611297607422,1435.531268119812
1706102114982,1926.8854522705078,1432.1782493591309
1706102114993,1927.2822570800781,1428.5732746124268
1706102115004,1929.0190124511719,1424.0545463562012
1706102115016,1933.6990356445312,1420.5284929275513
1706102115026,1937.4607849121094,1422.6415157318115
1706102115038,1935.3042602539062,1423.889708518982
1706102115049,1928.546371459961,1424.2286539077759
1706102115060,1880.6768035888672,1381.3853216171265
1706102115071,1833.3575439453125,1331.9347858428955
1706102115082,1763.4571838378906,1259.5545816421509
1706102115123,1619.8080444335938,1134.2185592651367
1706102115124,1521.363525390625,1060.5275058746338
1706102115127,1511.5034484863281,1051.354866027832
1706102115139,1512.0879364013672,1049.5673990249634
1706102115149,1514.6086120605469,1053.2753276824951
1706102115160,1509.6839904785156,1048.855390548706
1706102115172,1512.9764556884766,1047.0414447784424
1706102115182,1515.4254913330078,1044.0354824066162
1706102115194,1514.7530364990234,1043.3439445495605
1706102115205,1511.5674591064453,1039.9972772598267
1706102115216,1515.5855560302734,1040.7479095458984
1706102115227,1513.3113861083984,1046.5118265151978
1706102115238,1509.6414947509766,1052.6528406143188
1706102115274,1510.167236328125,1064.76646900177
1706102115275,1511.0972595214844,1158.6801767349243
1706102115281,1524.3936157226562,1254.2589569091797
1706102115292,1465.4847717285156,1158.004560470581
1706102115304,1465.4847717285156,1158.004560470581
1706102115315,1305.1274871826172,1100.4889869689941
1706102115326,1218.802719116211,1041.9408702850342
1706102115338,1257.2016906738281,952.1697378158569
1706102115349,1277.6702117919922,807.353367805481
1706102115360,1285.9695434570312,697.8970956802368
1706102115371,1341.1973571777344,617.1055054664612
1706102115382,1339.8416900634766,615.6247973442078
1706102115403,1238.9341354370117,567.6137495040894
1706102115426,1195.6621170043945,558.9358162879944
1706102115427,1195.0541687011719,554.4762682914734
1706102115442,1336.0613250732422,629.4898438453674
1706102115449,1334.407958984375,626.6721940040588
1706102115460,1334.7357177734375,626.8343496322632
1706102115472,1320.8130645751953,624.3422341346741
1706102115481,1321.7790222167969,624.2827749252319
1706102115492,1327.7545166015625,643.5984134674072
1706102115504,1292.671890258789,695.5451846122742
1706102115515,1300.5889892578125,801.7133474349976
1706102115526,1305.56884765625,847.7109146118164
1706102115558,1313.1244659423828,854.7744369506836
1706102115560,1306.5473175048828,847.8325366973877
1706102115580,1303.7133026123047,838.6734580993652
1706102115582,1303.3660888671875,841.3100051879883
1706102115595,1304.2451477050781,840.8147192001343
1706102115605,1302.65869140625,839.9737071990967
1706102115616,1309.3207550048828,842.3077440261841
1706102115627,1304.9542236328125,844.50608253479
1706102115638,1304.1411590576172,844.1627597808838
1706102115649,1301.0702514648438,840.2760028839111
1706102115660,1307.0578002929688,839.0443325042725
1706102115671,1304.4879150390625,834.4928169250488
1706102115710,1297.569580078125,832.9739570617676
1706102115711,1295.1686096191406,836.0366106033325
1706102115715,1291.4858627319336,834.5459890365601
1706102115729,1292.1598052978516,837.8882789611816
1706102115737,1293.8345336914062,840.4793357849121
1706102115750,1292.725601196289,840.4644441604614
1706102115759,1290.5297088623047,838.8873481750488
1706102115771,1292.9273986816406,839.1043281555176
1706102115782,1293.8880157470703,840.0775194168091
1706102115792,1296.3179779052734,839.379415512085
1706102115804,1300.6303405761719,837.6749897003174
1706102115815,1299.4895935058594,841.6104125976562
1706102115826,1301.6793060302734,847.9646301269531
1706102115859,1297.874526977539,851.4477682113647
1706102115860,1303.9602661132812,847.8713750839233
1706102115877,1306.6110229492188,835.7915639877319
1706102115882,1302.9335021972656,835.5554866790771
1706102115893,1301.024398803711,833.173942565918
1706102115904,1300.7266998291016,849.970965385437
1706102115915,1300.7257843017578,848.5735988616943
1706102115926,1301.2022399902344,847.2460985183716
1706102115938,1296.4471054077148,837.9483604431152
1706102115949,1295.5157089233398,839.0392684936523
1706102115959,1303.1453704833984,845.7041931152344
1706102115971,1305.9204864501953,855.7706308364868
1706102115982,1304.0132141113281,857.703366279602
1706102115993,1304.7653198242188,857.6270627975464
1706102116026,1308.5519409179688,850.1675176620483
1706102116027,1307.3966217041016,853.1227540969849
1706102116043,1305.5769348144531,854.649338722229
1706102116048,1312.1969604492188,846.3023900985718
1706102116059,1309.2991638183594,848.5395240783691
1706102116070,1316.5802764892578,848.3894491195679
1706102116081,1307.6306915283203,839.1849231719971
1706102116092,1296.8728637695312,811.1637353897095
1706102116104,1295.283432006836,809.8455047607422
1706102116115,1295.201530456543,811.3413190841675
1706102116125,1298.2111358642578,813.1439352035522
1706102116137,1299.9301147460938,812.0743131637573
1706102116174,1301.1685180664062,805.2701282501221
1706102116182,1300.040283203125,818.9197397232056
1706102116194,1302.8690719604492,809.500036239624
1706102116204,1294.5718002319336,803.7008428573608
1706102116215,1295.041618347168,803.914303779602
1706102116226,1297.3433685302734,802.3887491226196
1706102116237,1301.2701416015625,812.4879312515259
1706102116248,1307.496109008789,821.5871000289917
1706102116259,1306.0509490966797,827.5849914550781
1706102116270,1305.8451843261719,821.2582397460938
1706102116282,1304.3358993530273,829.2609214782715
1706102116293,1302.5241088867188,826.3258981704712
1706102116325,1303.0344772338867,826.1832046508789
1706102116326,1300.04638671875,817.4125099182129
1706102116343,1298.116455078125,813.492579460144
1706102116349,1301.6204833984375,812.9005193710327
1706102116359,1300.350570678711,809.908332824707
1706102116371,1300.9739685058594,811.9215774536133
1706102116382,1303.712387084961,821.0513019561768
1706102116393,1301.5757751464844,814.347882270813
1706102116404,1298.3573913574219,818.0328941345215
1706102116414,1283.5405731201172,823.29345703125
1706102116425,1298.4698486328125,854.4066953659058
1706102116436,1313.1080627441406,881.4110898971558
1706102116477,1331.895523071289,889.8458433151245
1706102116478,1336.9684600830078,909.5839834213257
1706102116480,1331.7733001708984,916.9790267944336
1706102116494,1335.179214477539,919.0230417251587
1706102116504,1330.482406616211,911.4760780334473
1706102116515,1329.7254943847656,912.0897674560547
1706102116526,1331.4591217041016,913.5812044143677
1706102116537,1327.9066467285156,919.5148515701294
1706102116548,1332.6651763916016,911.1962270736694
1706102116559,1333.1101989746094,911.5042734146118
1706102116570,1338.3847045898438,914.5950794219971
1706102116581,1335.179443359375,913.1075048446655
1706102116623,1334.4963836669922,910.0489282608032
1706102116626,1347.7814483642578,920.539026260376
1706102116639,1343.8964080810547,910.0135660171509
1706102116648,1346.517105102539,908.2345104217529
1706102116659,1335.9320831298828,890.7150077819824
1706102116670,1325.4093170166016,864.9342584609985
1706102116681,1318.4898376464844,848.395586013794
1706102116692,1314.59716796875,824.3104219436646
1706102116704,1310.2847290039062,830.3279685974121
1706102116715,1307.3426055908203,834.8759651184082
1706102116726,1305.360107421875,838.3168745040894
1706102116737,1305.1195526123047,841.0744857788086
1706102116777,1307.319107055664,835.2503156661987
1706102116782,1303.3637237548828,841.4899063110352
1706102116792,1307.6066589355469,838.689079284668
1706102116803,1308.357925415039,838.0616569519043
1706102116814,1304.686050415039,841.6382217407227
1706102116825,1301.2776947021484,850.2252817153931
1706102116836,1299.819221496582,842.2551727294922
1706102116847,1295.5811309814453,845.5018472671509
1706102116858,1302.2444915771484,841.9572114944458
1706102116870,1303.1570434570312,840.6179523468018
1706102116881,1308.1982421875,835.8092880249023
1706102116923,1311.8812561035156,833.8292169570923
1706102116924,1311.7768859863281,828.6934518814087
1706102116925,1306.8766784667969,835.8175706863403
1706102116939,1312.1894836425781,838.6265516281128
1706102116947,1321.4422607421875,845.1944875717163
1706102116960,1322.8248596191406,840.6628847122192
1706102116970,1321.5782928466797,844.1626739501953
1706102116981,1314.6305847167969,834.7265768051147
1706102116992,1320.7987976074219,838.683500289917
1706102117004,1315.8807373046875,832.2836637496948
1706102117014,1318.5974884033203,834.6418619155884
1706102117025,1313.921127319336,834.763913154602
1706102117037,1311.9529724121094,828.7841749191284
1706102117048,1310.4620361328125,831.4859962463379
1706102117059,1312.0170593261719,837.6031064987183
1706102117092,1312.9683685302734,849.9594640731812
1706102117108,1308.7508010864258,828.2670879364014
1706102117115,1309.1920471191406,824.7272157669067
1706102117128,1310.1464080810547,830.5016899108887
1706102117137,1315.113296508789,850.3426122665405
1706102117148,1332.0525360107422,853.8130903244019
1706102117159,1333.546142578125,857.0383501052856
1706102117169,1325.0591278076172,841.4827394485474
1706102117180,1308.6434173583984,836.3741827011108
1706102117191,1308.428955078125,838.7186479568481
1706102117203,1315.1329803466797,847.4694299697876
1706102117245,1316.796875,849.0006065368652
1706102117247,1303.5643005371094,853.2569074630737
1706102117265,1301.5190505981445,846.2617492675781
1706102117270,1309.732437133789,838.6026477813721
1706102117282,1309.7122955322266,827.3362112045288
1706102117291,1310.1115417480469,815.7393264770508
1706102117303,1313.405532836914,819.4073438644409
1706102117314,1315.0582885742188,814.0777730941772
1706102117325,1313.0463409423828,819.4174289703369
1706102117337,1312.95166015625,817.5435733795166
1706102117347,1312.4166107177734,822.7812194824219
1706102117392,1308.3885955810547,820.1071643829346
1706102117393,1306.1848068237305,809.273099899292
1706102117407,1305.9112548828125,810.7314491271973
1706102117414,1306.9689178466797,811.6424131393433
1706102117426,1304.852523803711,809.4920539855957
1706102117437,1304.0444564819336,808.2824850082397
1706102117447,1303.354263305664,814.7371673583984
1706102117458,1303.8412857055664,806.9624090194702
1706102117470,1303.5319519042969,801.7533016204834
1706102117481,1307.9974365234375,800.0388336181641
1706102117492,1309.7228240966797,800.4472589492798
1706102117503,1312.8507995605469,798.8216257095337
1706102117543,1309.5475769042969,793.6274099349976
1706102117547,1311.3359069824219,803.0046272277832
1706102117561,1309.930191040039,798.1666088104248
1706102117570,1311.3040924072266,792.1411228179932
1706102117581,1308.5144805908203,789.1081666946411
1706102117591,1315.9056091308594,789.4220066070557
1706102117603,1313.979263305664,789.9936389923096
1706102117613,1317.3675537109375,799.3399143218994
1706102117625,1314.7650146484375,799.1737031936646
1706102117637,1311.7593383789062,804.4107484817505
1706102117647,1319.8309326171875,827.4729824066162
1706102117659,1320.1371002197266,885.7019376754761
1706102117692,1325.822982788086,908.7296676635742
1706102117709,1319.0270233154297,917.2836828231812
1706102117714,1318.3035278320312,916.8365907669067
1706102117727,1320.2105712890625,917.8822231292725
1706102117736,1320.4693603515625,932.7720022201538
1706102117746,1318.7105560302734,932.2784757614136
1706102117758,1315.179214477539,931.0434150695801
1706102117769,1318.0731964111328,921.445484161377
1706102117780,1321.8720245361328,919.3277406692505
1706102117791,1323.4242248535156,916.9303607940674
1706102117802,1323.4427642822266,916.4831399917603
1706102117843,1321.0431671142578,917.8313255310059
1706102117844,1324.6464538574219,925.9812927246094
1706102117847,1326.6875457763672,926.4839601516724
1706102117859,1325.5936431884766,927.4371528625488
1706102117870,1319.7047424316406,881.9989013671875
1706102117881,1322.2956848144531,885.6022882461548
1706102117892,1324.85595703125,886.850266456604
1706102117903,1328.3561706542969,894.352855682373
1706102117914,1330.2261352539062,898.8595676422119
1706102117925,1328.66455078125,898.6232328414917
1706102117935,1328.6051177978516,941.5823936462402
1706102117946,1318.5888671875,931.2860155105591
1706102117957,1314.727783203125,937.1791934967041
1706102117991,1317.4236297607422,943.0532312393188
1706102118007,1267.677993774414,958.4815979003906
1706102118013,1269.9207305908203,955.2083158493042
1706102118024,1268.0464935302734,961.3404893875122
1706102118036,1276.6430282592773,966.0066747665405
1706102118047,1272.1934509277344,966.5997219085693
1706102118058,1276.6930389404297,969.0273141860962
1706102118069,1272.5445556640625,965.303635597229
1706102118080,1272.8084182739258,968.008246421814
1706102118091,1272.525634765625,968.6705160140991
1706102118128,1270.8155822753906,968.0372142791748
1706102118136,1276.0514450073242,961.9577836990356
1706102118147,1277.525978088379,960.810956954956
1706102118160,1274.461326599121,959.1654109954834
1706102118169,1270.6291198730469,969.4200325012207
1706102118180,1271.7662048339844,960.1251268386841
1706102118191,1302.6192474365234,916.0990476608276
1706102118202,1318.3354187011719,908.067569732666
1706102118214,1327.144546508789,895.1103973388672
1706102118225,1343.6466217041016,892.9561758041382
1706102118237,1339.912109375,891.9162511825562
1706102118278,1344.884033203125,891.8147563934326
1706102118279,1340.8968353271484,889.1833162307739
1706102118280,1345.0614166259766,896.6540622711182
1706102118295,1341.634750366211,903.0130004882812
1706102118303,1342.0124816894531,898.0553770065308
1706102118313,1338.0721282958984,891.3182687759399
1706102118324,1343.8648986816406,891.4188194274902
1706102118336,1343.3799743652344,892.2583293914795
1706102118346,1352.164306640625,890.9931421279907
1706102118357,1349.0930938720703,890.9035778045654
1706102118369,1349.693603515625,887.5582408905029
1706102118379,1339.9072265625,896.946530342102
1706102118391,1339.937744140625,893.0655241012573
1706102118432,1340.1634216308594,897.4513864517212
1706102118433,1340.252685546875,893.8540077209473
1706102118436,1339.6231842041016,894.786171913147
1706102118450,1336.3691711425781,894.6432209014893
1706102118458,1329.5996856689453,896.3369178771973
1706102118471,1328.6363220214844,895.762882232666
1706102118481,1335.2674865722656,899.244647026062
1706102118491,1336.172866821289,902.5444078445435
1706102118503,1331.0499572753906,895.662202835083
1706102118513,1314.359359741211,884.5062303543091
1706102118524,1288.366584777832,843.2154893875122
1706102118536,1292.1771240234375,832.7217864990234
1706102118577,1291.0749816894531,820.3076648712158
1706102118578,1299.2218780517578,819.415283203125
1706102118579,1300.3500366210938,821.990761756897
1706102118596,1298.5733795166016,824.8946285247803
1706102118603,1301.2628173828125,826.1939334869385
1706102118613,1297.8385162353516,820.0884962081909
1706102118624,1310.2898406982422,827.488431930542
1706102118636,1309.27978515625,843.2281064987183
1706102118647,1315.321273803711,849.7635126113892
1706102118658,1323.6831665039062,849.6348094940186
1706102118669,1317.939224243164,840.4111003875732
1706102118679,1313.846206665039,828.5837602615356
1706102118690,1311.9051361083984,830.4632377624512
1706102118728,1312.67333984375,831.1665773391724
1706102118729,1312.550277709961,834.246997833252
1706102118735,1315.6066131591797,828.1528472900391
1706102118748,1320.0616455078125,832.2724199295044
1706102118757,1308.6522674560547,823.7947940826416
1706102118769,1305.306625366211,824.1719770431519
1706102118780,1306.3755798339844,819.6124362945557
1706102118790,1298.5028839111328,817.1136474609375
1706102118802,1299.470100402832,815.631308555603
1706102118813,1300.7804107666016,821.8471240997314
1706102118824,1296.5716934204102,820.6815004348755
1706102118835,1293.5132598876953,818.9299964904785
1706102118856,1295.3435516357422,814.5957612991333
1706102118877,1303.9253234863281,820.6153678894043
1706102118878,1307.4097442626953,816.0467720031738
1706102118880,1308.1541442871094,810.8824253082275
1706102118896,1315.6143188476562,809.0501117706299
1706102118902,1337.31689453125,807.2252225875854
1706102118913,1342.4378204345703,810.5097055435181
1706102118924,1338.3930969238281,800.7308435440063
1706102118936,1339.552993774414,795.4788637161255
1706102118947,1336.0433197021484,796.6643571853638
1706102118957,1336.59423828125,795.175838470459
1706102118969,1331.0731506347656,803.3781623840332
1706102118980,1337.928237915039,802.835283279419
1706102118991,1332.9907989501953,802.005558013916
1706102119031,1319.7923278808594,800.0885725021362
1706102119032,1318.2687377929688,805.7512521743774
1706102119036,1325.6389617919922,825.284857749939
1706102119048,1320.4521942138672,834.5030307769775
1706102119057,1316.1200714111328,833.3135461807251
1706102119068,1314.2853546142578,845.522575378418
1706102119079,1318.9891815185547,843.9559078216553
1706102119090,1333.302001953125,837.1385908126831
1706102119101,1335.7530212402344,843.1728315353394
1706102119112,1331.9682312011719,855.1394748687744
1706102119123,1335.2546691894531,849.9000263214111
1706102119135,1335.15380859375,859.0859699249268
1706102119146,1332.3045349121094,862.9114866256714
1706102119157,1342.3501586914062,840.2454471588135
1706102119197,1346.8217468261719,831.4017534255981
1706102119198,1352.0054626464844,815.2162313461304
1706102119202,1346.1729431152344,818.3273792266846
1706102119215,1352.6811218261719,834.5619106292725
1706102119224,1354.2144012451172,844.6676588058472
1706102119235,1351.8978118896484,849.1306400299072
1706102119246,1348.507080078125,855.4270076751709
1706102119257,1346.1199951171875,861.5572929382324
1706102119268,1339.9118041992188,822.5746250152588
1706102119278,1338.8296508789062,785.0580739974976
1706102119289,1210.2507019042969,860.8907318115234
1706102119300,nan,nan
1706102119311,nan,nan
1706102119346,nan,nan
1706102119347,nan,nan
1706102119355,nan,nan
1706102119367,nan,nan
1706102119378,nan,nan
1706102119389,nan,nan
1706102119400,nan,nan
1706102119412,nan,nan
1706102119423,1379.5453643798828,870.5515336990356
1706102119434,1378.6538696289062,875.8670711517334
1706102119445,1372.5556945800781,876.0841798782349
1706102119456,1355.8404541015625,897.5265741348267
1706102119475,1373.799057006836,886.4869451522827
1706102119496,1363.9047241210938,843.3026504516602
1706102119501,1366.0120391845703,790.4636907577515
1706102119516,1365.3816223144531,770.4584884643555
1706102119523,1366.4346313476562,767.6414823532104
1706102119535,1376.0213470458984,755.2150869369507
1706102119545,1401.961441040039,762.1441555023193
1706102119557,1406.0714721679688,796.6176652908325
1706102119568,1406.8719482421875,797.1390867233276
1706102119579,1392.717056274414,785.1342487335205
1706102119590,1370.2722930908203,756.3155221939087
1706102119601,1361.3581848144531,742.9993200302124
1706102119613,1365.0482177734375,745.3724956512451
1706102119648,1369.8007202148438,746.1029577255249
1706102119649,1377.492446899414,742.3676919937134
1706102119656,1365.3722381591797,734.2520141601562
1706102119668,1349.572525024414,748.1016540527344
1706102119680,1361.10107421875,759.4866228103638
1706102119690,1385.1342010498047,820.4648637771606
1706102119702,1386.7633819580078,818.7935256958008
1706102119713,1386.572265625,801.8173742294312
1706102119724,1399.4481658935547,778.8733720779419
1706102119735,1398.7692260742188,787.8034543991089
1706102119746,1396.7854309082031,787.3174381256104
1706102119757,1393.5147857666016,784.4434833526611
1706102119795,1397.7265167236328,781.9040536880493
1706102119801,1389.5781707763672,786.167049407959
1706102119814,1397.4539947509766,789.6763229370117
1706102119824,1397.3502349853516,791.1299514770508
1706102119834,1391.4588928222656,784.4214677810669
1706102119845,1386.6383361816406,783.9903402328491
1706102119856,1390.8202362060547,788.1949710845947
1706102119868,1385.3788757324219,788.6857509613037
1706102119890,1380.1763916015625,787.661190032959
1706102119901,1380.3539276123047,789.9516248703003
1706102119912,1381.0533905029297,788.2430362701416
1706102119923,1377.4662017822266,782.347240447998
1706102119963,1383.7767028808594,783.7249517440796
1706102119964,1385.4421997070312,783.1610441207886
1706102119968,1380.5133819580078,796.193962097168
1706102119981,1376.724624633789,799.0721225738525
1706102119990,1384.6232604980469,795.1276016235352
1706102120001,1401.240463256836,794.6669483184814
1706102120012,1406.0515594482422,791.8371963500977
1706102120023,1407.8802490234375,795.0523710250854
1706102120035,1404.977035522461,788.8270711898804
1706102120045,1385.0623321533203,789.5841407775879
1706102120057,1353.8533782958984,797.5387573242188
1706102120068,1315.6671142578125,791.6122341156006
1706102120079,1319.6315002441406,788.7638568878174
1706102120090,1320.2283477783203,777.7970123291016
1706102120127,1323.9468383789062,781.6955280303955
1706102120128,1320.6700897216797,782.7237367630005
1706102120135,1323.6214447021484,788.2638072967529
1706102120145,1318.0086517333984,794.6685791015625
1706102120157,1319.4325256347656,801.9126033782959
1706102120168,1317.8421020507812,797.9472255706787
1706102120178,1318.7663269042969,796.5099048614502
1706102120189,1313.0424499511719,796.6534566879272
1706102120201,1314.7062683105469,802.3975896835327
1706102120211,1316.5520477294922,808.0246496200562
1706102120223,1321.155014038086,806.705904006958
1706102120234,1313.6664581298828,796.2896633148193
1706102120256,1319.1425323486328,799.6806192398071
1706102120278,1314.8052978515625,797.0537710189819
1706102120279,1320.1282501220703,804.5409107208252
1706102120295,1312.3751831054688,793.4066104888916
1706102120301,1331.8978118896484,794.6739864349365
1706102120313,1340.3369140625,820.1577615737915
1706102120323,1355.6523132324219,868.0003881454468
1706102120334,1353.5871887207031,883.2330179214478
1706102120345,1358.5008239746094,883.895845413208
1706102120356,1355.9962463378906,883.2464504241943
1706102120367,1356.0832214355469,880.5553150177002
1706102120378,1348.906478881836,885.4455614089966
1706102120415,1351.6487121582031,871.5220642089844
1706102120416,1352.5422668457031,871.935338973999
1706102120422,1360.3987121582031,888.6524534225464
1706102120434,1359.3738555908203,894.6417617797852
1706102120445,1357.9095458984375,899.1716480255127
1706102120456,1352.406234741211,895.6331062316895
1706102120468,1346.6509246826172,892.3831701278687
1706102120479,1350.6916046142578,887.3542642593384
1706102120489,1348.21533203125,892.5139331817627
1706102120501,1354.0411376953125,895.5592060089111
1706102120511,1348.0292510986328,897.8498983383179
1706102120523,1354.7570037841797,896.7029428482056
1706102120566,1348.4918212890625,896.0804986953735
1706102120568,1349.2830657958984,898.4286117553711
1706102120584,1346.766128540039,894.3232440948486
1706102120589,1352.0446014404297,905.5245780944824
1706102120601,1350.4337310791016,901.3903284072876
1706102120612,1348.488540649414,898.878321647644
1706102120623,1343.4951782226562,895.4632472991943
1706102120634,1346.4820098876953,893.2457256317139
1706102120645,1354.7899627685547,894.6679401397705
1706102120655,1358.524169921875,898.364109992981
1706102120667,1357.3648071289062,896.1229419708252
1706102120678,1359.595947265625,896.5423107147217
1706102120714,1359.4671630859375,892.8444242477417
1706102120715,1356.0810852050781,891.5609550476074
1706102120722,1356.0990142822266,891.3672780990601
1706102120734,1357.0904541015625,897.2520875930786
1706102120745,1358.558120727539,902.8801345825195
1706102120756,1339.6819305419922,880.9910345077515
1706102120767,1323.731918334961,857.8739976882935
1706102120778,1317.4786376953125,836.812047958374
1706102120789,1328.3096313476562,833.01185131073
1706102120801,1325.7017517089844,832.9352903366089
1706102120812,1325.594711303711,835.2402305603027
1706102120822,1323.4056854248047,832.9795360565186
1706102120866,1334.2247009277344,837.8112888336182
1706102120867,1331.3831329345703,837.6908254623413
1706102120885,1331.3641357421875,843.9839744567871
1706102120889,1332.8239440917969,833.378176689148
1706102120902,1340.1287078857422,827.3817443847656
1706102120911,1334.3955993652344,824.1300058364868
1706102120923,1333.7820434570312,828.2171773910522
1706102120934,1329.8043823242188,833.9928102493286
1706102120944,1330.3639221191406,836.3691186904907
1706102120956,1331.0462951660156,838.0297708511353
1706102120968,1329.7313690185547,823.0381107330322
1706102120978,1344.5295715332031,820.3769302368164
1706102120989,1338.6260986328125,824.3177175521851
1706102121030,1331.804428100586,852.0439052581787
1706102121031,1329.0728759765625,858.537425994873
1706102121033,1401.529541015625,915.4271650314331
1706102121047,1415.5924987792969,935.1266813278198
1706102121054,1556.3628387451172,1056.6810464859009
1706102121066,nan,nan
1706102121076,nan,nan
1706102121087,nan,nan
1706102121098,nan,nan
1706102121109,nan,nan
1706102121120,nan,nan
1706102121132,nan,nan
1706102121141,nan,nan
1706102121159,nan,nan
1706102121180,nan,nan
1706102121186,nan,nan
1706102121198,nan,nan
1706102121209,nan,nan
1706102121219,nan,nan
1706102121231,nan,nan
1706102121242,nan,nan
1706102121253,nan,nan
1706102121262,nan,nan
1706102121312,nan,nan
1706102121313,nan,nan
1706102121329,nan,nan
1706102121333,nan,nan
1706102121347,nan,nan
1706102121355,nan,nan
1706102121367,nan,nan
1706102121379,nan,nan
1706102121389,nan,nan
1706102121400,nan,nan
1706102121413,nan,nan
1706102121423,nan,nan
1706102121464,nan,nan
1706102121465,nan,nan
1706102121468,nan,nan
1706102121481,nan,nan
1706102121489,nan,nan
1706102121501,nan,nan
1706102121513,nan,nan
1706102121523,nan,nan
1706102121535,nan,nan
1706102121546,nan,nan
1706102121556,nan,nan
1706102121568,nan,nan
1706102121580,nan,nan
1706102121616,nan,nan
1706102121617,nan,nan
1706102121621,nan,nan
1706102121634,nan,nan
1706102121646,nan,nan
1706102121655,nan,nan
1706102121667,nan,nan
1706102121679,nan,nan
1706102121688,nan,nan
1706102121701,nan,nan
1706102121713,nan,nan
1706102121721,nan,nan
1706102121734,nan,nan
1706102121746,nan,nan
1706102121783,nan,nan
1706102121784,nan,nan
1706102121788,nan,nan
1706102121801,nan,nan
1706102121813,nan,nan
1706102121822,nan,nan
1706102121834,nan,nan
1706102121846,nan,nan
1706102121855,nan,nan
1706102121867,nan,nan
1706102121880,nan,nan
1706102121888,nan,nan
1706102121932,nan,nan
1706102121933,nan,nan
1706102121934,nan,nan
1706102121949,nan,nan
1706102121956,nan,nan
1706102121967,nan,nan
1706102121979,nan,nan
1706102121988,nan,nan
1706102122000,nan,nan
1706102122012,nan,nan
1706102122021,nan,nan
1706102122033,nan,nan
1706102122045,nan,nan
1706102122079,nan,nan
1706102122080,nan,nan
1706102122095,nan,nan
1706102122100,nan,nan
1706102122112,nan,nan
1706102122121,nan,nan
1706102122133,nan,nan
1706102122145,nan,nan
1706102122155,nan,nan
1706102122167,nan,nan
1706102122186,nan,nan
1706102122229,nan,nan
1706102122230,1229.1829681396484,983.0639362335205
1706102122235,1229.1829681396484,983.0639362335205
1706102122246,1281.8757629394531,1010.3685665130615
1706102122257,1281.8757629394531,1010.3685665130615
1706102122268,1281.8757629394531,1010.3685665130615
1706102122279,nan,nan
1706102122290,1328.8630676269531,1011.9261360168457
1706102122302,1321.0432434082031,1020.1837348937988
1706102122313,1313.1095886230469,1023.2718372344971
1706102122324,1310.9559631347656,1024.3577671051025
1706102122335,1311.0923767089844,1023.2342433929443
1706102122378,1310.2908325195312,1017.9347133636475
1706102122379,1305.203857421875,1015.2169704437256
1706102122394,1293.7106323242188,1004.0134048461914
1706102122401,1293.6444091796875,1006.3461112976074
1706102122414,1295.2755737304688,1006.3081741333008
1706102122423,1291.009521484375,948.9839172363281
1706102122435,1298.8775634765625,922.4335670471191
1706102122446,1308.1813049316406,897.1438121795654
1706102122457,1294.0713500976562,869.7427940368652
1706102122468,1273.004150390625,870.1233673095703
1706102122479,1278.5838317871094,866.8669509887695
1706102122513,1283.0778503417969,866.4344501495361
1706102122514,1293.5964965820312,873.9101314544678
1706102122531,1290.6629943847656,895.8812427520752
1706102122535,1299.56298828125,889.8181629180908
1706102122547,1295.8282470703125,885.9000778198242
1706102122557,1289.4380187988281,877.789249420166
1706102122568,1283.8815307617188,881.4679527282715
1706102122579,1283.8111877441406,880.4100036621094
1706102122590,1291.1442565917969,885.7821464538574
1706102122602,1296.1524963378906,880.7660293579102
1706102122613,1295.5392456054688,883.3291053771973
1706102122624,1300.9190368652344,895.2999114990234
1706102122662,1293.2684326171875,892.4831199645996
1706102122663,1291.3536071777344,893.5677623748779
1706102122669,1293.9994812011719,885.2251052856445
1706102122680,1301.50634765625,888.2140731811523
1706102122692,1302.2346496582031,881.7857837677002
1706102122702,1301.6598510742188,883.4375095367432
1706102122713,1299.4963073730469,886.6932392120361
1706102122723,1313.8566589355469,892.8829193115234
1706102122734,1312.7401733398438,896.1624240875244
1706102122745,1312.5654602050781,886.6819953918457
1706102122757,1308.7654113769531,883.187313079834
1706102122768,1310.3001403808594,881.9232845306396
1706102122779,1309.1827392578125,885.6964015960693
1706102122816,1309.066162109375,890.9432315826416
1706102122817,1306.9383239746094,894.9410533905029
1706102122823,1300.63720703125,895.66237449646
1706102122835,1299.1593933105469,898.9342403411865
1706102122846,1304.5658874511719,902.1831035614014
1706102122857,1306.4669799804688,898.9420509338379
1706102122868,1306.3819885253906,891.2754821777344
1706102122879,1297.6081848144531,887.2157764434814
1706102122890,1288.0572509765625,883.8053798675537
1706102122901,1290.14404296875,889.8682022094727
1706102122913,1294.5419311523438,883.3338260650635
1706102122924,1298.8056945800781,889.4224834442139
1706102122964,1291.75048828125,877.0766830444336
1706102122968,1293.1025695800781,893.3128452301025
1706102122982,1292.7302551269531,895.6103610992432
1706102122990,1289.5808410644531,894.3387794494629
1706102123001,1287.6080322265625,892.1845149993896
1706102123012,1280.5828857421875,891.8247985839844
1706102123023,1278.4290313720703,890.3569221496582
1706102123034,1274.6562957763672,905.2367877960205
1706102123046,1281.4630126953125,903.2322978973389
1706102123057,1284.2710876464844,903.499059677124
1706102123068,1290.0862121582031,908.2131385803223
1706102123079,1286.7807006835938,906.4584159851074
1706102123111,1287.2604370117188,909.3575191497803
1706102123114,1318.2256317138672,901.0636138916016
1706102123129,1302.1651077270508,905.1589393615723
1706102123137,1297.3931503295898,890.3924560546875
1706102123148,1292.0594787597656,892.4378871917725
1706102123159,1293.2257843017578,875.5576086044312
1706102123170,1292.4281311035156,872.9062557220459
1706102123181,1288.912010192871,859.1507720947266
1706102123192,1289.610366821289,865.3248739242554
1706102123203,1285.3931427001953,872.8658723831177
1706102123245,1281.1431884765625,881.6890096664429
1706102123246,1282.2997283935547,879.2825317382812
1706102123247,1292.1457290649414,882.8284978866577
1706102123262,1280.4027557373047,877.9364061355591
1706102123270,1280.5806350708008,872.04430103302
1706102123282,1274.882469177246,857.5774955749512
1706102123292,1283.6272048950195,864.659857749939
1706102123303,1277.7854919433594,867.6034641265869
1706102123313,1286.2248611450195,876.3287973403931
1706102123324,1285.7366180419922,882.8199148178101
1706102123336,1285.8927154541016,886.1283445358276
1706102123347,1290.6583404541016,885.3326082229614
1706102123358,1291.9108581542969,885.4517841339111
1706102123398,1298.087387084961,887.223801612854
1706102123403,1284.5429992675781,885.9602451324463
1706102123416,1279.2353057861328,885.8757448196411
1706102123425,1279.5751953125,899.1630220413208
1706102123436,1279.1670227050781,908.6936616897583
1706102123447,1285.0161743164062,904.2996025085449
1706102123458,1284.859390258789,906.4581155776978
1706102123469,1277.1120071411133,893.0277585983276
1706102123481,1286.072654724121,892.4651384353638
1706102123492,1283.647575378418,887.6152753829956
1706102123503,1288.9471054077148,892.5827264785767
1706102123514,1286.1670303344727,899.4964742660522
1706102123546,1284.641342163086,901.3905000686646
1706102123547,1280.1246643066406,902.2493648529053
1706102123561,1276.4373779296875,900.3245687484741
1706102123570,1278.4568786621094,905.3512001037598
1706102123581,1276.9184112548828,911.3774585723877
1706102123592,1281.4377975463867,917.9233360290527
1706102123603,1284.232521057129,915.6335878372192
1706102123614,1284.7570037841797,909.8983812332153
1706102123625,1287.3259353637695,912.459397315979
1706102123636,1283.1304931640625,918.2501363754272
1706102123647,1289.2158889770508,926.1266040802002
1706102123658,1288.991584777832,922.1960735321045
1706102123696,1292.2203063964844,922.0462989807129
1706102123697,1286.458396911621,920.9151792526245
1706102123702,1282.0538330078125,923.7743711471558
1706102123713,1283.414192199707,919.1344499588013
1706102123726,1284.7976303100586,921.2763118743896
1706102123735,1288.841781616211,929.1244125366211
1706102123747,1298.4747695922852,926.6401720046997
1706102123758,1306.7951583862305,918.2398366928101
1706102123769,1301.1090087890625,915.9371280670166
1706102123780,1290.487174987793,923.4971809387207
1706102123791,1296.2439727783203,925.7187366485596
1706102123803,1297.2135925292969,924.2139530181885
1706102123813,1299.0576171875,924.0725469589233
1706102123847,1300.3398132324219,921.4005947113037
1706102123865,1305.3618621826172,921.4817476272583
1706102123869,1302.3649597167969,913.456449508667
1706102123880,1314.4705200195312,919.8552131652832
1706102123891,1462.5098419189453,1013.1579780578613
1706102123902,1624.9317169189453,1151.9967555999756
1706102123912,1669.1278076171875,1177.202181816101
1706102123923,nan,nan
1706102123934,nan,nan
1706102123945,nan,nan
1706102123956,nan,nan
1706102123997,nan,nan
1706102123998,nan,nan
1706102124001,nan,nan
1706102124014,nan,nan
1706102124021,nan,nan
1706102124038,nan,nan
1706102124057,nan,nan
1706102124070,nan,nan
1706102124082,nan,nan
1706102124091,nan,nan
1706102124103,nan,nan
1706102124115,nan,nan
1706102124148,nan,nan
1706102124149,nan,nan
1706102124166,nan,nan
1706102124169,nan,nan
1706102124182,nan,nan
1706102124191,nan,nan
1706102124203,nan,nan
1706102124216,nan,nan
1706102124225,nan,nan
1706102124236,nan,nan
1706102124249,nan,nan
1706102124258,nan,nan
1706102124278,nan,nan
1706102124299,nan,nan
1706102124300,nan,nan
1706102124303,nan,nan
1706102124316,nan,nan
1706102124325,nan,nan
1706102124337,nan,nan
1706102124348,nan,nan
1706102124358,nan,nan
1706102124370,nan,nan
1706102124382,nan,nan
1706102124392,nan,nan
1706102124403,nan,nan
1706102124413,nan,nan
1706102124446,nan,nan
1706102124447,nan,nan
1706102124464,nan,nan
1706102124469,nan,nan
1706102124480,nan,nan
1706102124490,nan,nan
1706102124503,nan,nan
1706102124514,nan,nan
1706102124524,nan,nan
1706102124536,nan,nan
1706102124548,nan,nan
1706102124558,nan,nan
1706102124600,nan,nan
1706102124602,nan,nan
1706102124617,nan,nan
1706102124623,nan,nan
1706102124636,nan,nan
1706102124647,nan,nan
1706102124657,nan,nan
1706102124669,nan,nan
1706102124681,nan,nan
1706102124690,nan,nan
1706102124702,nan,nan
1706102124715,nan,nan
1706102124750,nan,nan
1706102124751,nan,nan
1706102124757,nan,nan
1706102124770,nan,nan
1706102124781,nan,nan
1706102124790,nan,nan
1706102124803,nan,nan
1706102124815,nan,nan
1706102124824,nan,nan
1706102124836,nan,nan
1706102124848,nan,nan
1706102124857,nan,nan
1706102124898,nan,nan
1706102124899,nan,nan
1706102124902,nan,nan
1706102124917,nan,nan
1706102124924,nan,nan
1706102124936,nan,nan
1706102124948,nan,nan
1706102124957,nan,nan
1706102124969,nan,nan
1706102124981,nan,nan
1706102124989,nan,nan
1706102125001,nan,nan
1706102125014,nan,nan
1706102125049,nan,nan
1706102125050,nan,nan
1706102125057,nan,nan
1706102125069,nan,nan
1706102125082,nan,nan
1706102125090,nan,nan
1706102125101,nan,nan
1706102125114,nan,nan
1706102125123,nan,nan
1706102125134,nan,nan
1706102125147,nan,nan
1706102125157,nan,nan
1706102125198,nan,nan
1706102125199,nan,nan
1706102125201,nan,nan
1706102125217,nan,nan
1706102125223,nan,nan
1706102125235,nan,nan
1706102125248,nan,nan
1706102125256,nan,nan
1706102125268,nan,nan
1706102125281,nan,nan
1706102125290,nan,nan
1706102125332,nan,nan
1706102125333,nan,nan
1706102125335,nan,nan
1706102125348,nan,nan
1706102125357,nan,nan
1706102125369,nan,nan
1706102125381,nan,nan
1706102125390,nan,nan
1706102125400,nan,nan
1706102125414,nan,nan
1706102125422,nan,nan
1706102125434,nan,nan
1706102125448,nan,nan
1706102125479,nan,nan
1706102125480,nan,nan
1706102125495,nan,nan
1706102125501,nan,nan
1706102125514,nan,nan
1706102125522,nan,nan
1706102125534,nan,nan
1706102125547,nan,nan
1706102125556,nan,nan
1706102125567,nan,nan
1706102125580,nan,nan
1706102125617,nan,nan
1706102125618,nan,nan
1706102125623,nan,nan
1706102125635,nan,nan
1706102125648,nan,nan
1706102125656,nan,nan
1706102125668,nan,nan
1706102125680,nan,nan
1706102125689,nan,nan
1706102125701,nan,nan
1706102125714,nan,nan
1706102125723,nan,nan
1706102125766,nan,nan
1706102125767,nan,nan
1706102125768,nan,nan
1706102125784,nan,nan
1706102125790,nan,nan
1706102125801,nan,nan
1706102125814,nan,nan
1706102125822,nan,nan
1706102125834,nan,nan
1706102125847,nan,nan
1706102125856,nan,nan
1706102125867,nan,nan
1706102125881,nan,nan
1706102125917,nan,nan
1706102125918,nan,nan
1706102125922,nan,nan
1706102125936,nan,nan
1706102125947,nan,nan
1706102125956,nan,nan
1706102125967,nan,nan
1706102125980,nan,nan
1706102125989,nan,nan
1706102126001,nan,nan
1706102126014,nan,nan
1706102126022,nan,nan
1706102126066,nan,nan
1706102126067,nan,nan
1706102126068,nan,nan
1706102126086,nan,nan
1706102126090,nan,nan
1706102126101,nan,nan
1706102126114,nan,nan
1706102126123,nan,nan
1706102126135,nan,nan
1706102126147,nan,nan
1706102126156,nan,nan
1706102126168,nan,nan
1706102126181,nan,nan
1706102126220,nan,nan
1706102126221,nan,nan
1706102126223,nan,nan
1706102126238,nan,nan
1706102126247,nan,nan
1706102126257,nan,nan
1706102126268,nan,nan
1706102126280,nan,nan
1706102126289,nan,nan
1706102126300,nan,nan
1706102126313,nan,nan
1706102126322,nan,nan
1706102126334,nan,nan
1706102126367,nan,nan
1706102126368,nan,nan
1706102126385,nan,nan
1706102126389,nan,nan
1706102126402,nan,nan
1706102126413,nan,nan
1706102126422,nan,nan
1706102126434,nan,nan
1706102126447,nan,nan
1706102126456,nan,nan
1706102126468,nan,nan
1706102126480,nan,nan
1706102126519,nan,nan
1706102126520,nan,nan
1706102126522,nan,nan
1706102126537,nan,nan
1706102126547,nan,nan
1706102126555,nan,nan
1706102126567,nan,nan
1706102126580,nan,nan
1706102126589,nan,nan
1706102126600,nan,nan
1706102126613,nan,nan
1706102126622,nan,nan
1706102126664,nan,nan
1706102126665,nan,nan
1706102126667,nan,nan
1706102126680,nan,nan
1706102126689,nan,nan
1706102126701,nan,nan
1706102126714,nan,nan
1706102126723,nan,nan
1706102126734,nan,nan
1706102126747,nan,nan
1706102126756,nan,nan
1706102126768,nan,nan
1706102126781,nan,nan
1706102126817,nan,nan
1706102126818,nan,nan
1706102126823,nan,nan
1706102126835,nan,nan
1706102126852,nan,nan
1706102126866,nan,nan
1706102126878,1337.6602172851562,914.1364860534668
1706102126889,1337.6602172851562,914.1364860534668
1706102126901,1337.6602172851562,914.1364860534668
1706102126912,1315.8786010742188,969.1184234619141
1706102126950,1315.8786010742188,969.1184234619141
1706102126951,1315.8786010742188,969.1184234619141
1706102126957,1367.5079345703125,947.199239730835
1706102126967,1367.5079345703125,947.199239730835
1706102126979,1372.3013305664062,948.3589839935303
1706102126990,1363.2070922851562,932.3528480529785
1706102127001,1363.2070922851562,932.3528480529785
1706102127012,1364.5445251464844,932.5821018218994
1706102127023,1372.5314331054688,935.8695030212402
1706102127035,1375.6147766113281,943.5393333435059
1706102127045,1375.7853698730469,940.2838611602783
1706102127056,1365.4620361328125,938.3234882354736
1706102127067,1366.4164733886719,936.8844509124756
1706102127099,1362.9179382324219,938.5207271575928
1706102127101,1367.7052307128906,945.8648300170898
1706102127117,1369.8391723632812,947.4575042724609
1706102127123,1369.6871948242188,938.9766597747803
1706102127135,1369.7445678710938,947.1945190429688
1706102127145,1370.5570983886719,946.7149829864502
1706102127156,1366.1807250976562,945.0810241699219
1706102127167,1362.4552917480469,944.0362071990967
1706102127179,1361.080322265625,947.8200531005859
1706102127190,1349.9104309082031,954.3595790863037
1706102127201,1352.4981689453125,957.1507930755615
1706102127212,1350.1997375488281,957.2239208221436
1706102127230,1356.9967651367188,964.2753410339355
1706102127250,1352.9319763183594,966.544017791748
1706102127256,1357.2308349609375,963.2202243804932
1706102127268,1354.5266723632812,963.2327556610107
1706102127278,1353.4983825683594,956.2344646453857
1706102127290,1346.1888122558594,957.7880001068115
1706102127301,1347.7804565429688,959.0182113647461
1706102127312,1355.6771850585938,962.2098255157471
1706102127323,1352.6615905761719,963.0198097229004
1706102127335,1358.2000732421875,963.1412601470947
1706102127346,1353.6441040039062,966.4839363098145
1706102127385,1355.1234436035156,971.4110469818115
1706102127386,1343.0256652832031,967.0627784729004
1706102127390,1267.4403381347656,910.5150318145752
1706102127402,1262.769775390625,888.4709644317627
1706102127413,1262.3428344726562,884.8382663726807
1706102127423,1255.6909942626953,874.9019908905029
1706102127434,1265.06103515625,871.6581916809082
1706102127445,1261.8472290039062,874.0930366516113
1706102127456,1266.6044616699219,864.8064994812012
1706102127467,1259.041519165039,859.8236846923828
1706102127478,1257.1852111816406,856.5972232818604
1706102127489,1262.5326538085938,873.7837886810303
1706102127532,1250.3072357177734,882.1581172943115
1706102127533,1270.058822631836,886.9852352142334
1706102127548,1273.5608673095703,909.0798568725586
1706102127556,1263.1004333496094,896.0499000549316
1706102127567,1264.87548828125,888.3537197113037
1706102127579,1245.9519958496094,876.0888576507568
1706102127589,1239.1069030761719,865.7928657531738
1706102127601,1237.1853637695312,863.9451026916504
1706102127612,1236.5802764892578,866.2423610687256
1706102127623,1248.1642150878906,882.6474380493164
1706102127634,1263.5749053955078,895.1578617095947
1706102127645,1347.6228332519531,953.4360408782959
1706102127683,1558.6622619628906,1095.9973812103271
1706102127690,1820.7731628417969,1244.5194911956787
1706102127701,1818.9242553710938,1234.9775218963623
1706102127713,1815.9878540039062,1243.3272171020508
1706102127723,1811.9381713867188,1248.3498573303223
1706102127734,1818.8414001464844,1258.9478874206543
1706102127745,1820.1667785644531,1263.175048828125
1706102127756,1824.1056823730469,1264.6704769134521
1706102127767,1818.6189270019531,1255.605812072754
1706102127779,1821.3922119140625,1256.682472229004
1706102127790,1816.4907836914062,1263.3873081207275
1706102127832,1821.4895629882812,1268.7278652191162
1706102127833,1817.2016906738281,1267.514991760254
1706102127835,1817.7342224121094,1242.6173114776611
1706102127848,1815.5745697021484,1243.0184841156006
1706102127857,1771.9970703125,1243.2975625991821
1706102127869,1735.331802368164,1234.5941591262817
1706102127879,1678.629150390625,1200.5661535263062
1706102127891,1461.8992614746094,1070.9268808364868
1706102127902,1442.8695678710938,1045.9849977493286
1706102127913,1446.9432830810547,1046.965913772583
1706102127924,1437.6919555664062,1044.1234159469604
1706102127967,1434.7784423828125,1047.8459787368774
1706102127968,1430.5409240722656,1057.2459411621094
1706102127984,1786.0884094238281,1384.7742176055908
1706102127989,nan,nan
1706102128000,nan,nan
1706102128012,nan,nan
1706102128022,nan,nan
1706102128034,nan,nan
1706102128045,nan,nan
1706102128055,nan,nan
1706102128066,nan,nan
1706102128076,nan,nan
1706102128120,nan,nan
1706102128121,nan,nan
1706102128125,nan,nan
1706102128138,nan,nan
1706102128149,nan,nan
1706102128159,nan,nan
1706102128171,nan,nan
1706102128181,nan,nan
1706102128191,nan,nan
1706102128203,nan,nan
1706102128215,nan,nan
1706102128224,nan,nan
1706102128268,nan,nan
1706102128270,nan,nan
1706102128285,nan,nan
1706102128291,nan,nan
1706102128303,nan,nan
1706102128315,nan,nan
1706102128324,nan,nan
1706102128336,nan,nan
1706102128349,nan,nan
1706102128358,nan,nan
1706102128371,nan,nan
1706102128383,nan,nan
1706102128421,nan,nan
1706102128425,nan,nan
1706102128438,nan,nan
1706102128452,nan,nan
1706102128458,nan,nan
1706102128470,nan,nan
1706102128483,nan,nan
1706102128492,nan,nan
1706102128503,nan,nan
1706102128516,nan,nan
1706102128525,nan,nan
1706102128547,nan,nan
1706102128566,nan,nan
1706102128567,nan,nan
1706102128569,nan,nan
1706102128583,nan,nan
1706102128591,nan,nan
1706102128603,nan,nan
1706102128614,nan,nan
1706102128624,nan,nan
1706102128636,nan,nan
1706102128648,nan,nan
1706102128657,nan,nan
1706102128670,nan,nan
1706102128681,nan,nan
1706102128720,nan,nan
1706102128721,nan,nan
1706102128724,nan,nan
1706102128738,nan,nan
1706102128748,nan,nan
1706102128758,nan,nan
1706102128770,nan,nan
1706102128782,nan,nan
1706102128791,nan,nan
1706102128803,nan,nan
1706102128815,nan,nan
1706102128825,nan,nan
1706102128867,nan,nan
1706102128869,nan,nan
1706102128885,nan,nan
1706102128891,nan,nan
1706102128904,nan,nan
1706102128915,nan,nan
1706102128923,nan,nan
1706102128935,nan,nan
1706102128948,nan,nan
1706102128956,nan,nan
1706102128969,nan,nan
1706102128981,nan,nan
1706102128999,nan,nan
1706102129020,nan,nan
1706102129024,nan,nan
1706102129039,nan,nan
1706102129048,nan,nan
1706102129057,nan,nan
1706102129069,nan,nan
1706102129081,nan,nan
1706102129091,nan,nan
1706102129102,nan,nan
1706102129115,nan,nan
1706102129124,nan,nan
1706102129136,nan,nan
1706102129169,nan,nan
1706102129170,nan,nan
1706102129187,nan,nan
1706102129191,nan,nan
1706102129203,nan,nan
1706102129222,nan,nan
1706102129237,nan,nan
1706102129248,nan,nan
1706102129260,nan,nan
1706102129271,nan,nan
1706102129282,nan,nan
1706102129321,nan,nan
1706102129322,nan,nan
1706102129326,nan,nan
1706102129338,nan,nan
1706102129348,nan,nan
1706102129359,1559.4798278808594,948.3579540252686
1706102129370,1559.4798278808594,948.3579540252686
1706102129382,1555.0819396972656,945.7006359100342
1706102129393,1553.3078002929688,945.8557319641113
1706102129405,1553.3078002929688,945.8557319641113
1706102129417,1459.4019317626953,865.4160690307617
1706102129428,1387.3265075683594,831.2287187576294
1706102129470,1363.470230102539,858.3125495910645
1706102129473,1350.1070404052734,857.5528621673584
1706102129487,1351.443862915039,853.5191631317139
1706102129495,1360.6129455566406,850.4795551300049
1706102129507,1361.7544555664062,853.363037109375
1706102129517,1362.839126586914,855.2628993988037
1706102129529,1359.724349975586,860.9890508651733
1706102129540,1357.9375457763672,859.2730808258057
1706102129550,1357.1637725830078,863.485050201416
1706102129562,1354.6662902832031,862.2914028167725
1706102129573,1352.0283508300781,861.8477869033813
1706102129584,1351.588363647461,860.4874134063721
1706102129619,1350.9452056884766,869.2304706573486
1706102129620,1356.7418670654297,865.0845050811768
1706102129637,1351.631851196289,862.5295400619507
1706102129640,1347.037582397461,858.6422252655029
1706102129652,1347.5211334228516,865.0781106948853
1706102129662,1350.0679016113281,858.518328666687
1706102129672,1355.270004272461,849.4004487991333
1706102129683,1355.9054565429688,840.244631767273
1706102129695,1342.8314971923828,817.4610042572021
1706102129706,1354.400863647461,807.3901462554932
1706102129716,1353.0330657958984,807.7873706817627
1706102129728,1356.6588592529297,791.90354347229
1706102129768,1356.8110656738281,788.533444404602
1706102129769,1359.5626831054688,788.0851936340332
1706102129773,1366.512451171875,795.8447170257568
1706102129785,1366.9554138183594,780.5255270004272
1706102129795,1363.6883544921875,776.6722011566162
1706102129806,1363.751449584961,781.7054843902588
1706102129816,1358.9049530029297,792.0204448699951
1706102129828,1355.6924438476562,790.733585357666
1706102129839,1357.0298767089844,786.1566209793091
1706102129850,1357.5499725341797,786.4974117279053
1706102129861,1359.752197265625,775.9934949874878
1706102129873,1354.8699188232422,768.0903339385986
1706102129883,1351.928939819336,769.8195648193359
1706102129922,1347.6475524902344,775.4568815231323
1706102129923,1350.8098602294922,781.7617034912109
1706102129928,1352.409896850586,776.2866926193237
1706102129940,1347.863998413086,771.5009880065918
1706102129952,1348.8512420654297,770.5512714385986
1706102129962,1349.4773864746094,769.4227266311646
1706102129973,1349.0630340576172,761.1346578598022
1706102129983,1347.9251861572266,759.4500589370728
1706102129995,1337.944107055664,755.8198499679565
1706102130006,1341.0051727294922,765.6384944915771
1706102130017,1341.3275146484375,766.0924530029297
1706102130029,1342.8588104248047,763.956470489502
1706102130067,1346.970443725586,764.745683670044
1706102130068,1351.70166015625,769.3914842605591
1706102130072,1354.4600677490234,768.1930732727051
1706102130084,1349.3560028076172,765.1791286468506
1706102130097,1341.8229675292969,773.5404539108276
1706102130106,1343.5138702392578,783.1912565231323
1706102130117,1347.5304412841797,776.5261602401733
1706102130128,1344.7761535644531,772.3445320129395
1706102130140,1348.9710998535156,772.9215717315674
1706102130151,1353.0036163330078,776.8797826766968
1706102130162,1352.2595977783203,771.315507888794
1706102130173,1349.8222351074219,763.1550693511963
1706102130206,1347.436752319336,761.1053895950317
1706102130207,1350.1216125488281,765.6687498092651
1706102130217,1354.1360473632812,768.7103319168091
1706102130229,1355.1676177978516,766.5146970748901
1706102130240,1356.556396484375,768.6225700378418
1706102130250,1354.6356964111328,763.6253356933594
1706102130261,1360.3437805175781,763.8148927688599
1706102130272,1360.1863861083984,766.2914514541626
1706102130283,1362.95166015625,769.5040941238403
1706102130294,1354.577407836914,760.4694271087646
1706102130306,1356.5670013427734,751.2088966369629
1706102130317,1355.0218200683594,753.5568380355835
1706102130356,1354.3594360351562,761.8148231506348
1706102130362,1359.3191528320312,759.0853214263916
1706102130377,1359.3507385253906,763.2767343521118
1706102130384,1357.1977233886719,767.1100187301636
1706102130398,1363.6380767822266,769.991569519043
1706102130406,1364.3128967285156,773.7991905212402
1706102130417,1353.1243896484375,789.4673252105713
1706102130428,1339.4731903076172,843.0718946456909
1706102130440,1328.2839965820312,850.7040882110596
1706102130449,1331.147689819336,851.2812995910645
1706102130461,1333.4461212158203,847.0087337493896
1706102130472,1331.6938018798828,845.9177398681641
1706102130514,1331.134262084961,846.1838150024414
1706102130517,1337.8645324707031,861.6311502456665
1706102130533,1336.4247131347656,858.9852476119995
1706102130539,1332.696762084961,855.8143186569214
1706102130551,1337.9048919677734,859.5009183883667
1706102130561,1341.2604522705078,867.2867488861084
1706102130573,1335.1054382324219,863.5018301010132
1706102130584,1328.2684326171875,854.1037559509277
1706102130595,1326.9542694091797,851.2525463104248
1706102130606,1325.9601593017578,856.0328435897827
1706102130617,1327.1024322509766,864.2794990539551
1706102130655,1330.4694366455078,864.5814085006714
1706102130656,1334.455795288086,864.0004205703735
1706102130660,1328.817138671875,865.8228206634521
1706102130673,1336.2622833251953,851.0614442825317
1706102130683,1343.8838195800781,833.047513961792
1706102130694,1341.3665008544922,793.8664484024048
1706102130705,1341.183853149414,790.8510446548462
1706102130716,1332.3998260498047,785.4461145401001
1706102130727,1332.413558959961,784.0334701538086
1706102130739,1335.0838470458984,788.0432224273682
1706102130750,1338.0219268798828,793.0980062484741
1706102130761,1341.4329528808594,791.5473890304565
1706102130783,1333.8033294677734,786.236572265625
1706102130806,1336.7559814453125,787.2174882888794
1706102130807,1338.5322570800781,781.6399097442627
1706102130817,1334.6244812011719,774.5843696594238
1706102130829,1332.8056335449219,773.0167150497437
1706102130839,1335.0619506835938,773.1974744796753
1706102130850,1326.9254302978516,776.5387344360352
1706102130861,1326.686782836914,781.0764741897583
1706102130872,1328.5047912597656,777.0590400695801
1706102130883,1331.9219970703125,778.9871835708618
1706102130894,1331.4965057373047,784.7147512435913
1706102130906,1335.7427215576172,781.8084383010864
1706102130917,1336.1038970947266,783.1598854064941
1706102130957,1340.7034301757812,782.3111057281494
1706102130958,1339.7100067138672,782.8883171081543
1706102130961,1337.7857208251953,784.3603992462158
1706102130973,1338.0004119873047,786.8516778945923
1706102130983,1340.3919982910156,790.1563739776611
1706102130995,1338.914566040039,784.206075668335
1706102131005,1334.4286346435547,784.1408014297485
1706102131016,1329.6395111083984,784.1890382766724
1706102131027,1330.5728149414062,783.6406660079956
1706102131038,1329.9573516845703,789.2236518859863
1706102131049,1333.0918884277344,791.0802984237671
1706102131060,1339.1735076904297,794.0320587158203
1706102131080,1334.9517822265625,799.6001100540161
1706102131101,1333.7591552734375,799.8440837860107
1706102131105,1331.0165405273438,796.3120222091675
1706102131117,1324.3146514892578,782.7851486206055
1706102131127,1340.712661743164,767.9245948791504
1706102131139,1336.9754791259766,740.4690098762512
1706102131150,1343.8296508789062,731.8104958534241
1706102131161,1339.9716186523438,730.2852630615234
1706102131172,1345.7173156738281,730.8222198486328
1706102131184,1343.627700805664,728.8442301750183
1706102131193,1317.7842712402344,708.8941097259521
1706102131204,1307.0059967041016,711.2022256851196
1706102131236,1310.5973815917969,694.3331909179688
1706102131237,1307.2452545166016,696.1345839500427
1706102131238,1327.8111267089844,716.5383410453796
1706102131255,1331.3162994384766,717.2966551780701
1706102131260,1330.5452728271484,715.7135510444641
1706102131271,1316.3365173339844,707.385892868042
1706102131282,1312.735595703125,708.7101745605469
1706102131293,1315.9902954101562,710.1667428016663
1706102131305,1331.8140411376953,712.5767612457275
1706102131316,1337.2286987304688,709.6300649642944
1706102131326,1333.9485931396484,709.2235279083252
1706102131339,1323.1316375732422,706.7704439163208
1706102131349,1322.4600982666016,708.3628392219543
1706102131388,1323.6441040039062,705.8521628379822
1706102131393,1356.5336608886719,726.2316298484802
1706102131405,1360.7965850830078,721.4888191223145
1706102131415,1355.6455993652344,726.1810970306396
1706102131427,1355.6629180908203,724.3914198875427
1706102131438,1355.8051300048828,729.5649719238281
1706102131449,1350.4549407958984,727.1590089797974
1706102131460,1342.463150024414,720.4047560691833
1706102131471,1335.7573699951172,713.919689655304
1706102131483,1342.7934265136719,716.4027714729309
1706102131494,1342.574234008789,713.2181096076965
1706102131535,1346.3953399658203,714.7810649871826
1706102131536,1347.8858184814453,714.4658088684082
1706102131538,1348.2649230957031,716.8137073516846
1706102131553,1348.747787475586,716.7476606369019
1706102131561,1360.4112243652344,697.943058013916
1706102131573,1364.4549560546875,686.3305735588074
1706102131583,1371.1273193359375,667.1366214752197
1706102131594,1371.3117980957031,656.0153889656067
1706102131605,1371.1685180664062,659.7009801864624
1706102131616,1374.3203735351562,658.546257019043
1706102131627,1375.7461547851562,658.1530237197876
1706102131638,1376.5532684326172,655.4853415489197
1706102131649,1375.5758666992188,654.4564890861511
1706102131690,1371.716079711914,657.9823279380798
1706102131691,1371.9340515136719,660.2411985397339
1706102131693,1371.7049407958984,670.5589699745178
1706102131708,1368.9490509033203,670.8928728103638
1706102131715,1369.3440246582031,670.5359888076782
1706102131726,1365.5694580078125,667.8296828269958
1706102131738,1367.6563262939453,666.8445611000061
1706102131749,1369.0267944335938,664.0117192268372
1706102131760,1372.4353790283203,663.2970714569092
1706102131772,1372.0603942871094,662.1952843666077
1706102131782,1368.3918762207031,663.5939598083496
1706102131793,1367.033462524414,662.1164059638977
1706102131805,1360.1746368408203,661.8707370758057
1706102131840,1363.691177368164,667.3370575904846
1706102131849,1342.3667907714844,697.0487880706787
1706102131860,1329.2974090576172,719.674186706543
1706102131873,1345.3980255126953,718.5033273696899
1706102131882,1358.1746673583984,764.1176605224609
1706102131893,1423.9727020263672,888.7589263916016
1706102131903,1418.4022521972656,940.7062768936157
1706102131914,1557.7919006347656,996.9520282745361
1706102131925,nan,nan
1706102131936,nan,nan
1706102131947,nan,nan
1706102131989,nan,nan
1706102131990,nan,nan
1706102132009,nan,nan
1706102132013,nan,nan
1706102132026,nan,nan
1706102132035,nan,nan
1706102132046,nan,nan
1706102132057,nan,nan
1706102132069,nan,nan
1706102132079,nan,nan
1706102132098,nan,nan
1706102132117,nan,nan
1706102132155,nan,nan
1706102132156,nan,nan
1706102132160,nan,nan
1706102132172,nan,nan
1706102132185,nan,nan
1706102132194,nan,nan
1706102132205,nan,nan
1706102132217,nan,nan
1706102132227,nan,nan
1706102132238,nan,nan
1706102132250,nan,nan
1706102132261,nan,nan
1706102132272,nan,nan
1706102132308,nan,nan
1706102132309,nan,nan
1706102132324,nan,nan
1706102132327,nan,nan
1706102132340,nan,nan
1706102132351,nan,nan
1706102132361,nan,nan
1706102132372,nan,nan
1706102132390,nan,nan
1706102132406,nan,nan
1706102132416,nan,nan
1706102132456,nan,nan
1706102132457,nan,nan
1706102132461,nan,nan
1706102132475,nan,nan
1706102132483,594.0316390991211,695.0981569290161
1706102132494,594.0316390991211,695.0981569290161
1706102132505,594.0316390991211,695.0981569290161
1706102132517,721.5456390380859,608.4223365783691
1706102132528,721.5456390380859,608.4223365783691
1706102132540,721.5456390380859,608.4223365783691
1706102132552,824.09423828125,580.7401585578918
1706102132563,904.4021224975586,707.4216842651367
1706102132605,892.9215621948242,724.6999382972717
1706102132608,856.0702514648438,693.9214181900024
1706102132625,843.2481384277344,680.2951955795288
1706102132630,628.2320022583008,515.6680083274841
1706102132641,603.3649444580078,484.3150019645691
1706102132653,556.2258720397949,458.50573539733887
1706102132664,543.2253646850586,460.3112053871155
1706102132674,537.9156494140625,461.09097719192505
1706102132686,550.1297760009766,473.0404758453369
1706102132697,559.095401763916,486.67420864105225
1706102132708,562.1590805053711,491.28801584243774
1706102132719,596.7866134643555,520.6249666213989
1706102132758,597.3401832580566,530.9185123443604
1706102132759,597.0143508911133,531.2876057624817
1706102132763,607.3278427124023,532.1688508987427
1706102132776,614.4938087463379,531.2447118759155
1706102132786,608.2861137390137,535.3365182876587
1706102132798,606.7957496643066,551.566801071167
1706102132808,608.6545944213867,552.4541401863098
1706102132819,610.910530090332,553.4306573867798
1706102132830,623.8089752197266,559.7022414207458
1706102132841,625.1183128356934,567.1123909950256
1706102132853,578.1401252746582,568.2977557182312
1706102132864,550.1566505432129,576.5161728858948
1706102132875,545.7587814331055,577.312638759613
1706102132906,550.1534461975098,585.6879544258118
1706102132907,559.059944152832,597.4360728263855
1706102132925,569.6238899230957,604.6122694015503
1706102132929,576.8084144592285,601.5304756164551
1706102132941,582.0556640625,601.0143327713013
1706102132952,573.1109428405762,587.5892972946167
1706102132962,569.1652297973633,584.2940855026245
1706102132974,565.0435829162598,582.9009890556335
1706102132985,576.289176940918,589.9889516830444
1706102132996,575.130443572998,594.9959492683411
1706102133007,577.4739265441895,608.5991263389587
1706102133018,603.5840225219727,632.294511795044
1706102133056,803.3852005004883,768.6405944824219
1706102133057,874.5846557617188,800.0447988510132
1706102133061,nan,nan
1706102133076,nan,nan
1706102133083,nan,nan
1706102133095,nan,nan
1706102133106,nan,nan
1706102133117,nan,nan
1706102133128,nan,nan
1706102133138,nan,nan
1706102133149,nan,nan
1706102133160,nan,nan
1706102133171,nan,nan
1706102133206,nan,nan
1706102133207,nan,nan
1706102133225,nan,nan
1706102133241,nan,nan
1706102133260,nan,nan
1706102133272,nan,nan
1706102133283,nan,nan
1706102133295,nan,nan
1706102133306,nan,nan
1706102133317,nan,nan
1706102133355,nan,nan
1706102133356,nan,nan
1706102133362,nan,nan
1706102133373,nan,nan
1706102133384,nan,nan
1706102133395,nan,nan
1706102133406,nan,nan
1706102133417,nan,nan
1706102133428,nan,nan
1706102133440,nan,nan
1706102133450,nan,nan
1706102133462,nan,nan
1706102133504,nan,nan
1706102133505,nan,nan
1706102133506,nan,nan
1706102133520,nan,nan
1706102133529,nan,nan
1706102133540,nan,nan
1706102133551,nan,nan
1706102133562,nan,nan
1706102133574,nan,nan
1706102133584,nan,nan
1706102133596,nan,nan
1706102133607,nan,nan
1706102133617,nan,nan
1706102133655,nan,nan
1706102133656,nan,nan
1706102133662,nan,nan
1706102133674,nan,nan
1706102133683,nan,nan
1706102133695,nan,nan
1706102133706,nan,nan
1706102133717,nan,nan
1706102133729,nan,nan
1706102133739,nan,nan
1706102133750,nan,nan
1706102133762,nan,nan
1706102133783,nan,nan
1706102133806,nan,nan
1706102133807,nan,nan
1706102133823,nan,nan
1706102133830,nan,nan
1706102133840,nan,nan
1706102133850,nan,nan
1706102133862,nan,nan
1706102133872,nan,nan
1706102133884,nan,nan
1706102133894,nan,nan
1706102133906,nan,nan
1706102133916,nan,nan
1706102133957,nan,nan
1706102133958,nan,nan
1706102133962,nan,nan
1706102133975,nan,nan
1706102133984,nan,nan
1706102133995,nan,nan
1706102134006,nan,nan
1706102134018,nan,nan
1706102134029,nan,nan
1706102134040,nan,nan
1706102134051,nan,nan
1706102134062,nan,nan
1706102134073,nan,nan
1706102134106,nan,nan
1706102134107,nan,nan
1706102134124,nan,nan
1706102134129,nan,nan
1706102134140,nan,nan
1706102134150,nan,nan
1706102134162,nan,nan
1706102134173,nan,nan
1706102134184,nan,nan
1706102134196,nan,nan
1706102134205,nan,nan
1706102134217,nan,nan
1706102134258,nan,nan
1706102134262,nan,nan
1706102134276,nan,nan
1706102134284,nan,nan
1706102134296,nan,nan
1706102134306,nan,nan
1706102134317,nan,nan
1706102134329,nan,nan
1706102134340,nan,nan
1706102134351,nan,nan
1706102134362,nan,nan
1706102134372,nan,nan
1706102134408,nan,nan
1706102134409,nan,nan
1706102134424,nan,nan
1706102134429,nan,nan
1706102134440,nan,nan
1706102134450,nan,nan
1706102134461,nan,nan
1706102134472,nan,nan
1706102134484,nan,nan
1706102134495,nan,nan
1706102134505,nan,nan
1706102134517,nan,nan
1706102134535,nan,nan
1706102134557,nan,nan
1706102134559,nan,nan
1706102134561,nan,nan
1706102134576,nan,nan
1706102134584,nan,nan
1706102134594,nan,nan
1706102134606,nan,nan
1706102134617,nan,nan
1706102134628,nan,nan
1706102134639,nan,nan
1706102134651,nan,nan
1706102134690,nan,nan
1706102134691,nan,nan
1706102134695,nan,nan
1706102134710,nan,nan
1706102134717,nan,nan
1706102134729,nan,nan
1706102134740,nan,nan
1706102134751,nan,nan
1706102134762,nan,nan
1706102134773,nan,nan
1706102134783,nan,nan
1706102134795,nan,nan
1706102134805,nan,nan
1706102134841,nan,nan
1706102134850,nan,nan
1706102134861,nan,nan
1706102134872,nan,nan
1706102134884,nan,nan
1706102134894,nan,nan
1706102134905,nan,nan
1706102134917,nan,nan
1706102134928,nan,nan
1706102134939,nan,nan
1706102134950,nan,nan
1706102134989,nan,nan
1706102134990,nan,nan
1706102134995,nan,nan
1706102135006,nan,nan
1706102135016,nan,nan
1706102135026,nan,nan
1706102135038,nan,nan
1706102135049,nan,nan
1706102135060,nan,nan
1706102135071,nan,nan
1706102135082,nan,nan
1706102135092,nan,nan
1706102135138,nan,nan
1706102135144,nan,nan
1706102135157,nan,nan
1706102135164,nan,nan
1706102135177,nan,nan
1706102135189,nan,nan
1706102135197,nan,nan
1706102135210,nan,nan
1706102135223,nan,nan
1706102135231,nan,nan
1706102135271,nan,nan
1706102135272,nan,nan
1706102135277,nan,nan
1706102135289,nan,nan
1706102135300,nan,nan
1706102135310,nan,nan
1706102135323,nan,nan
1706102135331,nan,nan
1706102135345,nan,nan
1706102135357,nan,nan
1706102135365,nan,nan
1706102135378,nan,nan
1706102135400,nan,nan
1706102135422,nan,nan
1706102135423,nan,nan
1706102135424,nan,nan
1706102135439,nan,nan
1706102135445,nan,nan
1706102135457,nan,nan
1706102135465,nan,nan
1706102135477,nan,nan
1706102135490,nan,nan
1706102135498,nan,nan
1706102135510,nan,nan
1706102135523,nan,nan
1706102135558,nan,nan
1706102135559,nan,nan
1706102135565,nan,nan
1706102135579,nan,nan
1706102135589,nan,nan
1706102135598,nan,nan
1706102135611,nan,nan
1706102135623,nan,nan
1706102135631,nan,nan
1706102135645,nan,nan
1706102135657,nan,nan
1706102135665,nan,nan
1706102135687,nan,nan
1706102135709,nan,nan
1706102135710,nan,nan
1706102135711,nan,nan
1706102135727,nan,nan
1706102135731,nan,nan
1706102135743,nan,nan
1706102135756,nan,nan
1706102135764,nan,nan
1706102135776,nan,nan
1706102135789,nan,nan
1706102135798,nan,nan
1706102135838,nan,nan
1706102135839,nan,nan
1706102135844,nan,nan
1706102135856,nan,nan
1706102135867,nan,nan
1706102135879,nan,nan
1706102135890,nan,nan
1706102135898,nan,nan
1706102135912,nan,nan
1706102135922,nan,nan
1706102135931,nan,nan
1706102135946,nan,nan
1706102135956,nan,nan
1706102135989,nan,nan
1706102135990,nan,nan
1706102136005,nan,nan
1706102136012,nan,nan
1706102136023,nan,nan
1706102136031,nan,nan
1706102136045,nan,nan
1706102136057,nan,nan
1706102136065,nan,nan
1706102136077,nan,nan
1706102136090,nan,nan
1706102136123,nan,nan
1706102136124,nan,nan
1706102136130,nan,nan
1706102136142,nan,nan
1706102136157,nan,nan
1706102136163,nan,nan
1706102136176,nan,nan
1706102136189,nan,nan
1706102136196,nan,nan
1706102136209,nan,nan
1706102136222,nan,nan
1706102136230,nan,nan
1706102136242,nan,nan
1706102136278,nan,nan
1706102136279,nan,nan
1706102136296,nan,nan
1706102136309,nan,nan
1706102136322,nan,nan
1706102136330,nan,nan
1706102136343,nan,nan
1706102136356,nan,nan
1706102136364,nan,nan
1706102136376,nan,nan
1706102136389,nan,nan
1706102136423,nan,nan
1706102136424,nan,nan
1706102136431,nan,nan
1706102136442,nan,nan
1706102136458,nan,nan
1706102136464,nan,nan
1706102136476,nan,nan
1706102136489,nan,nan
1706102136496,nan,nan
1706102136508,nan,nan
1706102136521,nan,nan
1706102136555,nan,nan
1706102136556,nan,nan
1706102136571,nan,nan
1706102136576,nan,nan
1706102136589,nan,nan
1706102136597,nan,nan
1706102136609,nan,nan
1706102136631,nan,nan
1706102136641,nan,nan
1706102136652,nan,nan
1706102136663,nan,nan
1706102136680,nan,nan
1706102136706,nan,nan
1706102136707,nan,nan
1706102136708,nan,nan
1706102136723,nan,nan
1706102136737,nan,nan
1706102136760,nan,nan
1706102136773,nan,nan
1706102136788,nan,nan
1706102136800,nan,nan
1706102136811,nan,nan
1706102136822,1286.2104797363281,784.7531604766846
1706102136857,1286.2104797363281,784.7531604766846
1706102136858,1289.9372863769531,798.3246231079102
1706102136866,1289.9372863769531,798.3246231079102
1706102136876,1307.5215148925781,813.2431983947754
1706102136888,1294.3026733398438,807.8979206085205
1706102136900,1294.3026733398438,807.8979206085205
1706102136911,1292.5440979003906,823.4603977203369
1706102136922,1350.406265258789,819.4277715682983
1706102136933,1393.715591430664,886.8972587585449
1706102136945,1386.3035583496094,878.854923248291
1706102136956,1387.9975128173828,885.5582571029663
1706102136973,1370.2381134033203,863.3221006393433
1706102136994,1371.253662109375,860.4971981048584
1706102136995,1374.6746826171875,858.2728958129883
1706102137001,1390.379638671875,863.0615615844727
1706102137012,1392.8683471679688,863.6443948745728
1706102137023,1393.7654113769531,866.3379764556885
1706102137034,1386.295166015625,877.563214302063
1706102137045,1443.6731719970703,919.6081924438477
1706102137055,1456.1064910888672,925.9589767456055
1706102137066,1620.144271850586,1055.8360862731934
1706102137077,nan,nan
1706102137088,nan,nan
1706102137098,nan,nan
1706102137110,nan,nan
1706102137146,nan,nan
1706102137147,nan,nan
1706102137152,nan,nan
1706102137171,nan,nan
1706102137193,nan,nan
1706102137202,nan,nan
1706102137214,nan,nan
1706102137226,nan,nan
1706102137236,nan,nan
1706102137245,nan,nan
1706102137290,nan,nan
1706102137293,nan,nan
1706102137307,nan,nan
1706102137312,nan,nan
1706102137326,nan,nan
1706102137335,nan,nan
1706102137346,nan,nan
1706102137359,nan,nan
1706102137368,nan,nan
1706102137379,nan,nan
1706102137393,nan,nan
1706102137402,nan,nan
1706102137438,nan,nan
1706102137446,nan,nan
1706102137461,nan,nan
1706102137468,nan,nan
1706102137479,nan,nan
1706102137491,nan,nan
1706102137501,nan,nan
1706102137513,nan,nan
1706102137525,nan,nan
1706102137534,nan,nan
1706102137546,nan,nan
1706102137589,nan,nan
1706102137590,nan,nan
1706102137592,nan,nan
1706102137604,nan,nan
1706102137613,nan,nan
1706102137626,nan,nan
1706102137634,nan,nan
1706102137646,nan,nan
1706102137658,nan,nan
1706102137668,nan,nan
1706102137681,nan,nan
1706102137692,nan,nan
1706102137725,nan,nan
1706102137726,nan,nan
1706102137741,nan,nan
1706102137747,nan,nan
1706102137760,nan,nan
1706102137768,nan,nan
1706102137781,nan,nan
1706102137792,nan,nan
1706102137801,nan,nan
1706102137814,nan,nan
1706102137826,nan,nan
1706102137835,nan,nan
1706102137875,nan,nan
1706102137876,nan,nan
1706102137881,nan,nan
1706102137893,nan,nan
1706102137902,nan,nan
1706102137914,nan,nan
1706102137927,nan,nan
1706102137936,nan,nan
1706102137948,nan,nan
1706102137961,nan,nan
1706102137969,nan,nan
1706102137981,nan,nan
1706102137993,nan,nan
1706102138025,nan,nan
1706102138026,nan,nan
1706102138034,nan,nan
1706102138045,nan,nan
1706102138058,nan,nan
1706102138068,nan,nan
1706102138079,nan,nan
1706102138090,nan,nan
1706102138101,nan,nan
1706102138111,nan,nan
1706102138130,nan,nan
1706102138180,nan,nan
1706102138181,nan,nan
1706102138184,nan,nan
1706102138200,nan,nan
1706102138204,nan,nan
1706102138217,nan,nan
1706102138230,nan,nan
1706102138238,nan,nan
1706102138250,nan,nan
1706102138263,nan,nan
1706102138271,nan,nan
1706102138284,nan,nan
1706102138327,nan,nan
1706102138328,nan,nan
1706102138331,nan,nan
1706102138344,nan,nan
1706102138351,nan,nan
1706102138364,nan,nan
1706102138372,nan,nan
1706102138384,nan,nan
1706102138396,nan,nan
1706102138405,nan,nan
1706102138417,nan,nan
1706102138429,nan,nan
1706102138438,nan,nan
1706102138477,nan,nan
1706102138478,nan,nan
1706102138483,nan,nan
1706102138496,nan,nan
1706102138504,nan,nan
1706102138517,nan,nan
1706102138530,nan,nan
1706102138538,nan,nan
1706102138550,nan,nan
1706102138564,nan,nan
1706102138572,nan,nan
1706102138584,nan,nan
1706102138608,nan,nan
1706102138629,nan,nan
1706102138630,nan,nan
1706102138638,nan,nan
1706102138651,nan,nan
1706102138665,nan,nan
1706102138672,nan,nan
1706102138684,nan,nan
1706102138696,nan,nan
1706102138705,nan,nan
1706102138718,nan,nan
1706102138730,nan,nan
1706102138739,nan,nan
1706102138779,nan,nan
1706102138780,nan,nan
1706102138784,nan,nan
1706102138798,nan,nan
1706102138805,nan,nan
1706102138818,nan,nan
1706102138829,nan,nan
1706102138838,nan,nan
1706102138851,nan,nan
1706102138863,nan,nan
1706102138871,nan,nan
1706102138884,nan,nan
1706102138927,nan,nan
1706102138928,nan,nan
1706102138930,nan,nan
1706102138945,nan,nan
1706102138950,nan,nan
1706102138964,nan,nan
1706102138971,nan,nan
1706102138983,nan,nan
1706102138997,nan,nan
1706102139005,nan,nan
1706102139017,nan,nan
1706102139029,nan,nan
1706102139038,nan,nan
1706102139075,nan,nan
1706102139076,nan,nan
1706102139083,nan,nan
1706102139097,nan,nan
1706102139106,nan,nan
1706102139117,nan,nan
1706102139130,nan,nan
1706102139139,nan,nan
1706102139149,nan,nan
1706102139163,nan,nan
1706102139172,nan,nan
1706102139183,nan,nan
1706102139225,nan,nan
1706102139226,nan,nan
1706102139229,nan,nan
1706102139241,nan,nan
1706102139250,nan,nan
1706102139262,nan,nan
1706102139272,nan,nan
1706102139283,nan,nan
1706102139295,nan,nan
1706102139305,nan,nan
1706102139317,nan,nan
1706102139328,nan,nan
1706102139338,nan,nan
1706102139376,nan,nan
1706102139377,nan,nan
1706102139383,nan,nan
1706102139395,nan,nan
1706102139405,nan,nan
1706102139416,nan,nan
1706102139428,nan,nan
1706102139438,nan,nan
1706102139449,nan,nan
1706102139462,nan,nan
1706102139470,nan,nan
1706102139509,nan,nan
1706102139516,nan,nan
1706102139528,nan,nan
1706102139537,nan,nan
1706102139549,nan,nan
1706102139561,nan,nan
1706102139570,nan,nan
1706102139582,nan,nan
1706102139595,nan,nan
1706102139603,nan,nan
1706102139616,nan,nan
1706102139628,nan,nan
1706102139662,nan,nan
1706102139663,nan,nan
1706102139671,nan,nan
1706102139682,nan,nan
1706102139696,nan,nan
1706102139704,nan,nan
1706102139716,nan,nan
1706102139730,nan,nan
1706102139737,nan,nan
1706102139748,nan,nan
1706102139761,nan,nan
1706102139769,nan,nan
1706102139807,nan,nan
1706102139808,nan,nan
1706102139813,nan,nan
1706102139828,nan,nan
1706102139836,nan,nan
1706102139848,nan,nan
1706102139860,nan,nan
1706102139869,nan,nan
1706102139880,nan,nan
1706102139893,nan,nan
1706102139902,nan,nan
1706102139946,nan,nan
1706102139947,nan,nan
1706102139963,nan,nan
1706102139970,nan,nan
1706102139981,nan,nan
1706102139992,nan,nan
1706102140002,nan,nan
1706102140014,nan,nan
1706102140026,nan,nan
1706102140036,nan,nan
1706102140048,nan,nan
1706102140060,nan,nan
1706102140097,nan,nan
1706102140098,nan,nan
1706102140102,nan,nan
1706102140115,nan,nan
1706102140128,nan,nan
1706102140134,nan,nan
1706102140147,nan,nan
1706102140159,nan,nan
1706102140168,nan,nan
1706102140180,nan,nan
1706102140193,nan,nan
1706102140201,nan,nan
1706102140241,nan,nan
1706102140242,nan,nan
1706102140246,nan,nan
1706102140259,nan,nan
1706102140271,nan,nan
1706102140280,nan,nan
1706102140293,nan,nan
1706102140302,nan,nan
1706102140313,nan,nan
1706102140326,nan,nan
1706102140336,nan,nan
1706102140347,nan,nan
1706102140360,nan,nan
1706102140394,nan,nan
1706102140409,nan,nan
1706102140413,nan,nan
1706102140426,nan,nan
1706102140436,nan,nan
1706102140447,nan,nan
1706102140460,nan,nan
1706102140469,nan,nan
1706102140480,nan,nan
1706102140492,nan,nan
1706102140502,nan,nan
1706102140524,nan,nan
1706102140546,nan,nan
1706102140547,nan,nan
1706102140563,nan,nan
1706102140569,nan,nan
1706102140581,nan,nan
1706102140592,nan,nan
1706102140602,nan,nan
1706102140613,nan,nan
1706102140625,nan,nan
1706102140635,nan,nan
1706102140647,nan,nan
1706102140659,nan,nan
1706102140683,nan,nan
1706102140704,nan,nan
1706102140720,nan,nan
1706102140727,nan,nan
1706102140736,nan,nan
1706102140747,nan,nan
1706102140760,nan,nan
1706102140768,nan,nan
1706102140781,nan,nan
1706102140794,nan,nan
1706102140802,nan,nan
1706102140814,nan,nan
1706102140827,nan,nan
1706102140862,nan,nan
1706102140863,nan,nan
1706102140867,nan,nan
1706102140881,nan,nan
1706102140895,nan,nan
1706102140901,nan,nan
1706102140913,nan,nan
1706102140926,nan,nan
1706102140934,nan,nan
1706102140946,nan,nan
1706102140959,nan,nan
1706102140968,nan,nan
1706102140979,nan,nan
1706102141012,nan,nan
1706102141013,nan,nan
1706102141028,nan,nan
1706102141034,nan,nan
1706102141046,nan,nan
1706102141059,nan,nan
1706102141068,nan,nan
1706102141081,nan,nan
1706102141100,nan,nan
1706102141144,nan,nan
1706102141145,nan,nan
1706102141147,nan,nan
1706102141159,nan,nan
1706102141169,nan,nan
1706102141180,nan,nan
1706102141190,nan,nan
1706102141207,nan,nan
1706102141229,nan,nan
1706102141243,nan,nan
1706102141260,nan,nan
1706102141295,nan,nan
1706102141296,nan,nan
1706102141311,nan,nan
1706102141314,nan,nan
1706102141327,nan,nan
1706102141337,nan,nan
1706102141348,nan,nan
1706102141359,nan,nan
1706102141371,1279.2506408691406,896.4425754547119
1706102141381,1279.2506408691406,896.4425754547119
1706102141393,1264.6497344970703,908.0479145050049
1706102141404,1278.3618927001953,913.5258865356445
1706102141444,1288.5244750976562,914.6162796020508
1706102141445,1283.0089569091797,897.3640537261963
1706102141450,1294.646339416504,907.2364711761475
1706102141461,1297.4496459960938,899.3456697463989
1706102141475,1290.7275772094727,893.0300760269165
1706102141484,1287.6823043823242,890.878643989563
1706102141495,1292.1131134033203,883.3271312713623
1706102141506,1313.7384033203125,848.7862873077393
1706102141517,1324.8372650146484,832.903618812561
1706102141529,1327.6861572265625,828.0840539932251
1706102141539,1319.755859375,829.15114402771
1706102141580,1316.0882568359375,823.732738494873
1706102141584,1325.335464477539,827.9054403305054
1706102141597,1325.1397705078125,824.515814781189
1706102141606,1329.0950775146484,821.7191934585571
1706102141617,1329.3070220947266,821.426682472229
1706102141628,1327.2962188720703,826.7445802688599
1706102141639,1331.0404968261719,831.5709257125854
1706102141650,1328.259506225586,834.8243379592896
1706102141661,1330.4405212402344,835.2352523803711
1706102141672,1325.2722930908203,840.8060503005981
1706102141684,1318.0956268310547,834.8325347900391
1706102141695,1321.342544555664,827.3107624053955
1706102141728,1326.8064880371094,832.1389102935791
1706102141729,1355.4000854492188,880.9190654754639
1706102141746,1717.8527069091797,1341.1765623092651
1706102141748,nan,nan
1706102141761,nan,nan
1706102141770,nan,nan
1706102141782,nan,nan
1706102141793,nan,nan
1706102141804,nan,nan
1706102141816,nan,nan
1706102141825,nan,nan
1706102141837,nan,nan
1706102141881,nan,nan
1706102141882,nan,nan
1706102141899,nan,nan
1706102141906,nan,nan
1706102141916,nan,nan
1706102141927,nan,nan
1706102141938,nan,nan
1706102141948,nan,nan
1706102141960,nan,nan
1706102141971,nan,nan
1706102141981,nan,nan
1706102141992,nan,nan
1706102142029,nan,nan
1706102142030,nan,nan
1706102142037,nan,nan
1706102142048,nan,nan
1706102142061,nan,nan
1706102142071,nan,nan
1706102142081,nan,nan
1706102142092,nan,nan
1706102142103,nan,nan
1706102142114,nan,nan
1706102142125,nan,nan
1706102142136,nan,nan
1706102142177,nan,nan
1706102142178,nan,nan
1706102142182,nan,nan
1706102142193,nan,nan
1706102142207,nan,nan
1706102142216,nan,nan
1706102142227,nan,nan
1706102142238,1483.6080932617188,990.7432079315186
1706102142249,1483.6080932617188,990.7432079315186
1706102142260,1483.6080932617188,990.7432079315186
1706102142270,nan,nan
1706102142281,nan,nan
1706102142292,1406.7189025878906,982.6330661773682
1706102142330,1444.6678161621094,983.9226722717285
1706102142338,1301.121597290039,857.487587928772
1706102142349,1301.121597290039,857.487587928772
1706102142362,1162.8301239013672,780.2646446228027
1706102142371,1112.1210861206055,751.8974733352661
1706102142382,1112.1210861206055,751.8974733352661
1706102142394,1114.2041397094727,749.4318580627441
1706102142405,1100.4012298583984,763.0623722076416
1706102142416,1089.0713500976562,760.7221126556396
1706102142428,1085.5265426635742,757.1495389938354
1706102142439,1014.699821472168,754.5909690856934
1706102142477,930.6081771850586,735.4552960395813
1706102142478,759.7471237182617,685.0468254089355
1706102142483,424.06803131103516,559.2623376846313
1706102142494,401.6719436645508,581.7684316635132
1706102142506,407.7189636230469,562.2060298919678
1706102142516,219.99327898025513,461.64841532707214
1706102142528,319.7332191467285,521.9745683670044
1706102142538,316.7121696472168,520.8899259567261
1706102142550,415.0680160522461,583.9869832992554
1706102142561,423.4529113769531,567.0752048492432
1706102142572,376.87952041625977,560.350821018219
1706102142583,377.98364639282227,560.5918335914612
1706102142595,380.9161376953125,575.4488253593445
1706102142628,382.7964973449707,586.5996694564819
1706102142629,349.97241973876953,594.805212020874
1706102142644,344.9071216583252,574.7208523750305
1706102142650,347.6212501525879,565.214524269104
1706102142662,351.71709060668945,562.5554895401001
1706102142671,352.52551078796387,566.6141653060913
1706102142682,354.2002868652344,560.178644657135
1706102142694,347.38380432128906,547.2026968002319
1706102142705,346.76382064819336,550.4332995414734
1706102142716,325.9134864807129,544.4418239593506
1706102142728,390.80604553222656,561.4393258094788
1706102142738,667.6646614074707,643.7948369979858
1706102142755,869.6850967407227,735.2119445800781
1706102142780,977.1622467041016,794.0166521072388
1706102142781,nan,nan
1706102142796,nan,nan
1706102142803,nan,nan
1706102142816,nan,nan
1706102142826,nan,nan
1706102142837,nan,nan
1706102142848,nan,nan
1706102142859,nan,nan
1706102142870,1033.4442901611328,0.07397879788186401
1706102142881,1033.4442901611328,0.07397879788186401
1706102142893,1033.4442901611328,0.07397879788186401
1706102142933,nan,nan
1706102142934,nan,nan
1706102142937,nan,nan
1706102142950,nan,nan
1706102142959,nan,nan
1706102142972,nan,nan
1706102142982,nan,nan
1706102142993,nan,nan
1706102143004,nan,nan
1706102143015,nan,nan
1706102143026,nan,nan
1706102143035,nan,nan
1706102143046,nan,nan
1706102143057,nan,nan
1706102143096,nan,nan
1706102143097,nan,nan
1706102143102,nan,nan
1706102143113,nan,nan
1706102143124,nan,nan
1706102143135,nan,nan
1706102143146,nan,nan
1706102143158,nan,nan
1706102143169,nan,nan
1706102143180,nan,nan
1706102143191,nan,nan
1706102143203,nan,nan
1706102143214,nan,nan
1706102143250,nan,nan
1706102143258,nan,nan
1706102143270,nan,nan
1706102143281,nan,nan
1706102143291,nan,nan
1706102143303,nan,nan
1706102143314,nan,nan
1706102143324,nan,nan
1706102143336,nan,nan
1706102143348,nan,nan
1706102143358,nan,nan
1706102143376,nan,nan
1706102143400,nan,nan
1706102143401,nan,nan
1706102143403,nan,nan
1706102143417,nan,nan
1706102143424,nan,nan
1706102143436,nan,nan
1706102143446,nan,nan
1706102143457,nan,nan
1706102143469,nan,nan
1706102143480,nan,nan
1706102143491,nan,nan
1706102143502,nan,nan
1706102143546,nan,nan
1706102143547,nan,nan
1706102143561,nan,nan
1706102143569,nan,nan
1706102143581,nan,nan
1706102143591,nan,nan
1706102143602,nan,nan
1706102143614,nan,nan
1706102143624,nan,nan
1706102143636,nan,nan
1706102143646,nan,nan
1706102143658,nan,nan
1706102143678,nan,nan
1706102143698,nan,nan
1706102143699,nan,nan
1706102143703,nan,nan
1706102143715,nan,nan
1706102143724,nan,nan
1706102143736,nan,nan
1706102143747,nan,nan
1706102143758,nan,nan
1706102143769,nan,nan
1706102143781,nan,nan
1706102143791,nan,nan
1706102143833,nan,nan
1706102143834,nan,nan
1706102143836,nan,nan
1706102143850,nan,nan
1706102143856,nan,nan
1706102143868,nan,nan
1706102143879,nan,nan
1706102143890,nan,nan
1706102143902,nan,nan
1706102143913,nan,nan
1706102143923,nan,nan
1706102143935,nan,nan
1706102143946,nan,nan
1706102143982,nan,nan
1706102143983,nan,nan
1706102143990,nan,nan
1706102144002,nan,nan
1706102144015,nan,nan
1706102144023,nan,nan
1706102144036,nan,nan
1706102144046,nan,nan
1706102144057,nan,nan
1706102144069,nan,nan
1706102144080,nan,nan
1706102144091,nan,nan
1706102144134,nan,nan
1706102144135,nan,nan
1706102144136,nan,nan
1706102144153,nan,nan
1706102144157,nan,nan
1706102144169,nan,nan
1706102144180,nan,nan
1706102144191,nan,nan
1706102144203,nan,nan
1706102144214,nan,nan
1706102144224,nan,nan
1706102144235,nan,nan
1706102144246,nan,nan
1706102144282,nan,nan
1706102144283,nan,nan
1706102144290,nan,nan
1706102144301,nan,nan
1706102144314,nan,nan
1706102144323,nan,nan
1706102144335,nan,nan
1706102144346,nan,nan
1706102144357,nan,nan
1706102144368,nan,nan
1706102144379,nan,nan
1706102144416,nan,nan
1706102144423,nan,nan
1706102144434,nan,nan
1706102144446,nan,nan
1706102144456,nan,nan
1706102144468,nan,nan
1706102144479,nan,nan
1706102144490,nan,nan
1706102144501,nan,nan
1706102144512,nan,nan
1706102144523,nan,nan
1706102144545,nan,nan
1706102144566,nan,nan
1706102144567,nan,nan
1706102144585,nan,nan
1706102144606,nan,nan
1706102144623,nan,nan
1706102144636,nan,nan
1706102144647,nan,nan
1706102144659,nan,nan
1706102144702,nan,nan
1706102144703,nan,nan
1706102144704,nan,nan
1706102144719,nan,nan
1706102144726,nan,nan
1706102144738,nan,nan
1706102144748,nan,nan
1706102144759,nan,nan
1706102144770,nan,nan
1706102144781,nan,nan
1706102144793,nan,nan
1706102144803,nan,nan
1706102144829,nan,nan
1706102144851,nan,nan
1706102144869,nan,nan
1706102144873,nan,nan
1706102144885,nan,nan
1706102144902,nan,nan
1706102144906,nan,nan
1706102144918,nan,nan
1706102144935,nan,nan
1706102144940,nan,nan
1706102144951,nan,nan
1706102144998,nan,nan
1706102144999,nan,nan
1706102145000,nan,nan
1706102145007,nan,nan
1706102145018,nan,nan
1706102145034,nan,nan
1706102145041,nan,nan
1706102145052,nan,nan
1706102145066,nan,nan
1706102145073,nan,nan
1706102145084,nan,nan
1706102145099,nan,nan
1706102145107,nan,nan
1706102145128,nan,nan
1706102145148,nan,nan
1706102145151,nan,nan
1706102145166,nan,nan
1706102145174,nan,nan
1706102145185,nan,nan
1706102145199,nan,nan
1706102145207,nan,nan
1706102145218,nan,nan
1706102145231,nan,nan
1706102145241,nan,nan
1706102145284,nan,nan
1706102145285,nan,nan
1706102145302,nan,nan
1706102145309,nan,nan
1706102145319,nan,nan
1706102145331,nan,nan
1706102145341,nan,nan
1706102145353,nan,nan
1706102145364,nan,nan
1706102145374,nan,nan
1706102145386,nan,nan
1706102145398,nan,nan
1706102145433,nan,nan
1706102145440,nan,nan
1706102145452,nan,nan
1706102145466,nan,nan
1706102145474,nan,nan
1706102145486,nan,nan
1706102145498,nan,nan
1706102145507,nan,nan
1706102145519,nan,nan
1706102145531,nan,nan
1706102145540,nan,nan
1706102145562,nan,nan
1706102145584,nan,nan
1706102145585,nan,nan
1706102145586,nan,nan
1706102145601,nan,nan
1706102145609,nan,nan
1706102145619,nan,nan
1706102145631,nan,nan
1706102145640,nan,nan
1706102145652,nan,nan
1706102145665,nan,nan
1706102145674,nan,nan
1706102145686,nan,nan
1706102145698,nan,nan
1706102145732,nan,nan
1706102145733,nan,nan
1706102145741,nan,nan
1706102145752,nan,nan
1706102145765,nan,nan
1706102145774,nan,nan
1706102145785,nan,nan
1706102145798,nan,nan
1706102145807,nan,nan
1706102145819,nan,nan
1706102145831,nan,nan
1706102145841,nan,nan
1706102145885,nan,nan
1706102145886,nan,nan
1706102145901,nan,nan
1706102145908,nan,nan
1706102145921,nan,nan
1706102145931,nan,nan
1706102145941,nan,nan
1706102145953,nan,nan
1706102145965,nan,nan
1706102145974,nan,nan
1706102146019,nan,nan
1706102146020,nan,nan
1706102146036,nan,nan
1706102146041,nan,nan
1706102146055,nan,nan
1706102146065,nan,nan
1706102146074,nan,nan
1706102146086,nan,nan
1706102146098,nan,nan
1706102146107,nan,nan
1706102146120,nan,nan
1706102146131,nan,nan
1706102146167,nan,nan
1706102146168,nan,nan
1706102146174,nan,nan
1706102146186,nan,nan
1706102146198,nan,nan
1706102146207,nan,nan
1706102146219,nan,nan
1706102146230,nan,nan
1706102146240,nan,nan
1706102146252,nan,nan
1706102146264,nan,nan
1706102146298,nan,nan
1706102146299,nan,nan
1706102146315,nan,nan
1706102146319,nan,nan
1706102146333,nan,nan
1706102146341,nan,nan
1706102146353,nan,nan
1706102146365,nan,nan
1706102146374,nan,nan
1706102146386,nan,nan
1706102146399,nan,nan
1706102146408,nan,nan
1706102146450,nan,nan
1706102146452,nan,nan
1706102146467,nan,nan
1706102146475,nan,nan
1706102146486,nan,nan
1706102146499,nan,nan
1706102146508,nan,nan
1706102146519,nan,nan
1706102146532,nan,nan
1706102146541,nan,nan
1706102146552,nan,nan
1706102146565,nan,nan
1706102146599,nan,nan
1706102146600,nan,nan
1706102146616,nan,nan
1706102146619,nan,nan
1706102146632,nan,nan
1706102146640,nan,nan
1706102146652,nan,nan
1706102146665,nan,nan
1706102146674,nan,nan
1706102146685,nan,nan
1706102146698,nan,nan
1706102146734,nan,nan
1706102146735,nan,nan
1706102146741,nan,nan
1706102146752,nan,nan
1706102146766,nan,nan
1706102146774,nan,nan
1706102146786,nan,nan
1706102146799,nan,nan
1706102146807,nan,nan
1706102146819,nan,nan
1706102146841,nan,nan
1706102146851,nan,nan
1706102146883,nan,nan
1706102146884,nan,nan
1706102146885,nan,nan
1706102146901,nan,nan
1706102146907,nan,nan
1706102146919,nan,nan
1706102146928,nan,nan
1706102146945,nan,nan
1706102146970,nan,nan
1706102146983,nan,nan
1706102146996,nan,nan
1706102147034,nan,nan
1706102147041,nan,nan
1706102147053,nan,nan
1706102147063,nan,nan
1706102147074,nan,nan
1706102147086,nan,nan
1706102147097,nan,nan
1706102147108,nan,nan
1706102147118,nan,nan
1706102147163,nan,nan
1706102147164,nan,nan
1706102147167,nan,nan
1706102147179,nan,nan
1706102147188,nan,nan
1706102147200,nan,nan
1706102147209,nan,nan
1706102147221,nan,nan
1706102147233,nan,nan
1706102147243,nan,nan
1706102147255,nan,nan
1706102147266,nan,nan
1706102147276,nan,nan
1706102147315,nan,nan
1706102147320,nan,nan
1706102147333,nan,nan
1706102147344,nan,nan
1706102147354,nan,nan
1706102147366,nan,nan
1706102147376,nan,nan
1706102147387,nan,nan
1706102147400,nan,nan
1706102147410,nan,nan
1706102147448,nan,nan
1706102147449,nan,nan
1706102147454,nan,nan
1706102147467,nan,nan
1706102147477,nan,nan
1706102147487,nan,nan
1706102147500,nan,nan
1706102147510,nan,nan
1706102147521,nan,nan
1706102147533,nan,nan
1706102147543,nan,nan
1706102147554,nan,nan
1706102147567,nan,nan
1706102147599,nan,nan
1706102147600,nan,nan
1706102147616,nan,nan
1706102147622,nan,nan
1706102147633,nan,nan
1706102147643,nan,nan
1706102147655,nan,nan
1706102147667,nan,nan
1706102147676,nan,nan
1706102147687,nan,nan
1706102147699,nan,nan
1706102147735,nan,nan
1706102147736,nan,nan
1706102147742,nan,nan
1706102147754,nan,nan
1706102147768,nan,nan
1706102147775,nan,nan
1706102147788,nan,nan
1706102147801,nan,nan
1706102147809,nan,nan
1706102147821,nan,nan
1706102147834,nan,nan
1706102147842,nan,nan
1706102147854,nan,nan
1706102147889,nan,nan
1706102147890,nan,nan
1706102147906,nan,nan
1706102147909,nan,nan
1706102147922,nan,nan
1706102147934,nan,nan
1706102147949,nan,nan
1706102147965,nan,nan
1706102147975,nan,nan
1706102147987,nan,nan
1706102147998,nan,nan
1706102148034,nan,nan
1706102148035,nan,nan
1706102148042,nan,nan
1706102148054,nan,nan
1706102148064,nan,nan
1706102148081,nan,nan
1706102148102,nan,nan
1706102148112,nan,nan
1706102148124,nan,nan
1706102148142,nan,nan
1706102148183,nan,nan
1706102148184,1352.6629638671875,1003.3077907562256
1706102148191,1352.6629638671875,1003.3077907562256
1706102148202,1089.5315551757812,1009.7380542755127
1706102148215,1089.5315551757812,1009.7380542755127
1706102148224,1089.5315551757812,1009.7380542755127
1706102148235,1054.6379089355469,1024.1751194000244
1706102148246,1054.6379089355469,1024.1751194000244
1706102148257,1054.6379089355469,1024.1751194000244
1706102148269,1045.3109741210938,1004.9043273925781
1706102148279,1045.3109741210938,1004.9043273925781
1706102148291,1045.3109741210938,1004.9043273925781
1706102148334,1055.3215026855469,1006.0838985443115
1706102148335,1055.3215026855469,1006.0838985443115
1706102148352,1050.8416748046875,986.2788105010986
1706102148357,1050.8416748046875,986.2788105010986
1706102148369,nan,nan
1706102148380,1246.0822296142578,1041.0369873046875
1706102148391,1282.9652404785156,1034.4423580169678
1706102148402,1223.7239074707031,1028.7991619110107
1706102148415,1229.7443389892578,1021.3906002044678
1706102148426,1287.4860763549805,1017.7600479125977
1706102148437,1294.481315612793,1011.5275812149048
1706102148448,1257.1329498291016,1007.4858140945435
1706102148486,1253.9105224609375,1002.7922487258911
1706102148494,1233.8572311401367,972.385139465332
1706102148505,1233.8540267944336,965.1411151885986
1706102148518,1230.5089569091797,958.4104871749878
1706102148527,1230.2767181396484,950.7479953765869
1706102148537,1234.0351867675781,945.8459901809692
1706102148548,1236.7738342285156,941.7312669754028
1706102148560,1233.8948059082031,942.1999454498291
1706102148570,1233.6763763427734,941.105260848999
1706102148582,1232.6509857177734,932.9326343536377
1706102148593,1227.6519775390625,931.6732835769653
1706102148611,1235.0608825683594,931.9084167480469
1706102148632,1238.8963317871094,927.7157592773438
1706102148633,1243.2127380371094,918.4769439697266
1706102148637,1242.470703125,915.8637428283691
1706102148649,1247.0708465576172,915.7895851135254
1706102148660,1244.834213256836,924.3687915802002
1706102148671,1289.2572784423828,974.3498468399048
1706102148681,1566.8704223632812,1141.3782978057861
1706102148692,1679.8705291748047,1215.0359630584717
1706102148702,1825.422134399414,1274.714298248291
1706102148713,nan,nan
1706102148724,nan,nan
1706102148735,nan,nan
1706102148768,nan,nan
1706102148769,nan,nan
1706102148786,nan,nan
1706102148789,nan,nan
1706102148807,nan,nan
1706102148828,nan,nan
1706102148846,nan,nan
1706102148860,nan,nan
1706102148870,nan,nan
1706102148881,nan,nan
1706102148919,nan,nan
1706102148920,nan,nan
1706102148925,nan,nan
1706102148938,nan,nan
1706102148954,nan,nan
1706102148974,nan,nan
1706102148983,nan,nan
1706102148995,nan,nan
1706102149015,nan,nan
1706102149029,nan,nan
1706102149068,nan,nan
1706102149074,1236.7345428466797,680.3320169448853
1706102149087,1236.7345428466797,680.3320169448853
1706102149096,1236.7345428466797,680.3320169448853
1706102149107,1065.0299072265625,606.293134689331
1706102149118,1065.0299072265625,606.293134689331
1706102149129,1065.0299072265625,606.293134689331
1706102149141,1110.0105285644531,657.466549873352
1706102149152,1040.8091735839844,656.1363887786865
1706102149163,1040.8091735839844,656.1363887786865
1706102149201,1040.2296447753906,652.5089693069458
1706102149202,1070.4242706298828,646.7084884643555
1706102149208,939.0445709228516,581.8396282196045
1706102149219,681.3835906982422,439.72289085388184
1706102149230,681.3835906982422,439.72289085388184
1706102149241,nan,nan
1706102149252,587.744026184082,414.75555896759033
1706102149263,467.4563980102539,362.9094886779785
1706102149275,534.0035247802734,406.2583637237549
1706102149285,547.976188659668,409.6918058395386
1706102149296,651.3496398925781,457.8904151916504
1706102149307,615.4061508178711,421.5530061721802
1706102149328,659.4435119628906,433.8687229156494
1706102149349,651.8563842773438,448.385009765625
1706102149350,651.8563842773438,448.385009765625
1706102149352,638.9681625366211,453.11028957366943
1706102149365,658.8069915771484,451.12348079681396
1706102149374,687.9434967041016,430.45124530792236
1706102149385,727.8845977783203,424.86748695373535
1706102149397,729.9253845214844,432.08215713500977
1706102149407,746.1337280273438,435.9632921218872
1706102149418,722.8712463378906,430.93095302581787
1706102149430,720.6659698486328,433.0589962005615
1706102149441,717.8440093994141,459.82697010040283
1706102149452,750.0997924804688,474.885835647583
1706102149486,813.2492828369141,498.49313735961914
1706102149487,813.9586639404297,502.15463161468506
1706102149504,nan,nan
1706102149506,nan,nan
1706102149518,nan,nan
1706102149529,nan,nan
1706102149540,nan,nan
1706102149551,nan,nan
1706102149562,nan,nan
1706102149573,nan,nan
1706102149584,nan,nan
1706102149596,nan,nan
1706102149640,nan,nan
1706102149641,nan,nan
1706102149657,nan,nan
1706102149660,nan,nan
1706102149679,nan,nan
1706102149699,nan,nan
1706102149716,nan,nan
1706102149731,nan,nan
1706102149742,nan,nan
1706102149752,nan,nan
1706102149785,nan,nan
1706102149786,nan,nan
1706102149804,nan,nan
1706102149809,nan,nan
1706102149820,nan,nan
1706102149832,nan,nan
1706102149842,nan,nan
1706102149854,nan,nan
1706102149865,nan,nan
1706102149876,nan,nan
1706102149887,nan,nan
1706102149898,nan,nan
1706102149937,nan,nan
1706102149943,nan,nan
1706102149958,nan,nan
1706102149965,nan,nan
1706102149976,nan,nan
1706102149987,nan,nan
1706102149998,nan,nan
1706102150009,nan,nan
1706102150021,nan,nan
1706102150032,nan,nan
1706102150041,nan,nan
1706102150053,nan,nan
1706102150087,nan,nan
1706102150104,nan,nan
1706102150108,nan,nan
1706102150119,nan,nan
1706102150130,nan,nan
1706102150142,nan,nan
1706102150153,nan,nan
1706102150164,nan,nan
1706102150175,nan,nan
1706102150187,nan,nan
1706102150198,nan,nan
1706102150216,nan,nan
1706102150236,nan,nan
1706102150242,nan,nan
1706102150254,nan,nan
1706102150265,nan,nan
1706102150275,nan,nan
1706102150286,nan,nan
1706102150298,nan,nan
1706102150309,nan,nan
1706102150320,nan,nan
1706102150331,nan,nan
1706102150370,1396.7634582519531,945.6584072113037
1706102150371,1329.3179321289062,922.9553318023682
1706102150376,1290.1387023925781,909.7671031951904
1706102150388,1305.92529296875,893.1726837158203
1706102150398,1305.92529296875,893.1726837158203
1706102150410,1298.3917236328125,902.1492862701416
1706102150419,1285.6733703613281,917.3039817810059
1706102150432,1252.7308654785156,893.2949066162109
1706102150442,1275.2164459228516,900.3136253356934
1706102150453,1275.2164459228516,900.3136253356934
1706102150464,1272.5833129882812,907.5700950622559
1706102150476,1278.6517333984375,908.4279727935791
1706102150486,1278.6517333984375,908.4279727935791
1706102150520,1288.0233764648438,911.7758846282959
1706102150521,1291.9241333007812,914.2738151550293
1706102150536,1306.9783020019531,920.4387760162354
1706102150542,1296.7704772949219,928.8198852539062
1706102150553,1296.7704772949219,928.8198852539062
1706102150566,1301.3204956054688,920.1954460144043
1706102150577,1272.3056030273438,902.0502376556396
1706102150588,1241.399040222168,908.2548093795776
1706102150599,1229.0033721923828,902.7729320526123
1706102150611,1228.8528060913086,901.4725112915039
1706102150622,1258.1935119628906,897.3650407791138
