timestamp,x,y
1706174933463,1397.3294830322266,860.9878063201904
1706174933464,1402.2261047363281,861.7447471618652
1706174933465,1401.1091613769531,860.3878927230835
1706174933475,1399.5894622802734,864.9914216995239
1706174933486,1402.9068756103516,865.998387336731
1706174933497,1405.793228149414,864.5285797119141
1706174933509,1403.0160522460938,852.2990369796753
1706174933519,1402.6732635498047,815.2345132827759
1706174933531,1398.5150146484375,804.3313121795654
1706174933542,1395.1927947998047,803.83216381073
1706174933553,1390.106201171875,807.2191286087036
1706174933564,1394.2730712890625,805.0858497619629
1706174933575,1399.7040557861328,801.5243911743164
1706174933586,1400.4656219482422,796.7549085617065
1706174933598,1398.4413146972656,793.6029481887817
1706174933644,1374.330825805664,764.7229385375977
1706174933645,1274.0380859375,604.4538688659668
1706174933652,1014.2185592651367,190.30351281166077
1706174933664,989.6780395507812,173.72158706188202
1706174933675,991.7857360839844,177.95236945152283
1706174933685,1006.1753463745117,184.89606142044067
1706174933697,1009.495849609375,187.03576147556305
1706174933708,1005.9319686889648,183.55779469013214
1706174933719,1002.0984268188477,183.24448585510254
1706174933730,1001.4891052246094,180.07698476314545
1706174933741,1005.2589797973633,173.53078544139862
1706174933753,1004.7949981689453,166.26447200775146
1706174933764,994.7602081298828,167.7244734764099
1706174933796,924.7402191162109,156.82544589042664
1706174933797,629.0188789367676,118.43308925628662
1706174933811,524.5907402038574,123.54617357254028
1706174933819,422.4590301513672,111.24263405799866
1706174933830,419.5709228515625,108.63152503967285
1706174933842,427.728328704834,106.26519441604614
1706174933852,416.27262115478516,108.78389060497284
1706174933864,410.55736541748047,114.51736986637115
1706174933875,404.8290824890137,112.45500862598419
1706174933886,405.5380058288574,112.81452655792236
1706174933897,409.3140983581543,109.33886110782623
1706174933908,412.9320526123047,111.78372144699097
1706174933945,413.85812759399414,110.23199915885925
1706174933946,421.46080017089844,103.8714998960495
1706174933953,409.06999588012695,108.28737616539001
1706174933964,380.88279724121094,105.07170259952545
1706174933974,349.7884178161621,105.05064189434052
1706174933985,320.3671073913574,96.19249641895294
1706174933997,324.11412239074707,93.90094846487045
1706174934007,325.35706520080566,92.91931092739105
1706174934019,325.0511932373047,98.33838701248169
1706174934030,326.6680145263672,101.30612254142761
1706174934041,332.3952388763428,102.18228757381439
1706174934052,335.2889633178711,100.2390593290329
1706174934064,336.2156009674072,98.1702446937561
1706174934103,338.0694770812988,95.55704891681671
1706174934104,342.0408058166504,102.83982038497925
1706174934105,340.4565620422363,103.46752166748047
1706174934108,334.5016860961914,109.0282130241394
1706174934123,334.3430805206299,102.02231258153915
1706174934131,368.8315773010254,104.44781541824341
1706174934142,438.6259460449219,96.66141360998154
1706174934152,617.9228019714355,77.005874812603
1706174934163,671.7169189453125,66.61768734455109
1706174934175,688.8769149780273,62.94209539890289
1706174934185,688.2356262207031,70.56041926145554
1706174934197,689.725227355957,67.26184666156769
1706174934208,693.4651565551758,71.60410702228546
1706174934219,690.546989440918,66.34733408689499
1706174934230,690.1576995849609,70.82905054092407
1706174934272,697.5964736938477,69.27933722734451
1706174934274,703.0171203613281,73.01142990589142
1706174934275,698.1083679199219,75.41767984628677
1706174934286,701.7410659790039,73.37261885404587
1706174934299,700.6791305541992,71.30920886993408
1706174934309,707.398681640625,68.75294297933578
1706174934320,710.5160522460938,68.3963030576706
1706174934331,702.0770645141602,71.56024217605591
1706174934341,652.0816040039062,86.72681987285614
1706174934352,536.2297439575195,103.35772275924683
1706174934363,495.69908142089844,109.87142443656921
1706174934374,485.41330337524414,106.54388666152954
1706174934385,490.8218002319336,103.28419804573059
1706174934433,495.5177116394043,106.57537579536438
1706174934434,495.55917739868164,104.85753357410431
1706174934441,486.2550354003906,95.48139452934265
1706174934452,490.6773567199707,96.65913105010986
1706174934464,493.2491683959961,100.7517421245575
1706174934475,496.5032196044922,100.53468972444534
1706174934486,491.0760688781738,96.20997369289398
1706174934497,486.11703872680664,96.59966111183167
1706174934508,481.8687629699707,94.5191279053688
1706174934519,518.7565422058105,98.82092982530594
1706174934531,582.8374481201172,95.13049721717834
1706174934540,663.9898300170898,89.95426833629608
1706174934586,784.8429870605469,80.85381209850311
1706174934587,789.417610168457,80.1204264163971
1706174934603,789.3609619140625,78.91545742750168
1706174934607,790.7891464233398,78.25199961662292
1706174934620,789.5746612548828,80.85677593946457
1706174934630,791.3144302368164,78.6080253124237
1706174934641,792.3641586303711,78.48946630954742
1706174934651,794.8055267333984,76.15762084722519
1706174934663,839.9320983886719,78.91967386007309
1706174934674,935.8885192871094,79.9100124835968
1706174934685,1141.0870742797852,78.6098438501358
1706174934696,1181.8409729003906,79.37898874282837
1706174934707,1193.5086059570312,78.01850259304047
1706174934754,1186.7634582519531,82.37524688243866
1706174934755,1194.021987915039,81.20668351650238
1706174934763,1203.3143615722656,75.47618418931961
1706174934774,1205.3758239746094,75.80267608165741
1706174934785,1208.8227462768555,77.25558042526245
1706174934797,1207.6752853393555,79.11618322134018
1706174934808,1208.7810134887695,81.03735566139221
1706174934819,1210.3762817382812,82.06308871507645
1706174934830,1209.7457885742188,78.91808331012726
1706174934841,1208.4932708740234,77.60333687067032
1706174934852,1207.5145721435547,77.00118362903595
1706174934895,1227.0970153808594,79.82455998659134
1706174934896,1270.0445556640625,76.4034453034401
1706174934911,1345.8450317382812,68.52166682481766
1706174934918,1342.948226928711,70.04586696624756
1706174934930,1343.7488555908203,68.97798836231232
1706174934940,1344.0150451660156,73.9967206120491
1706174934951,1341.2176513671875,78.34277629852295
1706174934963,1344.5124816894531,75.85152447223663
1706174934974,1346.968994140625,71.44481062889099
1706174934985,1351.131591796875,66.44879937171936
1706174934996,1353.1165313720703,69.52753275632858
1706174935007,1354.0987396240234,71.52076810598373
1706174935049,1358.4278869628906,74.3762156367302
1706174935050,1381.5310668945312,75.17237573862076
1706174935052,1538.5601043701172,75.41418761014938
1706174935072,1556.6876220703125,73.67284119129181
1706174935074,1554.7203063964844,70.75427323579788
1706174935086,1550.7798767089844,62.56915971636772
1706174935097,1551.0800170898438,65.38347288966179
1706174935107,1552.7478790283203,69.27228301763535
1706174935118,1551.0359954833984,73.48730206489563
1706174935130,1554.0770721435547,76.51330053806305
1706174935141,1553.348159790039,72.57012337446213
1706174935152,1552.4156951904297,71.91170543432236
1706174935163,1548.9445495605469,67.16533944010735
1706174935174,1546.8974304199219,67.61156782507896
1706174935194,1548.8101959228516,68.92170488834381
1706174935216,1553.1526184082031,67.38332659006119
1706174935218,1550.002212524414,71.27711355686188
1706174935233,1542.7276611328125,72.46635138988495
1706174935240,1550.027847290039,73.00936728715897
1706174935252,1550.0806427001953,69.51765954494476
1706174935262,1554.9042510986328,69.75332379341125
1706174935273,1551.0173034667969,71.84688985347748
1706174935284,1553.9904022216797,71.75842255353928
1706174935296,1557.9511260986328,77.06459105014801
1706174935307,1554.888916015625,70.93036964535713
1706174935318,1554.01611328125,75.9672001004219
1706174935329,1546.6333770751953,70.53652882575989
1706174935340,1550.6495666503906,71.72596916556358
1706174935380,1547.1289825439453,69.1415186226368
1706174935384,1599.6673583984375,78.55691313743591
1706174935398,1592.7629089355469,76.47154122591019
1706174935407,1590.9876251220703,71.85282289981842
1706174935418,1595.328598022461,72.29073375463486
1706174935429,1596.4200592041016,73.78209292888641
1706174935440,1592.801284790039,76.75878703594208
1706174935451,1586.8204498291016,77.37772285938263
1706174935463,1591.0375213623047,80.52683472633362
1706174935474,1592.9846954345703,76.45724505186081
1706174935485,1593.9037322998047,73.17692756652832
1706174935496,1594.8323822021484,73.1843438744545
1706174935529,1592.8888702392578,77.04114854335785
1706174935530,1599.454345703125,75.49705177545547
1706174935546,1604.0304565429688,72.15621560811996
1706174935552,1606.7070007324219,75.65056264400482
1706174935565,1603.0675506591797,76.07074677944183
1706174935574,1600.3486633300781,83.17207217216492
1706174935585,1597.9821014404297,86.62026107311249
1706174935597,1600.776596069336,87.36187309026718
1706174935608,1603.6389923095703,86.76692694425583
1706174935617,1606.1831665039062,82.67952740192413
1706174935629,1589.146499633789,93.46542209386826
1706174935640,1565.107421875,101.38170450925827
1706174935651,1512.7400207519531,136.70657694339752
1706174935691,1508.6492156982422,134.36147332191467
1706174935692,1508.6099243164062,137.05330073833466
1706174935696,1512.75146484375,135.35904586315155
1706174935714,1488.5974884033203,132.02720046043396
1706174935717,1347.2830963134766,131.21849298477173
1706174935729,1222.9956436157227,127.81453371047974
1706174935740,1059.2057037353516,131.37130916118622
1706174935751,760.6939697265625,145.0561809539795
1706174935762,662.498779296875,154.8428213596344
1706174935773,547.8325843811035,165.06625413894653
1706174935784,436.5609359741211,177.12080419063568
1706174935796,426.0119438171387,173.80053520202637
1706174935807,423.7049674987793,172.88114368915558
1706174935848,423.2406997680664,178.87920141220093
1706174935851,422.7164840698242,181.14338278770447
1706174935867,415.01203536987305,180.02828657627106
1706174935874,411.7820930480957,174.82703804969788
1706174935884,411.3838195800781,174.84389305114746
1706174935896,408.0635452270508,176.90235435962677
1706174935907,382.8433418273926,183.65316331386566
1706174935918,307.60056495666504,187.51067876815796
1706174935929,279.26076889038086,193.27739596366882
1706174935940,269.95025634765625,197.17230677604675
1706174935951,279.611873626709,199.0245223045349
1706174935963,280.39968490600586,199.2557716369629
1706174935974,276.93017959594727,197.73386478424072
1706174936009,278.8562774658203,203.82485032081604
1706174936010,280.43251037597656,205.4325771331787
1706174936017,273.55109214782715,200.07062673568726
1706174936028,274.2652225494385,201.41130208969116
1706174936041,277.64946937561035,210.7512366771698
1706174936050,273.2473850250244,214.68064069747925
1706174936062,271.9955348968506,215.94728708267212
1706174936073,271.440486907959,208.68565678596497
1706174936084,271.3329219818115,203.46718311309814
1706174936095,268.8035488128662,202.10293650627136
1706174936107,270.32161712646484,203.9720070362091
1706174936117,274.3673801422119,206.1691439151764
1706174936129,274.2161273956299,203.04137706756592
1706174936173,269.0407466888428,208.4268879890442
1706174936189,269.9076175689697,205.14110684394836
1706174936196,262.77124404907227,203.25141549110413
1706174936206,243.99517059326172,202.11646556854248
1706174936217,204.94905471801758,205.84320187568665
1706174936229,198.36277961730957,209.96915817260742
1706174936240,197.9486083984375,214.98094081878662
1706174936251,195.07790565490723,218.73098015785217
1706174936263,191.86579704284668,217.18579173088074
1706174936273,197.9274559020996,216.9929301738739
1706174936311,202.59624004364014,212.69198656082153
1706174936312,202.58572101593018,215.9866726398468
1706174936318,205.2302360534668,217.20771074295044
1706174936329,210.77481269836426,215.21902441978455
1706174936342,210.93198776245117,214.12278413772583
1706174936351,233.2539176940918,214.56287026405334
1706174936362,288.1909656524658,212.46541500091553
1706174936373,396.1139678955078,197.62933373451233
1706174936384,591.5550804138184,181.6246461868286
1706174936395,621.0934448242188,178.21564435958862
1706174936406,624.466552734375,186.7846316099167
1706174936417,623.250846862793,183.87465476989746
1706174936428,628.8613891601562,181.95692360401154
1706174936461,631.2587738037109,178.34227681159973
1706174936462,633.792896270752,182.64075815677643
1706174936477,627.7986526489258,181.27665638923645
1706174936484,630.3315734863281,194.15690302848816
1706174936496,613.1070518493652,239.6511697769165
1706174936505,607.9380989074707,272.7134835720062
1706174936516,408.66138458251953,541.6648578643799
1706174936527,nan,nan
1706174936538,nan,nan
1706174936549,nan,nan
1706174936561,366.7023468017578,661.7781257629395
1706174936571,366.7023468017578,661.7781257629395
1706174936592,431.6647720336914,517.7889490127563
1706174936613,428.1479835510254,325.9970247745514
1706174936617,400.4515266418457,194.59548711776733
1706174936629,401.9990921020508,175.0180220603943
1706174936639,409.89002227783203,185.33400177955627
1706174936650,404.7966003417969,176.36026918888092
1706174936662,401.8258285522461,182.01578736305237
1706174936673,400.57811737060547,183.34681749343872
1706174936683,402.30215072631836,185.44362902641296
1706174936695,401.6239929199219,181.81875228881836
1706174936706,398.5584831237793,186.62358105182648
1706174936717,400.78880310058594,190.69110810756683
1706174936728,402.1471977233887,193.8408100605011
1706174936760,401.0190963745117,191.18319153785706
1706174936762,400.0344657897949,182.5284379720688
1706174936778,401.7340660095215,181.8965631723404
1706174936784,401.9268989562988,186.12937331199646
1706174936795,397.36438751220703,187.72677898406982
1706174936806,402.8027153015137,189.90902423858643
1706174936817,478.8854789733887,197.69754767417908
1706174936829,596.0561370849609,192.6093703508377
1706174936840,765.5074310302734,190.59727370738983
1706174936851,1010.565299987793,190.54641366004944
1706174936862,1056.084976196289,183.81714820861816
1706174936873,1054.9690628051758,183.4563159942627
1706174936884,1047.7524185180664,177.30093598365784
1706174936896,1051.993408203125,181.88903152942657
1706174936907,1056.0998153686523,180.75708031654358
1706174936966,1056.0229110717773,184.59548234939575
1706174936968,1055.737533569336,188.64117622375488
1706174936973,1065.0331497192383,185.80652117729187
1706174936983,1065.3379440307617,189.9208152294159
1706174936995,1065.3529739379883,191.01169109344482
1706174937006,1062.6135635375977,188.5385763645172
1706174937016,1060.5065536499023,187.13176846504211
1706174937028,1083.6008071899414,189.81818318367004
1706174937039,1135.4229354858398,191.18792295455933
1706174937050,1227.2619247436523,189.8380959033966
1706174937061,1248.6359405517578,185.63039124011993
1706174937073,1245.5086517333984,182.44900703430176
1706174937083,1240.7506561279297,185.30521631240845
1706174937095,1239.4713973999023,184.4982361793518
1706174937138,1238.7752532958984,184.3568515777588
1706174937139,1236.2601470947266,178.51076781749725
1706174937157,1236.3336563110352,173.02452385425568
1706174937162,1233.5120010375977,169.39706146717072
1706174937173,1234.8694610595703,170.90247809886932
1706174937185,1234.7647857666016,172.3271119594574
1706174937195,1231.2702178955078,169.53065693378448
1706174937206,1177.459716796875,175.654639005661
1706174937217,1032.7959442138672,187.71913468837738
1706174937228,952.045783996582,206.66293859481812
1706174937240,912.6381301879883,210.80523490905762
1706174937250,897.9558181762695,207.3647117614746
1706174937262,904.0948867797852,207.44870781898499
1706174937273,902.2950744628906,208.7142813205719
1706174937284,899.6152877807617,213.70474576950073
1706174937336,897.9236221313477,208.7970221042633
1706174937337,897.6290130615234,204.32968497276306
1706174937338,899.7357177734375,197.823246717453
1706174937355,901.7083740234375,202.5821614265442
1706174937361,901.5045166015625,206.7460334300995
1706174937375,899.5239639282227,205.14850974082947
1706174937383,898.2065963745117,202.8084111213684
1706174937394,898.3005142211914,207.12628483772278
1706174937405,900.3789138793945,211.11475110054016
1706174937417,900.5984497070312,212.52538919448853
1706174937428,899.2548370361328,208.96069049835205
1706174937439,911.8196487426758,210.8513903617859
1706174937450,1002.8798675537109,219.0544331073761
1706174937462,1109.7478103637695,207.6004457473755
1706174937500,1238.6469650268555,202.82501935958862
1706174937501,1405.3862762451172,189.4333827495575
1706174937506,1425.014877319336,179.6873778104782
1706174937518,1427.2978210449219,178.80120813846588
1706174937528,1433.218994140625,180.55042147636414
1706174937538,1436.3117218017578,185.78785300254822
1706174937550,1435.6102752685547,183.10750007629395
1706174937561,1435.8162689208984,186.15903317928314
1706174937572,1434.4598388671875,187.2516417503357
1706174937583,1435.7837677001953,190.55714786052704
1706174937595,1434.713363647461,187.91486084461212
1706174937606,1436.367416381836,181.39871835708618
1706174937655,1440.8283996582031,181.21084570884705
1706174937656,1434.7161102294922,208.13860416412354
1706174937657,1365.3099060058594,427.97739028930664
1706174937661,1379.6282196044922,477.71663904190063
1706174937674,1510.4466247558594,612.0108318328857
1706174937682,1832.0699310302734,841.3379645347595
1706174937693,1826.2385559082031,888.6914205551147
1706174937704,nan,nan
1706174937715,nan,nan
1706174937725,nan,nan
1706174937736,nan,nan
1706174937747,nan,nan
1706174937759,nan,nan
1706174937770,nan,nan
1706174937813,nan,nan
1706174937815,1760.3849792480469,1194.4312763214111
1706174937830,1664.769287109375,1128.594331741333
1706174937838,1509.0159606933594,899.6557760238647
1706174937851,1418.4801483154297,735.2876687049866
1706174937861,1476.2814331054688,752.7216625213623
1706174937872,1470.5757141113281,760.8100891113281
1706174937883,1469.3177032470703,750.6980323791504
1706174937894,1435.3069305419922,726.4052867889404
1706174937905,1437.9629516601562,728.5302400588989
1706174937916,1439.0953826904297,723.1360816955566
1706174937928,1438.8044738769531,720.9192037582397
1706174937972,1437.2132110595703,718.9600324630737
1706174937973,1439.6862030029297,719.1386032104492
1706174937990,1433.128890991211,720.6450176239014
1706174937995,1432.7084350585938,716.0684823989868
1706174938006,1425.9799194335938,716.8952894210815
1706174938016,1425.2726745605469,714.9561595916748
1706174938027,1423.5369873046875,726.263108253479
1706174938038,1426.922836303711,739.7648334503174
1706174938049,1427.3722839355469,765.045747756958
1706174938061,1430.4686737060547,766.4044046401978
1706174938072,1429.5030212402344,763.9092636108398
1706174938083,1432.2747039794922,763.0836582183838
1706174938094,1433.7745666503906,765.910062789917
1706174938133,1435.810317993164,769.9461221694946
1706174938134,1429.8612976074219,781.0383653640747
1706174938139,1431.3113403320312,785.2167320251465
1706174938152,1432.6800537109375,781.7988681793213
1706174938161,1430.1093292236328,783.0713939666748
1706174938174,1426.4636993408203,787.0251846313477
1706174938183,1432.0770263671875,791.5564441680908
1706174938194,1430.9912109375,794.6228313446045
1706174938205,1426.8919372558594,787.9616832733154
1706174938216,1427.5837707519531,788.6706018447876
1706174938228,1433.9259338378906,785.1964330673218
1706174938239,1437.7001953125,782.5630187988281
1706174938250,1437.5593566894531,775.1207685470581
1706174938261,1431.755142211914,771.3359355926514
1706174938297,1465.6996154785156,772.8696012496948
1706174938298,1493.7113189697266,780.0005435943604
1706174938303,nan,nan
1706174938315,nan,nan
1706174938325,nan,nan
1706174938336,nan,nan
1706174938347,nan,nan
1706174938358,nan,nan
1706174938369,nan,nan
1706174938380,nan,nan
1706174938393,nan,nan
1706174938404,1899.4219970703125,1183.3724212646484
1706174938446,1856.578369140625,1098.4400367736816
1706174938447,1430.2735900878906,1027.9104709625244
1706174938448,1331.7076110839844,805.2796983718872
1706174938466,1371.6455841064453,763.3709335327148
1706174938471,1345.7603454589844,770.6553840637207
1706174938482,1341.3105773925781,728.1390881538391
1706174938494,1326.2718963623047,738.1551218032837
1706174938505,1326.2886047363281,736.8250894546509
1706174938515,1335.4191589355469,738.9566946029663
1706174938527,1336.7051696777344,745.3509950637817
1706174938538,1341.2332916259766,742.5359201431274
1706174938549,1336.9744110107422,743.1112003326416
1706174938560,1331.5443420410156,741.0099792480469
1706174938597,1329.7380065917969,749.6661329269409
1706174938605,1328.5535430908203,743.5177803039551
1706174938615,1331.1981201171875,746.4415168762207
1706174938626,1334.793930053711,745.8201456069946
1706174938638,1339.000473022461,749.4980335235596
1706174938648,1331.297607421875,747.8027486801147
1706174938660,1327.132797241211,743.9156484603882
1706174938671,1327.8070831298828,738.2534408569336
1706174938682,1327.7179718017578,736.5421915054321
1706174938693,1329.5965576171875,740.5252504348755
1706174938704,1333.4611511230469,738.0053472518921
1706174938715,1338.6334228515625,739.2377471923828
1706174938748,1334.3353271484375,746.2956047058105
1706174938749,1333.8368225097656,749.9612188339233
1706174938766,1469.1898345947266,829.0072059631348
1706174938769,1844.208984375,1031.3870429992676
1706174938780,nan,nan
1706174938791,nan,nan
1706174938802,nan,nan
1706174938813,nan,nan
1706174938824,nan,nan
1706174938835,nan,nan
1706174938847,nan,nan
1706174938858,nan,nan
1706174938899,nan,nan
1706174938904,1749.1432189941406,1103.0031824111938
1706174938918,1713.6168670654297,1125.00901222229
1706174938927,1650.4835510253906,1065.8472919464111
1706174938939,1552.4872589111328,936.9853019714355
1706174938949,1435.1638793945312,775.9190368652344
1706174938960,1436.9633483886719,787.9107427597046
1706174938971,1423.0684661865234,791.2035083770752
1706174938982,1422.93701171875,766.56907081604
1706174938994,1422.9098510742188,773.0345249176025
1706174939004,1431.1993408203125,794.0499544143677
1706174939015,1427.972183227539,796.796236038208
1706174939054,1423.9797973632812,795.2157926559448
1706174939055,1422.68798828125,789.9983596801758
1706174939060,1422.8606414794922,788.0125379562378
1706174939072,1424.3965911865234,787.6811456680298
1706174939082,1422.3568725585938,779.294114112854
1706174939095,1423.5001373291016,781.9382572174072
1706174939105,1420.0730895996094,787.7713966369629
1706174939116,1424.2398071289062,798.6119413375854
1706174939127,1424.4752502441406,799.1933155059814
1706174939138,1423.9445495605469,792.9018831253052
1706174939149,1414.717788696289,796.9580698013306
1706174939160,1418.7235260009766,798.074426651001
1706174939171,1419.4090270996094,796.1267995834351
1706174939181,1418.1041717529297,786.4093065261841
1706174939217,1415.4917907714844,786.7167091369629
1706174939218,1410.5659484863281,789.3098258972168
1706174939234,1408.5812377929688,781.6584062576294
1706174939237,1408.3984375,784.7700262069702
1706174939248,1409.7091674804688,785.2790451049805
1706174939260,1408.3336639404297,785.9373664855957
1706174939271,1408.7234497070312,787.2915172576904
1706174939282,1406.2213134765625,794.0720129013062
1706174939294,1406.8622589111328,806.5874576568604
1706174939304,1408.7307739257812,798.9981365203857
1706174939316,1415.069351196289,795.9450531005859
1706174939327,1419.2938232421875,787.5269079208374
1706174939364,1413.0022430419922,795.2616691589355
1706174939365,1407.987060546875,798.7069988250732
1706174939370,1406.7046356201172,810.6978464126587
1706174939383,1406.3819122314453,819.3143463134766
1706174939393,1404.4561767578125,810.5081605911255
1706174939404,1409.4473266601562,801.9087409973145
1706174939415,1407.0584106445312,794.7414922714233
1706174939426,1392.4987030029297,794.1565132141113
1706174939437,1380.53466796875,785.181713104248
1706174939448,1355.1225280761719,772.2305488586426
1706174939460,1365.7201385498047,768.8409233093262
1706174939471,1364.5851135253906,778.6052370071411
1706174939481,1366.0453796386719,785.0691032409668
1706174939515,1362.0712280273438,780.4150629043579
1706174939526,1358.3164978027344,778.6464357376099
1706174939537,1359.8796081542969,777.5463438034058
1706174939550,1361.6111755371094,772.8272008895874
1706174939560,1353.7837982177734,774.3814659118652
1706174939571,1357.648696899414,765.7442808151245
1706174939582,1361.3897705078125,763.4740161895752
1706174939593,1363.2540893554688,766.2694358825684
1706174939604,1362.4434661865234,767.7563238143921
1706174939615,1358.4649658203125,773.7246894836426
1706174939627,1363.5882568359375,775.6233072280884
1706174939665,1362.1109771728516,778.4301424026489
1706174939671,1356.5879821777344,770.7224607467651
1706174939685,1353.154525756836,771.9032335281372
1706174939693,1378.9582824707031,765.7260417938232
1706174939704,1415.8267974853516,753.4314823150635
1706174939715,1485.503158569336,730.909423828125
1706174939726,1494.3675994873047,714.4115853309631
1706174939737,1500.3579711914062,715.0208759307861
1706174939748,1501.0277557373047,724.249906539917
1706174939759,1499.0921020507812,733.4384250640869
1706174939770,1499.357681274414,738.8276481628418
1706174939781,1495.0393676757812,732.9990577697754
1706174939814,1493.227310180664,728.8823175430298
1706174939815,1490.95458984375,719.5426511764526
1706174939833,1493.115234375,717.3893308639526
1706174939837,1495.7355499267578,717.0463514328003
1706174939848,1497.1453857421875,711.1300206184387
1706174939859,1501.4689636230469,717.6614999771118
1706174939870,1501.6752624511719,717.989330291748
1706174939881,1501.8881225585938,723.8664150238037
1706174939893,1503.625717163086,717.9848885536194
1706174939904,1501.4298248291016,717.8664636611938
1706174939915,1499.720230102539,720.0415635108948
1706174939926,1494.625015258789,718.9095211029053
1706174939946,1493.4176635742188,724.927282333374
1706174939967,1496.1294555664062,723.3667945861816
1706174939971,1464.8684692382812,750.2086687088013
1706174939985,1428.6433410644531,784.5068264007568
1706174939993,1424.1976165771484,791.2634611129761
1706174940004,1426.1498260498047,786.0320806503296
1706174940015,1427.1743774414062,779.1648101806641
1706174940026,1428.5647583007812,783.4337282180786
1706174940037,1434.0946960449219,783.9768218994141
1706174940048,1432.1427154541016,785.306339263916
1706174940060,1425.163345336914,785.4268026351929
1706174940072,1416.3934326171875,790.3131437301636
1706174940082,1418.5435485839844,784.1441917419434
1706174940116,1428.836441040039,782.2741556167603
1706174940117,1433.4689331054688,773.1822824478149
1706174940125,1421.4181518554688,788.0551099777222
1706174940136,1464.577407836914,900.1992130279541
1706174940146,1573.0952453613281,1299.8003768920898
1706174940157,nan,nan
1706174940168,nan,nan
1706174940179,nan,nan
1706174940190,nan,nan
1706174940202,nan,nan
1706174940212,nan,nan
1706174940224,nan,nan
1706174940243,nan,nan
1706174940263,nan,nan
1706174940270,1550.4878997802734,866.9335126876831
1706174940282,1435.5989837646484,954.744873046875
1706174940292,1419.9858856201172,922.8553819656372
1706174940305,1348.4705352783203,864.3406105041504
1706174940314,1327.7277374267578,747.1055889129639
1706174940326,1334.5237731933594,772.1795654296875
1706174940337,1329.6714782714844,786.4098215103149
1706174940348,1327.181396484375,781.7399454116821
1706174940359,1321.3926696777344,776.4740180969238
1706174940370,1319.7900390625,784.7792959213257
1706174940413,1317.8829956054688,788.7860441207886
1706174940414,1324.1472625732422,790.5662155151367
1706174940429,1331.9404602050781,785.1339912414551
1706174940437,1326.8946838378906,788.76793384552
1706174940448,1289.6954345703125,753.1114196777344
1706174940459,1239.7764205932617,676.4767813682556
1706174940470,1177.3347854614258,571.7683625221252
1706174940482,1093.3323669433594,418.1596255302429
1706174940492,1083.1032180786133,401.33781909942627
1706174940503,1084.323959350586,405.3748655319214
1706174940514,1087.4734115600586,410.88680505752563
1706174940525,1082.5659942626953,405.77009439468384
1706174940565,1081.148910522461,403.50412130355835
1706174940566,1076.9771575927734,399.42817211151123
1706174940569,1084.185447692871,399.6115493774414
1706174940583,1086.5082550048828,395.84768056869507
1706174940592,1086.5618515014648,398.29627990722656
1706174940604,1088.7451934814453,396.7848873138428
1706174940615,1090.4866027832031,397.6402544975281
1706174940626,1087.9438018798828,395.34160137176514
1706174940637,1087.574234008789,395.3626084327698
1706174940648,1092.4431991577148,391.0209918022156
1706174940659,1130.722541809082,375.68774700164795
1706174940670,1196.3207626342773,353.53976011276245
1706174940681,1321.4445495605469,317.38189816474915
1706174940715,1346.1717987060547,304.406121969223
1706174940732,1337.8618621826172,301.47904872894287
1706174940737,1339.2691802978516,300.28931736946106
1706174940749,1337.8713989257812,297.3272895812988
1706174940759,1338.420639038086,295.92363595962524
1706174940770,1336.333999633789,293.00063967704773
1706174940781,1334.5821380615234,294.5321595668793
1706174940792,1335.8772277832031,295.90103030204773
1706174940803,1335.3241729736328,305.68313241004944
1706174940814,1354.9678039550781,345.0635290145874
1706174940826,1397.6185607910156,416.37876749038696
1706174940866,1449.679183959961,515.204758644104
1706174940870,1543.4087371826172,703.747615814209
1706174940884,1545.7978820800781,692.2055554389954
1706174940891,1545.4204559326172,692.5939607620239
1706174940903,1546.8262481689453,696.0030913352966
1706174940913,1549.8086547851562,704.7049283981323
1706174940925,1548.9051818847656,708.9747476577759
1706174940936,1548.2617950439453,708.384575843811
1706174940947,1551.9710540771484,702.1176481246948
1706174940958,1556.0124206542969,702.4160814285278
1706174940969,1557.0890808105469,706.1032605171204
1706174940980,1549.6995544433594,706.1351895332336
1706174941015,1540.532455444336,712.3484086990356
1706174941016,1511.0518646240234,730.430703163147
1706174941032,1441.7961120605469,761.8271827697754
1706174941036,1439.4676971435547,760.6576538085938
1706174941050,1444.8639678955078,757.3184967041016
1706174941059,1444.0682983398438,751.7730617523193
1706174941069,1452.6303100585938,741.6799736022949
1706174941080,1454.8550415039062,738.9521884918213
1706174941092,1456.1438751220703,743.9319133758545
1706174941102,1451.171646118164,752.1788263320923
1706174941114,1452.7965545654297,757.2669124603271
1706174941125,1447.4899291992188,756.1837291717529
1706174941136,1444.9201965332031,754.3822717666626
1706174941170,1434.0213775634766,758.6764669418335
1706174941171,1437.5636291503906,757.1987628936768
1706174941187,1440.8366394042969,759.2408895492554
1706174941191,1439.1229248046875,767.0192098617554
1706174941203,1442.5323486328125,768.551459312439
1706174941213,1440.7500457763672,768.3714723587036
1706174941225,1444.427719116211,761.6564655303955
1706174941236,1441.1461639404297,761.1244869232178
1706174941247,1443.5882568359375,748.4778499603271
1706174941258,1439.6283721923828,754.9581527709961
1706174941269,1436.2467193603516,755.2849531173706
1706174941281,1433.4349822998047,766.5549945831299
1706174941317,1427.5846862792969,764.8309993743896
1706174941325,1430.3784942626953,764.5098209381104
1706174941336,1435.7157897949219,762.6602983474731
1706174941348,1432.960433959961,765.4736566543579
1706174941359,1415.4179382324219,765.9442234039307
1706174941369,1345.0031280517578,766.4374494552612
1706174941380,1122.3371124267578,763.4124326705933
1706174941392,1019.7099685668945,749.7717475891113
1706174941403,939.0625762939453,737.6493644714355
1706174941414,871.7787170410156,734.461784362793
1706174941425,874.5244216918945,740.4585599899292
1706174941443,880.1905822753906,743.6420202255249
1706174941469,880.219612121582,752.3468399047852
1706174941470,878.809700012207,755.7873630523682
1706174941485,875.3475189208984,744.495735168457
1706174941492,873.9469528198242,741.4738512039185
1706174941502,871.7118072509766,740.7395696640015
1706174941513,868.0338668823242,741.7167949676514
1706174941524,889.7006225585938,752.0361757278442
1706174941535,968.5220336914062,763.1154155731201
1706174941546,1215.6297302246094,764.823145866394
1706174941558,1285.916748046875,763.117733001709
1706174941569,1306.434326171875,757.6835775375366
1706174941580,1274.024658203125,761.4869070053101
1706174941619,1273.8590240478516,758.7541007995605
1706174941620,1281.2008666992188,757.0132398605347
1706174941624,1290.7990264892578,767.6836252212524
1706174941637,1291.1048889160156,769.6780729293823
1706174941647,1292.1199035644531,762.5045156478882
1706174941658,1292.533187866211,759.8440217971802
1706174941669,1333.5154724121094,739.0613222122192
1706174941680,1503.6322784423828,627.6805329322815
1706174941691,1631.0384368896484,554.0326523780823
1706174941703,1754.1938781738281,502.47199058532715
1706174941714,1870.968246459961,475.28351068496704
1706174941725,1888.5887908935547,480.9159994125366
1706174941736,1882.2750091552734,480.2757239341736
1706174941771,1892.3383331298828,478.63903999328613
1706174941780,1893.664779663086,476.06678009033203
1706174941792,1893.355484008789,479.8924255371094
1706174941803,1892.5731658935547,480.97018003463745
1706174941813,1895.3302001953125,477.0961260795593
1706174941825,1897.2525024414062,476.1474394798279
1706174941836,1898.340835571289,473.2261919975281
1706174941846,1897.6053619384766,470.3271532058716
1706174941858,1897.3685455322266,472.0057010650635
1706174941869,1900.055923461914,468.2155466079712
1706174941880,1900.145034790039,470.1281762123108
1706174941892,1898.4507751464844,468.76190185546875
1706174941933,1891.6163635253906,473.76216173171997
1706174941934,1892.4105072021484,474.3098044395447
1706174941936,1903.9309692382812,477.83111572265625
1706174941949,1906.6193389892578,475.2984881401062
1706174941958,1903.7553405761719,470.72798252105713
1706174941969,1900.5831909179688,477.25680112838745
1706174941980,1896.4508056640625,502.7458119392395
1706174941991,1909.7251892089844,511.2127733230591
1706174942002,1945.2632904052734,522.0608282089233
1706174942013,2112.694091796875,480.9719181060791
1706174942023,nan,nan
1706174942034,nan,nan
1706174942045,nan,nan
1706174942082,nan,nan
1706174942083,nan,nan
1706174942089,nan,nan
1706174942100,nan,nan
1706174942111,nan,nan
1706174942121,nan,nan
1706174942132,nan,nan
1706174942143,nan,nan
1706174942154,nan,nan
1706174942165,nan,nan
1706174942177,nan,nan
1706174942187,nan,nan
1706174942234,nan,nan
1706174942235,nan,nan
1706174942252,nan,nan
1706174942257,nan,nan
1706174942269,nan,nan
1706174942278,nan,nan
1706174942290,nan,nan
1706174942302,nan,nan
1706174942312,nan,nan
1706174942323,nan,nan
1706174942335,nan,nan
1706174942345,nan,nan
1706174942385,nan,nan
1706174942386,nan,nan
1706174942390,nan,nan
1706174942402,nan,nan
1706174942412,nan,nan
1706174942424,nan,nan
1706174942434,nan,nan
1706174942444,nan,nan
1706174942456,nan,nan
1706174942468,nan,nan
1706174942478,nan,nan
1706174942489,nan,nan
1706174942501,nan,nan
1706174942535,nan,nan
1706174942536,nan,nan
1706174942544,nan,nan
1706174942556,nan,nan
1706174942569,nan,nan
1706174942578,nan,nan
1706174942589,nan,nan
1706174942601,nan,nan
1706174942611,nan,nan
1706174942623,nan,nan
1706174942635,nan,nan
1706174942645,nan,nan
1706174942684,nan,nan
1706174942685,nan,nan
1706174942690,nan,nan
1706174942702,nan,nan
1706174942711,nan,nan
1706174942723,nan,nan
1706174942735,nan,nan
1706174942745,nan,nan
1706174942757,nan,nan
1706174942768,nan,nan
1706174942778,nan,nan
1706174942790,nan,nan
1706174942801,nan,nan
1706174942834,nan,nan
1706174942835,nan,nan
1706174942844,nan,nan
1706174942856,nan,nan
1706174942868,nan,nan
1706174942877,nan,nan
1706174942889,nan,nan
1706174942901,nan,nan
1706174942911,nan,nan
1706174942923,nan,nan
1706174942966,nan,nan
1706174942967,nan,nan
1706174942968,nan,nan
1706174942984,nan,nan
1706174942990,nan,nan
1706174943001,nan,nan
1706174943011,nan,nan
1706174943023,nan,nan
1706174943034,nan,nan
1706174943044,nan,nan
1706174943056,nan,nan
1706174943068,nan,nan
1706174943078,nan,nan
1706174943118,nan,nan
1706174943119,nan,nan
1706174943123,nan,nan
1706174943137,nan,nan
1706174943145,nan,nan
1706174943157,nan,nan
1706174943168,nan,nan
1706174943178,nan,nan
1706174943189,nan,nan
1706174943201,nan,nan
1706174943212,nan,nan
1706174943223,nan,nan
1706174943267,nan,nan
1706174943268,nan,nan
1706174943276,nan,nan
1706174943290,nan,nan
1706174943301,nan,nan
1706174943312,nan,nan
1706174943324,nan,nan
1706174943335,nan,nan
1706174943346,nan,nan
1706174943357,nan,nan
1706174943368,nan,nan
1706174943394,nan,nan
1706174943415,nan,nan
1706174943421,nan,nan
1706174943438,nan,nan
1706174943450,1484.2085266113281,684.3523693084717
1706174943461,1484.2085266113281,684.3523693084717
1706174943473,1492.2718048095703,668.5474848747253
1706174943484,1464.6002960205078,659.9885988235474
1706174943495,1455.2334594726562,661.4791774749756
1706174943506,1456.2374877929688,666.4504051208496
1706174943517,1459.37255859375,671.2147378921509
1706174943553,1459.0792846679688,668.6140251159668
1706174943561,1457.597427368164,682.4742650985718
1706174943573,1457.9313659667969,683.531506061554
1706174943585,1451.4862060546875,704.9034333229065
1706174943595,1446.5705108642578,715.3805494308472
1706174943606,1440.4065704345703,726.4624071121216
1706174943616,1435.853271484375,731.1316394805908
1706174943628,1433.4192657470703,729.2525482177734
1706174943639,1427.9244995117188,729.8124647140503
1706174943650,1423.0767059326172,735.0365495681763
1706174943662,1429.6148681640625,742.4140405654907
1706174943700,1431.913070678711,749.4558906555176
1706174943701,1433.7495422363281,748.7986421585083
1706174943706,1429.798812866211,735.8758449554443
1706174943720,1425.489273071289,736.4688491821289
1706174943728,1427.1383666992188,744.9495220184326
1706174943739,1427.6129150390625,746.5161895751953
1706174943750,1425.8800506591797,755.9464931488037
1706174943762,1402.8581237792969,763.2276391983032
1706174943773,1384.2660522460938,765.8238887786865
1706174943783,1354.7017669677734,768.1414890289307
1706174943795,1360.0863647460938,761.8467950820923
1706174943806,1358.1117248535156,761.6078424453735
1706174943817,1356.6069793701172,768.6917066574097
1706174943852,1356.0297393798828,770.2433967590332
1706174943861,1359.9339294433594,767.6825952529907
1706174943872,1353.3221435546875,769.7512435913086
1706174943884,1350.5036926269531,769.8014116287231
1706174943895,1351.9636535644531,768.9769649505615
1706174943906,1355.2755737304688,779.1751527786255
1706174943917,1361.2559509277344,780.9130954742432
1706174943928,1340.3125,783.8170051574707
1706174943939,1379.4546508789062,801.7303419113159
1706174943949,1436.051025390625,880.0153541564941
1706174943960,1581.2724304199219,949.1974639892578
1706174944003,1548.7904357910156,947.8927516937256
1706174944004,nan,nan
1706174944021,nan,nan
1706174944026,nan,nan
1706174944037,nan,nan
1706174944048,nan,nan
1706174944059,nan,nan
1706174944070,nan,nan
1706174944080,nan,nan
1706174944091,nan,nan
1706174944109,nan,nan
1706174944152,nan,nan
1706174944153,nan,nan
1706174944171,nan,nan
1706174944174,nan,nan
1706174944185,nan,nan
1706174944195,nan,nan
1706174944207,nan,nan
1706174944217,nan,nan
1706174944228,nan,nan
1706174944239,nan,nan
1706174944250,nan,nan
1706174944284,nan,nan
1706174944301,nan,nan
1706174944307,nan,nan
1706174944318,nan,nan
1706174944328,nan,nan
1706174944339,nan,nan
1706174944350,nan,nan
1706174944362,nan,nan
1706174944373,nan,nan
1706174944383,nan,nan
1706174944395,nan,nan
1706174944434,nan,nan
1706174944439,nan,nan
1706174944450,nan,nan
1706174944461,nan,nan
1706174944472,nan,nan
1706174944482,nan,nan
1706174944494,nan,nan
1706174944505,nan,nan
1706174944516,nan,nan
1706174944528,nan,nan
1706174944539,nan,nan
1706174944571,nan,nan
1706174944572,nan,nan
1706174944589,nan,nan
1706174944594,nan,nan
1706174944607,nan,nan
1706174944615,nan,nan
1706174944628,nan,nan
1706174944639,nan,nan
1706174944649,nan,nan
1706174944661,nan,nan
1706174944673,nan,nan
1706174944682,nan,nan
1706174944718,nan,nan
1706174944728,nan,nan
1706174944739,nan,nan
1706174944750,nan,nan
1706174944761,nan,nan
1706174944772,nan,nan
1706174944783,nan,nan
1706174944794,nan,nan
1706174944806,nan,nan
1706174944816,nan,nan
1706174944827,nan,nan
1706174944868,nan,nan
1706174944869,nan,nan
1706174944872,nan,nan
1706174944888,nan,nan
1706174944894,nan,nan
1706174944907,nan,nan
1706174944915,nan,nan
1706174944927,nan,nan
1706174944939,nan,nan
1706174944949,nan,nan
1706174944961,nan,nan
1706174944972,nan,nan
1706174944982,nan,nan
1706174945020,nan,nan
1706174945021,nan,nan
1706174945027,nan,nan
1706174945039,nan,nan
1706174945049,nan,nan
1706174945061,nan,nan
1706174945072,nan,nan
1706174945082,nan,nan
1706174945094,nan,nan
1706174945105,nan,nan
1706174945115,nan,nan
1706174945127,nan,nan
1706174945149,nan,nan
1706174945169,nan,nan
1706174945172,nan,nan
1706174945188,nan,nan
1706174945195,nan,nan
1706174945207,nan,nan
1706174945215,nan,nan
1706174945228,nan,nan
1706174945239,nan,nan
1706174945248,nan,nan
1706174945261,nan,nan
1706174945301,nan,nan
1706174945305,nan,nan
1706174945316,nan,nan
1706174945330,nan,nan
1706174945339,nan,nan
1706174945349,nan,nan
1706174945361,nan,nan
1706174945372,nan,nan
1706174945381,nan,nan
1706174945393,nan,nan
1706174945405,nan,nan
1706174945415,nan,nan
1706174945451,nan,nan
1706174945452,nan,nan
1706174945460,nan,nan
1706174945472,nan,nan
1706174945483,nan,nan
1706174945494,nan,nan
1706174945505,nan,nan
1706174945516,nan,nan
1706174945527,nan,nan
1706174945539,nan,nan
1706174945550,nan,nan
1706174945587,nan,nan
1706174945588,nan,nan
1706174945593,nan,nan
1706174945605,nan,nan
1706174945615,nan,nan
1706174945626,nan,nan
1706174945638,nan,nan
1706174945649,nan,nan
1706174945660,nan,nan
1706174945671,nan,nan
1706174945682,nan,nan
1706174945693,nan,nan
1706174945714,nan,nan
1706174945734,nan,nan
1706174945735,nan,nan
1706174945739,nan,nan
1706174945752,nan,nan
1706174945761,nan,nan
1706174945779,nan,nan
1706174945796,nan,nan
1706174945805,nan,nan
1706174945817,nan,nan
1706174945828,nan,nan
1706174945868,nan,nan
1706174945869,nan,nan
1706174945875,1660.3148651123047,768.0317974090576
1706174945885,1660.3148651123047,768.0317974090576
1706174945899,1660.3148651123047,768.0317974090576
1706174945909,1671.6444396972656,766.702880859375
1706174945919,1671.6444396972656,766.702880859375
1706174945930,1671.6444396972656,766.702880859375
1706174945941,1682.3817443847656,773.1138324737549
1706174945952,1676.0784149169922,777.0456504821777
1706174945962,1676.0784149169922,777.0456504821777
1706174945975,1596.0604858398438,792.5477886199951
1706174945985,1431.8008422851562,800.040979385376
1706174946018,1405.6089782714844,775.069055557251
1706174946019,1409.8291778564453,783.0187368392944
1706174946036,1409.3661499023438,772.2160863876343
1706174946042,1405.8189392089844,772.5833988189697
1706174946054,1407.5713348388672,775.5383348464966
1706174946064,1409.1402435302734,771.490044593811
1706174946075,1409.757308959961,773.539080619812
1706174946086,1403.3399200439453,782.3049688339233
1706174946097,1397.3680877685547,787.1228170394897
1706174946109,1395.3776550292969,787.7950429916382
1706174946119,1396.7633819580078,788.2629060745239
1706174946154,1400.407943725586,784.3128490447998
1706174946155,1394.5624542236328,785.898699760437
1706174946164,1393.2776641845703,785.2624797821045
1706174946175,1394.3146514892578,782.6246881484985
1706174946186,1398.8133239746094,781.6233015060425
1706174946197,1394.9337005615234,782.8598642349243
1706174946209,1398.2262420654297,784.1525602340698
1706174946219,1395.3485870361328,787.909369468689
1706174946231,1398.3097076416016,791.4679098129272
1706174946242,1398.7586975097656,787.3985481262207
1706174946253,1392.3918914794922,790.2634477615356
1706174946264,1385.9519958496094,793.1877422332764
1706174946302,1371.9610595703125,791.8038940429688
1706174946303,1350.8067321777344,780.1531505584717
1706174946309,1349.9826049804688,778.432502746582
1706174946320,1349.1487884521484,775.6199598312378
1706174946331,1349.3466186523438,773.4784412384033
1706174946341,1353.5993957519531,775.1168632507324
1706174946352,1349.6190643310547,777.7630233764648
1706174946364,1352.9511260986328,776.7485475540161
1706174946375,1352.956314086914,784.2476606369019
1706174946385,1352.4534606933594,781.5305614471436
1706174946397,1349.10888671875,782.7975082397461
1706174946409,1348.6717224121094,785.4065895080566
1706174946419,1350.1818084716797,786.3589668273926
1706174946452,1354.6974182128906,786.2227535247803
1706174946470,1356.6498565673828,779.7120666503906
1706174946476,1359.8443603515625,771.7603254318237
1706174946485,1353.1118774414062,774.0570688247681
1706174946497,1349.461441040039,770.8855390548706
1706174946509,1352.7008056640625,777.3038291931152
1706174946519,1357.1605682373047,778.3851671218872
1706174946530,1359.6235656738281,783.90296459198
1706174946542,1359.53857421875,782.4029445648193
1706174946583,1360.5448150634766,775.4933166503906
1706174946584,1363.1137084960938,771.4130115509033
1706174946585,1362.3509979248047,773.6658525466919
1706174946601,1359.608383178711,776.5460300445557
1706174946608,1355.937728881836,780.0862455368042
1706174946620,1358.492431640625,789.9667310714722
1706174946630,1357.6466369628906,789.7278213500977
1706174946641,1360.5105590820312,788.9083528518677
1706174946652,1359.2333221435547,786.7284679412842
1706174946664,1355.9580993652344,784.4806909561157
1706174946674,1349.8832702636719,780.4096984863281
1706174946686,1337.5030517578125,778.7294769287109
1706174946697,1339.476318359375,782.062668800354
1706174946708,1335.7129669189453,789.4132089614868
1706174946747,1337.6140594482422,798.1388425827026
1706174946748,1340.7061004638672,801.0626649856567
1706174946752,1336.2313842773438,784.898042678833
1706174946765,1335.4632568359375,785.7489252090454
1706174946774,1342.7735900878906,789.4468975067139
1706174946785,1340.5266571044922,794.611759185791
1706174946797,1339.5048522949219,792.8736019134521
1706174946808,1334.6070098876953,789.9258756637573
1706174946819,1340.2885437011719,798.122148513794
1706174946830,1340.2349853515625,800.3413438796997
1706174946841,1335.712890625,798.9442777633667
1706174946887,1330.0173950195312,797.2079658508301
1706174946888,1328.5855102539062,795.1847648620605
1706174946904,1337.906723022461,794.8583507537842
1706174946908,1352.1337127685547,810.577597618103
1706174946919,1398.480224609375,845.2615642547607
1706174946930,1423.3009338378906,863.3664751052856
1706174946941,1434.60205078125,873.3463096618652
1706174946952,1424.2764282226562,865.1342868804932
1706174946964,1424.9093627929688,861.0386610031128
1706174946975,1423.8349914550781,858.0947542190552
1706174946986,1421.467514038086,857.7286434173584
1706174946997,1423.5594940185547,857.1272706985474
1706174947037,1421.5166473388672,857.5843620300293
1706174947041,1427.7790069580078,867.2446489334106
1706174947053,1424.0570831298828,865.8138942718506
1706174947065,1426.1724090576172,864.189076423645
1706174947074,1424.3266296386719,864.2500162124634
1706174947084,1425.7969665527344,864.7216987609863
1706174947096,1423.0989837646484,867.1893739700317
1706174947107,1423.2801818847656,869.0285110473633
1706174947118,1434.6773529052734,865.1529550552368
1706174947130,1487.8234100341797,824.6814250946045
1706174947170,1590.860366821289,745.5688762664795
1706174947174,1908.7214660644531,505.2615523338318
1706174947200,1934.5731353759766,497.15750455856323
1706174947207,1934.1029357910156,499.1549777984619
1706174947219,1936.5731048583984,501.9814467430115
1706174947230,1935.8094787597656,502.63745069503784
1706174947241,1941.9828033447266,498.14348459243774
1706174947251,1944.1513061523438,492.6564574241638
1706174947263,1950.9017181396484,490.463182926178
1706174947274,1952.0651245117188,490.853476524353
1706174947285,1947.8864288330078,487.2766971588135
1706174947297,1941.3092803955078,489.98489141464233
1706174947342,1938.5075378417969,494.85455989837646
1706174947343,1939.826889038086,497.703001499176
1706174947357,1943.859634399414,498.91533851623535
1706174947363,1944.5214080810547,496.96704626083374
1706174947374,1948.7767028808594,491.81493043899536
1706174947385,1977.0043182373047,486.04461908340454
1706174947397,1990.0299835205078,476.78093433380127
1706174947407,1997.7582550048828,473.7677836418152
1706174947418,2000.5213928222656,471.796338558197
1706174947430,1999.7798919677734,472.17530250549316
1706174947441,2000.8299255371094,467.3356103897095
1706174947451,1996.76025390625,469.02872800827026
1706174947488,1999.6534729003906,474.931583404541
1706174947496,1997.613525390625,470.40221214294434
1706174947507,2002.6515197753906,471.52419090270996
1706174947519,2002.9563903808594,474.2829394340515
1706174947529,2006.8081665039062,477.7942943572998
1706174947540,2003.2395935058594,476.5167045593262
1706174947552,2000.4881286621094,473.18256855010986
1706174947563,2003.7664794921875,473.0121088027954
1706174947574,2004.136734008789,473.4296751022339
1706174947585,2013.2664489746094,467.5729537010193
1706174947597,2017.1044158935547,462.73939847946167
1706174947637,2025.4667663574219,462.1248507499695
1706174947638,2021.8722534179688,464.90018606185913
1706174947640,2013.1224060058594,476.41823530197144
1706174947654,1957.5540924072266,530.342652797699
1706174947662,1936.89453125,545.9244203567505
1706174947674,1748.2869720458984,677.0934534072876
1706174947685,1465.9458923339844,836.1775016784668
1706174947696,1464.8120880126953,840.6842565536499
1706174947707,1457.730941772461,847.5614833831787
1706174947718,1465.4986572265625,852.6285409927368
1706174947730,1465.4590606689453,850.9351444244385
1706174947741,1463.921890258789,849.1216707229614
1706174947752,1462.9072570800781,845.5635166168213
1706174947789,1463.5424041748047,846.1721420288086
1706174947790,1467.8190612792969,843.6794471740723
1706174947797,1459.265365600586,841.0665035247803
1706174947807,1457.6531219482422,847.0096778869629
1706174947821,1450.6502532958984,851.006555557251
1706174947829,1456.931381225586,854.4306421279907
1706174947840,1451.9135284423828,849.136176109314
1706174947851,1451.1966705322266,850.0275278091431
1706174947862,1447.5476837158203,843.8537693023682
1706174947873,1449.1412353515625,845.9388542175293
1706174947884,1451.3895416259766,842.79869556427
1706174947896,1453.610610961914,842.6225709915161
1706174947936,1454.7305297851562,848.3879470825195
1706174947937,1458.0744171142578,845.0595188140869
1706174947940,1460.8480834960938,836.9550848007202
1706174947954,1459.2228698730469,839.2560768127441
1706174947962,1452.3804473876953,844.8107814788818
1706174947974,1451.5093231201172,851.8078708648682
1706174947984,1455.7561492919922,853.5798454284668
1706174947996,1457.4240112304688,849.1075086593628
1706174948007,1452.079086303711,855.1751375198364
1706174948018,1445.3445434570312,877.4890995025635
1706174948029,1445.4634857177734,879.4049692153931
1706174948070,1445.0253295898438,885.0294542312622
1706174948073,1444.4348907470703,872.2275066375732
1706174948086,1443.6216735839844,884.4747304916382
1706174948096,1437.4010467529297,877.6226091384888
1706174948108,1528.543472290039,914.8883199691772
1706174948117,1700.2626037597656,981.027774810791
1706174948128,1952.3041534423828,1137.835078239441
1706174948138,nan,nan
1706174948149,nan,nan
1706174948161,nan,nan
1706174948172,nan,nan
1706174948183,nan,nan
1706174948218,nan,nan
1706174948219,nan,nan
1706174948226,nan,nan
1706174948236,nan,nan
1706174948249,nan,nan
1706174948266,nan,nan
1706174948283,nan,nan
1706174948295,nan,nan
1706174948307,nan,nan
1706174948316,nan,nan
1706174948328,nan,nan
1706174948368,nan,nan
1706174948369,nan,nan
1706174948374,nan,nan
1706174948385,nan,nan
1706174948395,nan,nan
1706174948406,nan,nan
1706174948416,nan,nan
1706174948427,nan,nan
1706174948439,nan,nan
1706174948449,nan,nan
1706174948461,nan,nan
1706174948473,nan,nan
1706174948482,nan,nan
1706174948519,nan,nan
1706174948520,nan,nan
1706174948528,nan,nan
1706174948539,nan,nan
1706174948550,nan,nan
1706174948561,nan,nan
1706174948573,nan,nan
1706174948582,nan,nan
1706174948594,nan,nan
1706174948606,nan,nan
1706174948616,nan,nan
1706174948628,nan,nan
1706174948669,nan,nan
1706174948673,nan,nan
1706174948684,nan,nan
1706174948694,nan,nan
1706174948706,nan,nan
1706174948716,nan,nan
1706174948728,nan,nan
1706174948739,nan,nan
1706174948749,nan,nan
1706174948761,nan,nan
1706174948773,nan,nan
1706174948782,nan,nan
1706174948822,nan,nan
1706174948827,nan,nan
1706174948839,nan,nan
1706174948849,nan,nan
1706174948860,nan,nan
1706174948872,nan,nan
1706174948882,nan,nan
1706174948894,nan,nan
1706174948905,nan,nan
1706174948915,nan,nan
1706174948927,nan,nan
1706174948970,nan,nan
1706174948971,nan,nan
1706174948972,nan,nan
1706174948987,nan,nan
1706174948994,nan,nan
1706174949006,nan,nan
1706174949016,nan,nan
1706174949027,nan,nan
1706174949039,nan,nan
1706174949049,nan,nan
1706174949061,nan,nan
1706174949073,nan,nan
1706174949091,nan,nan
1706174949114,nan,nan
1706174949116,nan,nan
1706174949132,nan,nan
1706174949139,nan,nan
1706174949150,nan,nan
1706174949160,nan,nan
1706174949172,nan,nan
1706174949182,nan,nan
1706174949193,nan,nan
1706174949205,nan,nan
1706174949216,nan,nan
1706174949236,nan,nan
1706174949256,nan,nan
1706174949257,nan,nan
1706174949260,nan,nan
1706174949274,nan,nan
1706174949282,nan,nan
1706174949294,nan,nan
1706174949305,nan,nan
1706174949315,nan,nan
1706174949327,nan,nan
1706174949339,nan,nan
1706174949349,nan,nan
1706174949360,nan,nan
1706174949372,nan,nan
1706174949406,nan,nan
1706174949407,nan,nan
1706174949416,nan,nan
1706174949427,nan,nan
1706174949439,nan,nan
1706174949449,nan,nan
1706174949461,nan,nan
1706174949472,nan,nan
1706174949482,nan,nan
1706174949494,nan,nan
1706174949506,nan,nan
1706174949516,nan,nan
1706174949555,nan,nan
1706174949560,nan,nan
1706174949572,nan,nan
1706174949581,nan,nan
1706174949593,nan,nan
1706174949605,nan,nan
1706174949615,nan,nan
1706174949627,nan,nan
1706174949638,nan,nan
1706174949649,nan,nan
1706174949660,nan,nan
1706174949683,nan,nan
1706174949703,nan,nan
1706174949704,nan,nan
1706174949706,nan,nan
1706174949720,nan,nan
1706174949727,nan,nan
1706174949740,nan,nan
1706174949749,nan,nan
1706174949761,nan,nan
1706174949772,nan,nan
1706174949782,nan,nan
1706174949794,nan,nan
1706174949838,nan,nan
1706174949839,nan,nan
1706174949846,nan,nan
1706174949862,nan,nan
1706174949872,nan,nan
1706174949883,nan,nan
1706174949894,nan,nan
1706174949905,1784.6549987792969,880.6742763519287
1706174949916,1784.6549987792969,880.6742763519287
1706174949927,1784.6549987792969,880.6742763519287
1706174949938,1606.7007446289062,784.4822788238525
1706174949950,1606.7007446289062,784.4822788238525
1706174949988,1610.1199340820312,838.6362504959106
1706174949989,1629.8322296142578,874.8025131225586
1706174949996,1639.0702819824219,869.0610837936401
1706174950008,1627.6092529296875,870.0212717056274
1706174950019,1627.4054718017578,881.3852119445801
1706174950029,1627.4054718017578,881.3852119445801
1706174950041,1493.7374114990234,837.4408435821533
1706174950052,1444.2526245117188,836.0401296615601
1706174950064,1429.1627502441406,828.2480764389038
1706174950075,1412.433090209961,827.8465175628662
1706174950086,1407.7782440185547,816.5171241760254
1706174950121,1412.7445220947266,821.9475030899048
1706174950122,1415.0546264648438,827.8083229064941
1706174950129,1419.930419921875,848.4103059768677
1706174950140,1414.6249389648438,848.5659170150757
1706174950151,1408.3853149414062,832.5848865509033
1706174950163,1411.125717163086,832.4598741531372
1706174950174,1414.25048828125,824.015679359436
1706174950185,1418.6402130126953,819.9388074874878
1706174950196,1417.0802307128906,820.712742805481
1706174950208,1420.79345703125,819.0052270889282
1706174950218,1418.8822174072266,817.101845741272
1706174950230,1415.7417297363281,806.507978439331
1706174950241,1409.6121978759766,813.230710029602
1706174950273,1408.3805084228516,817.228274345398
1706174950274,1406.3269805908203,818.9990043640137
1706174950291,1419.7882080078125,813.8836669921875
1706174950297,1426.3850402832031,817.0855379104614
1706174950308,1412.3566436767578,824.0780782699585
1706174950318,1394.2766571044922,830.2900743484497
1706174950330,1384.8410034179688,833.4188175201416
1706174950341,1385.0012969970703,835.4253673553467
1706174950352,1387.6251220703125,833.7630844116211
1706174950363,1384.2330169677734,837.4375820159912
1706174950374,1383.7220001220703,836.7760848999023
1706174950385,1384.6568298339844,837.5969696044922
1706174950421,1378.3928680419922,840.3869390487671
1706174950429,1522.006607055664,913.1654405593872
1706174950440,1533.9593505859375,1020.6806945800781
1706174950453,2128.759307861328,1234.7383117675781
1706174950461,nan,nan
1706174950472,nan,nan
1706174950483,nan,nan
1706174950495,nan,nan
1706174950506,nan,nan
1706174950517,nan,nan
1706174950557,nan,nan
1706174950558,nan,nan
1706174950560,nan,nan
1706174950573,nan,nan
1706174950583,nan,nan
1706174950592,nan,nan
1706174950610,nan,nan
1706174950630,nan,nan
1706174950642,nan,nan
1706174950651,nan,nan
1706174950663,nan,nan
1706174950705,nan,nan
1706174950709,nan,nan
1706174950721,nan,nan
1706174950731,nan,nan
1706174950742,nan,nan
1706174950752,nan,nan
1706174950764,nan,nan
1706174950776,nan,nan
1706174950785,nan,nan
1706174950796,nan,nan
1706174950808,nan,nan
1706174950818,nan,nan
1706174950855,nan,nan
1706174950856,nan,nan
1706174950863,nan,nan
1706174950875,nan,nan
1706174950886,nan,nan
1706174950897,nan,nan
1706174950908,nan,nan
1706174950919,nan,nan
1706174950930,nan,nan
1706174950942,nan,nan
1706174950952,nan,nan
1706174950964,nan,nan
1706174951005,nan,nan
1706174951007,nan,nan
1706174951023,nan,nan
1706174951030,nan,nan
1706174951041,nan,nan
1706174951051,nan,nan
1706174951063,nan,nan
1706174951074,nan,nan
1706174951085,nan,nan
1706174951097,nan,nan
1706174951108,nan,nan
1706174951140,nan,nan
1706174951141,nan,nan
1706174951156,nan,nan
1706174951164,nan,nan
1706174951175,nan,nan
1706174951184,nan,nan
1706174951197,nan,nan
1706174951208,nan,nan
1706174951218,nan,nan
1706174951230,nan,nan
1706174951241,nan,nan
1706174951251,nan,nan
1706174951290,nan,nan
1706174951291,nan,nan
1706174951297,nan,nan
1706174951309,nan,nan
1706174951318,nan,nan
1706174951330,nan,nan
1706174951342,nan,nan
1706174951350,nan,nan
1706174951363,nan,nan
1706174951374,nan,nan
1706174951384,nan,nan
1706174951396,nan,nan
1706174951408,nan,nan
1706174951448,nan,nan
1706174951449,nan,nan
1706174951451,nan,nan
1706174951466,nan,nan
1706174951474,nan,nan
1706174951485,nan,nan
1706174951496,nan,nan
1706174951507,nan,nan
1706174951518,nan,nan
1706174951529,nan,nan
1706174951540,nan,nan
1706174951551,nan,nan
1706174951563,nan,nan
1706174951574,nan,nan
1706174951606,nan,nan
1706174951608,nan,nan
1706174951625,nan,nan
1706174951629,nan,nan
1706174951641,nan,nan
1706174951651,nan,nan
1706174951663,nan,nan
1706174951674,nan,nan
1706174951685,nan,nan
1706174951696,nan,nan
1706174951708,nan,nan
1706174951718,nan,nan
1706174951758,nan,nan
1706174951759,nan,nan
1706174951762,nan,nan
1706174951774,nan,nan
1706174951784,nan,nan
1706174951795,nan,nan
1706174951807,nan,nan
1706174951817,nan,nan
1706174951829,nan,nan
1706174951840,nan,nan
1706174951850,nan,nan
1706174951862,nan,nan
1706174951874,nan,nan
1706174951905,nan,nan
1706174951906,nan,nan
1706174951907,nan,nan
1706174951923,nan,nan
1706174951929,nan,nan
1706174951942,nan,nan
1706174951951,nan,nan
1706174951962,nan,nan
1706174951974,nan,nan
1706174951984,nan,nan
1706174951996,nan,nan
1706174952038,nan,nan
1706174952042,nan,nan
1706174952053,nan,nan
1706174952066,nan,nan
1706174952084,nan,nan
1706174952096,nan,nan
1706174952108,2023.4580993652344,997.8144550323486
1706174952119,2023.4580993652344,997.8144550323486
1706174952130,2023.4580993652344,997.8144550323486
1706174952141,1798.4217834472656,841.2191963195801
1706174952152,1798.4217834472656,841.2191963195801
1706174952189,1798.4217834472656,841.2191963195801
1706174952204,1810.1116943359375,885.873384475708
1706174952210,1806.4649200439453,906.2982559204102
1706174952222,1807.5340270996094,906.954345703125
1706174952233,1809.9791717529297,905.4651832580566
1706174952244,1804.4046783447266,904.0697908401489
1706174952254,1806.8000793457031,900.8026885986328
1706174952266,1767.3218536376953,895.9456157684326
1706174952277,1710.9319305419922,876.8913745880127
1706174952288,1517.925033569336,828.9600849151611
1706174952326,1486.6179656982422,825.4537725448608
1706174952327,1471.1103820800781,821.7773866653442
1706174952333,1486.7630767822266,825.4982328414917
1706174952344,1488.7257385253906,829.9261093139648
1706174952355,1484.0855407714844,819.4007778167725
1706174952366,1483.3018493652344,824.8065662384033
1706174952377,1482.0068359375,826.3165855407715
1706174952388,1490.2794647216797,829.9691534042358
1706174952400,1486.0243225097656,829.743161201477
1706174952411,1488.9765167236328,824.1827917098999
1706174952422,1482.0084381103516,826.6540288925171
1706174952459,1483.5694885253906,828.7764930725098
1706174952474,1482.4398040771484,836.1720514297485
1706174952476,1481.2932586669922,837.0542192459106
1706174952488,1477.7279663085938,832.2465419769287
1706174952499,1473.7547302246094,824.8694801330566
1706174952510,1556.6719055175781,929.1305923461914
1706174952519,1639.8417663574219,1043.5344886779785
1706174952530,1834.4184875488281,1287.6585531234741
1706174952541,nan,nan
1706174952552,nan,nan
1706174952564,nan,nan
1706174952605,nan,nan
1706174952608,nan,nan
1706174952621,nan,nan
1706174952631,nan,nan
1706174952643,1703.023681640625,974.2059516906738
1706174952653,1565.0,1092.571792602539
1706174952665,1511.4675903320312,1022.682523727417
1706174952677,1447.6343536376953,872.1178579330444
1706174952688,1441.9586181640625,810.812816619873
1706174952699,1445.4718017578125,809.6219158172607
1706174952748,1438.4605407714844,835.797700881958
1706174952749,1437.190933227539,826.687331199646
1706174952754,1439.7571563720703,824.301495552063
1706174952766,1442.7933502197266,824.1082048416138
1706174952780,1441.4186096191406,823.0762624740601
1706174952787,1441.9959259033203,819.7580480575562
1706174952799,1440.4418182373047,819.6492147445679
1706174952810,1442.4458312988281,817.865309715271
1706174952821,1438.2746887207031,820.2842330932617
1706174952832,1440.354232788086,828.0036735534668
1706174952843,1434.087905883789,831.5165948867798
1706174952854,1426.073989868164,828.593544960022
1706174952895,1416.6828155517578,808.3057022094727
1706174952896,1420.4065704345703,787.9894924163818
1706174952899,1430.2690887451172,767.6658582687378
1706174952910,1427.2164916992188,767.2020292282104
1706174952921,1423.9314270019531,767.0120429992676
1706174952932,1423.3226776123047,766.0064935684204
1706174952944,1419.2808532714844,765.2021312713623
1706174952955,1418.2362365722656,768.4643411636353
1706174952966,1417.010498046875,770.3798675537109
1706174952977,1415.928726196289,772.8395175933838
1706174952988,1417.4005889892578,773.1407833099365
1706174952999,1418.6339569091797,770.0309658050537
1706174953044,1418.9999389648438,771.5924406051636
1706174953045,1419.9624633789062,770.0926351547241
1706174953061,1772.2569274902344,601.089391708374
1706174953066,1949.7526550292969,526.3556241989136
1706174953078,2080.6478881835938,486.0441470146179
1706174953087,2100.4454040527344,487.40123748779297
1706174953098,2101.1890411376953,489.85084533691406
1706174953109,2090.5909729003906,485.2534317970276
1706174953120,2097.4568939208984,487.7847933769226
1706174953132,2098.073959350586,487.4532723426819
1706174953143,2101.4769744873047,496.2725257873535
1706174953154,2092.3590087890625,499.97440338134766
1706174953194,2096.292953491211,499.1836881637573
1706174953195,2100.042037963867,495.3618621826172
1706174953199,2098.416976928711,487.68113136291504
1706174953214,2095.2198028564453,491.68710708618164
1706174953221,2096.969985961914,495.44947385787964
1706174953233,2096.2887573242188,499.1761565208435
1706174953244,2095.746841430664,492.9529809951782
1706174953254,2096.9085693359375,487.7668333053589
1706174953265,2100.1541900634766,487.2057795524597
1706174953276,2098.450469970703,492.58092641830444
1706174953287,2094.6890258789062,495.67426443099976
1706174953299,2093.7420654296875,491.35550022125244
1706174953341,2099.615478515625,485.82813262939453
1706174953342,2100.0557708740234,485.3716850280762
1706174953343,2086.716537475586,498.0988097190857
1706174953358,2089.983673095703,523.6724066734314
1706174953366,2171.330108642578,549.7755575180054
1706174953376,2202.8214263916016,577.2301340103149
1706174953386,2506.7706298828125,633.7555646896362
1706174953397,nan,nan
1706174953407,nan,nan
1706174953418,nan,nan
1706174953430,nan,nan
1706174953441,nan,nan
1706174953452,nan,nan
1706174953494,nan,nan
1706174953495,nan,nan
1706174953496,nan,nan
1706174953510,nan,nan
1706174953517,nan,nan
1706174953527,nan,nan
1706174953546,nan,nan
1706174953566,nan,nan
1706174953577,nan,nan
1706174953587,nan,nan
1706174953599,nan,nan
1706174953611,nan,nan
1706174953643,nan,nan
1706174953644,nan,nan
1706174953661,nan,nan
1706174953665,nan,nan
1706174953677,nan,nan
1706174953687,nan,nan
1706174953699,nan,nan
1706174953710,nan,nan
1706174953720,nan,nan
1706174953732,nan,nan
1706174953744,nan,nan
1706174953754,nan,nan
1706174953793,nan,nan
1706174953794,nan,nan
1706174953799,nan,nan
1706174953812,nan,nan
1706174953820,nan,nan
1706174953831,nan,nan
1706174953843,nan,nan
1706174953853,nan,nan
1706174953865,nan,nan
1706174953877,nan,nan
1706174953886,nan,nan
1706174953898,nan,nan
1706174953941,nan,nan
1706174953943,nan,nan
1706174953960,nan,nan
1706174953966,nan,nan
1706174953977,nan,nan
1706174953987,nan,nan
1706174953998,nan,nan
1706174954010,nan,nan
1706174954020,nan,nan
1706174954032,nan,nan
1706174954044,nan,nan
1706174954053,nan,nan
1706174954094,nan,nan
1706174954099,nan,nan
1706174954112,nan,nan
1706174954120,nan,nan
1706174954132,nan,nan
1706174954144,nan,nan
1706174954154,nan,nan
1706174954165,nan,nan
1706174954177,nan,nan
1706174954187,nan,nan
1706174954198,nan,nan
1706174954210,nan,nan
1706174954243,nan,nan
1706174954244,nan,nan
1706174954261,nan,nan
1706174954265,nan,nan
1706174954277,nan,nan
1706174954286,nan,nan
1706174954298,nan,nan
1706174954310,nan,nan
1706174954320,nan,nan
1706174954331,nan,nan
1706174954344,nan,nan
1706174954353,nan,nan
1706174954395,nan,nan
1706174954396,nan,nan
1706174954398,nan,nan
1706174954413,nan,nan
1706174954420,nan,nan
1706174954432,nan,nan
1706174954443,nan,nan
1706174954453,nan,nan
1706174954465,nan,nan
1706174954477,nan,nan
1706174954486,nan,nan
1706174954499,nan,nan
1706174954522,nan,nan
1706174954543,nan,nan
1706174954544,nan,nan
1706174954553,nan,nan
1706174954564,nan,nan
1706174954577,nan,nan
1706174954586,nan,nan
1706174954598,nan,nan
1706174954609,nan,nan
1706174954619,nan,nan
1706174954631,nan,nan
1706174954643,nan,nan
1706174954653,nan,nan
1706174954673,nan,nan
1706174954694,nan,nan
1706174954698,nan,nan
1706174954711,nan,nan
1706174954719,nan,nan
1706174954731,nan,nan
1706174954743,nan,nan
1706174954753,nan,nan
1706174954765,nan,nan
1706174954776,nan,nan
1706174954786,nan,nan
1706174954797,nan,nan
1706174954842,nan,nan
1706174954843,nan,nan
1706174954859,nan,nan
1706174954864,nan,nan
1706174954877,nan,nan
1706174954886,nan,nan
1706174954898,nan,nan
1706174954909,nan,nan
1706174954920,nan,nan
1706174954931,nan,nan
1706174954943,nan,nan
1706174954953,nan,nan
1706174954993,nan,nan
1706174954994,nan,nan
1706174954998,nan,nan
1706174955010,nan,nan
1706174955020,nan,nan
1706174955031,nan,nan
1706174955043,nan,nan
1706174955053,nan,nan
1706174955064,nan,nan
1706174955077,nan,nan
1706174955087,nan,nan
1706174955098,nan,nan
1706174955143,nan,nan
1706174955144,nan,nan
1706174955159,nan,nan
1706174955164,nan,nan
1706174955176,nan,nan
1706174955186,nan,nan
1706174955198,nan,nan
1706174955209,nan,nan
1706174955219,nan,nan
1706174955231,nan,nan
1706174955242,nan,nan
1706174955253,nan,nan
1706174955293,nan,nan
1706174955294,nan,nan
1706174955298,nan,nan
1706174955309,nan,nan
1706174955321,nan,nan
1706174955331,nan,nan
1706174955342,nan,nan
1706174955353,nan,nan
1706174955364,nan,nan
1706174955376,nan,nan
1706174955386,nan,nan
1706174955397,nan,nan
1706174955409,nan,nan
1706174955442,nan,nan
1706174955443,nan,nan
1706174955458,nan,nan
1706174955464,nan,nan
1706174955476,nan,nan
1706174955485,nan,nan
1706174955498,nan,nan
1706174955509,nan,nan
1706174955519,nan,nan
1706174955531,nan,nan
1706174955543,nan,nan
1706174955577,nan,nan
1706174955578,nan,nan
1706174955586,nan,nan
1706174955598,nan,nan
1706174955609,nan,nan
1706174955619,nan,nan
1706174955631,nan,nan
1706174955643,nan,nan
1706174955653,nan,nan
1706174955665,nan,nan
1706174955675,nan,nan
1706174955686,nan,nan
1706174955726,nan,nan
1706174955727,nan,nan
1706174955730,nan,nan
1706174955745,nan,nan
1706174955752,nan,nan
1706174955764,nan,nan
1706174955775,nan,nan
1706174955785,nan,nan
1706174955797,nan,nan
1706174955809,nan,nan
1706174955819,nan,nan
1706174955831,nan,nan
1706174955842,nan,nan
1706174955877,nan,nan
1706174955878,nan,nan
1706174955886,nan,nan
1706174955898,nan,nan
1706174955909,nan,nan
1706174955919,nan,nan
1706174955931,nan,nan
1706174955942,nan,nan
1706174955952,nan,nan
1706174955965,nan,nan
1706174955976,nan,nan
1706174956008,nan,nan
1706174956009,nan,nan
1706174956023,nan,nan
1706174956031,nan,nan
1706174956043,nan,nan
1706174956052,nan,nan
1706174956064,nan,nan
1706174956076,nan,nan
1706174956086,nan,nan
1706174956097,nan,nan
1706174956108,nan,nan
1706174956118,nan,nan
1706174956138,nan,nan
1706174956159,nan,nan
1706174956160,nan,nan
1706174956164,nan,nan
1706174956175,nan,nan
1706174956186,nan,nan
1706174956197,nan,nan
1706174956208,nan,nan
1706174956219,nan,nan
1706174956230,nan,nan
1706174956243,nan,nan
1706174956253,nan,nan
1706174956293,nan,nan
1706174956294,nan,nan
1706174956298,nan,nan
1706174956317,nan,nan
1706174956331,nan,nan
1706174956342,nan,nan
1706174956353,nan,nan
1706174956364,nan,nan
1706174956375,nan,nan
1706174956387,nan,nan
1706174956398,nan,nan
1706174956409,1393.7167358398438,821.5900611877441
1706174956443,1393.7167358398438,821.5900611877441
1706174956444,1393.7167358398438,821.5900611877441
1706174956460,1400.9130859375,806.8973064422607
1706174956466,1398.0499267578125,816.6917896270752
1706174956477,1377.4453735351562,825.6359052658081
1706174956488,1380.37841796875,826.9534063339233
1706174956500,1379.6168518066406,832.6560401916504
1706174956511,1384.1131591796875,839.0633869171143
1706174956522,1384.8847198486328,835.9902191162109
1706174956533,1381.3548278808594,831.6189050674438
1706174956544,1381.9342041015625,812.286787033081
1706174956555,1394.0608978271484,751.9775104522705
1706174956596,1403.7727355957031,714.0365695953369
1706174956597,1409.5515441894531,697.813560962677
1706174956600,1411.976318359375,718.9181900024414
1706174956613,1409.4810485839844,718.7254357337952
1706174956622,1408.1837463378906,716.1437559127808
1706174956633,1403.5025787353516,715.6815791130066
1706174956644,1404.7250366210938,717.8351140022278
1706174956655,1393.8836669921875,711.5827560424805
1706174956667,1399.7723388671875,705.8526563644409
1706174956678,1421.394271850586,730.0394654273987
1706174956688,1456.314926147461,751.9351530075073
1706174956698,1505.564193725586,811.4835405349731
1706174956709,nan,nan
1706174956744,nan,nan
1706174956760,nan,nan
1706174956766,nan,nan
1706174956778,nan,nan
1706174956787,nan,nan
1706174956799,1881.9747924804688,823.3655548095703
1706174956811,1549.866943359375,789.2433500289917
1706174956822,1496.0762786865234,786.1335325241089
1706174956833,1453.092041015625,774.741096496582
1706174956844,1431.3785552978516,746.7653775215149
1706174956855,1424.637451171875,708.4342288970947
1706174956893,1428.294677734375,713.2877397537231
1706174956894,1428.9728546142578,706.0476851463318
1706174956900,1426.0275268554688,697.6169443130493
1706174956911,1428.4088134765625,699.1045832633972
1706174956923,1434.9795532226562,702.6281046867371
1706174956933,1431.3789367675781,700.2462601661682
1706174956944,1426.5908813476562,702.9483389854431
1706174956955,1426.0963439941406,699.6994543075562
1706174956966,1426.8885803222656,697.8388381004333
1706174956977,1429.3450927734375,694.5939016342163
1706174956988,1428.2735443115234,700.3305673599243
1706174957000,1424.8548889160156,705.735776424408
1706174957022,1421.8067169189453,708.1164836883545
1706174957042,1418.6808776855469,708.556215763092
1706174957043,1422.1747589111328,708.9783525466919
1706174957044,1424.626235961914,707.5023865699768
1706174957057,1425.9854125976562,702.2335839271545
1706174957066,1423.2859802246094,699.8416757583618
1706174957078,1428.1156921386719,698.694806098938
1706174957088,1431.1502075195312,699.9531698226929
1706174957100,1433.3027648925781,701.4155530929565
1706174957111,1429.8388671875,702.6091575622559
1706174957122,1422.0120239257812,697.7690148353577
1706174957133,1420.518569946289,700.4070210456848
1706174957144,1421.2433624267578,700.5154037475586
1706174957176,1423.9352416992188,698.9117860794067
1706174957177,1425.5036926269531,695.1515221595764
1706174957178,1423.6446380615234,700.8923935890198
1706174957193,1421.6084289550781,702.8405356407166
1706174957200,1420.5597686767578,704.1221165657043
1706174957211,1420.8567810058594,696.8637585639954
1706174957221,1423.1829833984375,699.1745352745056
1706174957232,1426.7579650878906,697.595636844635
1706174957244,1430.6492614746094,693.3798694610596
1706174957255,1433.3316040039062,696.4683794975281
1706174957266,1430.4586029052734,693.41632604599
1706174957277,1426.6741180419922,698.5959506034851
1706174957288,1424.245834350586,685.2008700370789
1706174957333,1420.6431579589844,685.8387422561646
1706174957348,1440.9337615966797,697.9971957206726
1706174957355,1436.264419555664,696.1900520324707
1706174957367,1432.102279663086,696.7739152908325
1706174957377,1426.8383026123047,691.7147970199585
1706174957388,1430.6741333007812,695.6014680862427
1706174957400,1425.7978820800781,694.5875716209412
1706174957410,1426.8968963623047,694.5154094696045
1706174957421,1423.3541870117188,691.1041116714478
1706174957433,1431.0540008544922,692.3462533950806
1706174957444,1429.344253540039,693.243420124054
1706174957483,1430.5895233154297,693.5688042640686
1706174957484,1426.9646453857422,693.5245585441589
1706174957488,1428.9684295654297,689.505021572113
1706174957500,1427.60498046875,685.7743692398071
1706174957511,1429.8294067382812,687.7893090248108
1706174957522,1429.8234558105469,681.9028687477112
1706174957533,1429.5397186279297,683.2650017738342
1706174957544,1426.4093017578125,685.9493136405945
1706174957555,1424.4854736328125,695.4789018630981
1706174957566,1428.0308532714844,696.6843724250793
1706174957578,1426.657485961914,692.9633975028992
1706174957587,1425.5302429199219,692.0042181015015
1706174957599,1424.9226379394531,697.9571771621704
1706174957637,1424.1622161865234,699.3092036247253
1706174957638,1416.2815856933594,705.1842284202576
1706174957643,1317.5349426269531,725.6672716140747
1706174957655,1239.4834518432617,734.9714469909668
1706174957666,1228.8112258911133,731.9839382171631
1706174957677,1234.232521057129,732.0335912704468
1706174957688,1236.5234756469727,738.4403800964355
1706174957699,1235.787467956543,733.5507130622864
1706174957711,1233.571662902832,730.5933094024658
1706174957721,1232.5835037231445,723.6504006385803
1706174957733,1235.1012420654297,726.2289476394653
1706174957744,1236.2537002563477,726.6883993148804
1706174957755,1234.7447967529297,731.114387512207
1706174957796,1232.2746276855469,744.6993255615234
1706174957797,1220.7339096069336,769.5038366317749
1706174957799,1222.4764251708984,766.2454891204834
1706174957812,1223.0192565917969,766.4635848999023
1706174957821,1221.4015197753906,763.7037420272827
1706174957832,1171.8796920776367,725.2692747116089
1706174957843,1071.7406463623047,652.2672271728516
1706174957855,844.8262023925781,528.547203540802
1706174957865,768.7443542480469,493.4762692451477
1706174957877,714.0184020996094,486.326744556427
1706174957887,683.3590316772461,479.09128189086914
1706174957899,680.3953552246094,471.8115520477295
1706174957910,673.8930511474609,467.19645738601685
1706174957946,674.2481231689453,466.0140109062195
1706174957954,681.536750793457,472.8451466560364
1706174957966,675.2342224121094,476.7065620422363
1706174957977,675.4905700683594,471.94849491119385
1706174957988,672.604866027832,469.10470962524414
1706174957999,678.5050582885742,466.759729385376
1706174958010,675.1313781738281,471.2482237815857
1706174958021,685.3454971313477,476.92171812057495
1706174958032,683.2634735107422,474.65866327285767
1706174958044,687.9576873779297,474.5277714729309
1706174958054,683.1488418579102,471.9485378265381
1706174958096,684.850959777832,474.1965079307556
1706174958097,682.5250625610352,472.8282165527344
1706174958099,690.3686904907227,491.06056451797485
1706174958113,762.6191329956055,533.777060508728
1706174958121,973.3235931396484,636.0673928260803
1706174958134,1097.4907684326172,704.0023612976074
1706174958144,1163.5028457641602,739.9706554412842
1706174958155,1197.937240600586,762.6451063156128
1706174958165,1197.5125885009766,763.4503698348999
1706174958176,1199.3877410888672,762.8462076187134
1706174958187,1205.1313781738281,766.5216493606567
1706174958199,1207.1506118774414,764.8483800888062
1706174958210,1209.450798034668,765.3981256484985
1706174958244,1211.3812255859375,767.7123355865479
1706174958245,1207.6986694335938,764.7017812728882
1706174958260,1206.7840576171875,779.5606184005737
1706174958266,1204.8035430908203,784.4461870193481
1706174958277,1209.2619323730469,784.2665863037109
1706174958287,1213.6012268066406,779.2772912979126
1706174958299,1213.3587265014648,777.281084060669
1706174958310,1221.085090637207,774.5417547225952
1706174958321,1288.657455444336,774.5911073684692
1706174958332,1321.6934967041016,775.0448942184448
1706174958343,1347.0030212402344,772.7648448944092
1706174958379,1332.9106140136719,769.4499349594116
1706174958387,1341.1924743652344,776.8849754333496
1706174958399,1341.4506530761719,777.287392616272
1706174958411,1339.0583801269531,780.1391172409058
1706174958421,1336.4974975585938,772.022066116333
1706174958432,1332.8643798828125,766.9408893585205
1706174958443,1352.2709655761719,762.4629735946655
1706174958454,1448.520278930664,806.6995525360107
1706174958464,1554.9043273925781,851.1756420135498
1706174958475,1740.238037109375,977.7921295166016
1706174958486,nan,nan
1706174958497,nan,nan
1706174958532,nan,nan
1706174958533,nan,nan
1706174958540,nan,nan
1706174958551,nan,nan
1706174958562,nan,nan
1706174958573,nan,nan
1706174958584,nan,nan
1706174958595,nan,nan
1706174958606,nan,nan
1706174958618,nan,nan
1706174958629,nan,nan
1706174958640,nan,nan
1706174958681,nan,nan
1706174958682,nan,nan
1706174958701,nan,nan
1706174958710,nan,nan
1706174958721,nan,nan
1706174958731,nan,nan
1706174958743,nan,nan
1706174958754,nan,nan
1706174958765,nan,nan
1706174958776,nan,nan
1706174958788,nan,nan
1706174958832,nan,nan
1706174958833,nan,nan
1706174958850,nan,nan
1706174958854,nan,nan
1706174958865,nan,nan
1706174958876,nan,nan
1706174958887,nan,nan
1706174958897,nan,nan
1706174958914,nan,nan
1706174958933,nan,nan
1706174958945,nan,nan
1706174958978,nan,nan
1706174958979,nan,nan
1706174958996,nan,nan
1706174959000,nan,nan
1706174959012,nan,nan
1706174959022,nan,nan
1706174959034,nan,nan
1706174959046,nan,nan
1706174959055,nan,nan
1706174959067,nan,nan
1706174959079,nan,nan
1706174959112,nan,nan
1706174959113,nan,nan
1706174959130,nan,nan
1706174959134,nan,nan
1706174959146,nan,nan
1706174959156,nan,nan
1706174959167,nan,nan
1706174959179,nan,nan
1706174959189,nan,nan
1706174959201,nan,nan
1706174959213,nan,nan
1706174959223,nan,nan
1706174959267,nan,nan
1706174959268,nan,nan
1706174959283,nan,nan
1706174959290,nan,nan
1706174959301,nan,nan
1706174959312,nan,nan
1706174959322,nan,nan
1706174959333,nan,nan
1706174959345,nan,nan
1706174959355,nan,nan
1706174959367,nan,nan
1706174959379,nan,nan
1706174959412,nan,nan
1706174959413,nan,nan
1706174959428,nan,nan
1706174959434,nan,nan
1706174959445,nan,nan
1706174959455,nan,nan
1706174959467,nan,nan
1706174959479,nan,nan
1706174959489,nan,nan
1706174959500,nan,nan
1706174959512,nan,nan
1706174959522,nan,nan
1706174959544,nan,nan
1706174959565,nan,nan
1706174959567,nan,nan
1706174959584,nan,nan
1706174959591,nan,nan
1706174959602,nan,nan
1706174959620,nan,nan
1706174959635,nan,nan
1706174959646,nan,nan
1706174959657,nan,nan
1706174959668,nan,nan
1706174959679,nan,nan
1706174959713,nan,nan
1706174959714,nan,nan
1706174959730,nan,nan
1706174959749,nan,nan
1706174959765,nan,nan
1706174959781,nan,nan
1706174959793,nan,nan
1706174959803,nan,nan
1706174959847,1372.0268249511719,765.18874168396
1706174959848,nan,nan
1706174959866,nan,nan
1706174959870,nan,nan
1706174959882,1323.7982177734375,734.9886131286621
1706174959892,1323.7982177734375,734.9886131286621
1706174959903,1323.7982177734375,734.9886131286621
1706174959915,1278.2841491699219,709.9450206756592
1706174959926,1264.1413116455078,711.7389249801636
1706174959937,1252.1878051757812,704.0530014038086
1706174959949,1253.2103729248047,709.6102809906006
1706174959960,1250.8021545410156,701.0661792755127
1706174960000,1249.9210357666016,710.7046222686768
1706174960001,1252.5814056396484,722.2379493713379
1706174960006,1230.9273529052734,741.9255352020264
1706174960018,1235.2483749389648,748.5327386856079
1706174960028,1235.680274963379,740.9130764007568
1706174960039,1232.1435928344727,744.8872089385986
1706174960050,1233.0929946899414,742.2871398925781
1706174960060,1233.3352661132812,746.546573638916
1706174960071,1231.0261154174805,751.2396240234375
1706174960083,1230.6147003173828,755.537166595459
1706174960094,1229.6935653686523,759.19020652771
1706174960105,1231.7105865478516,757.294807434082
1706174960146,1228.6349487304688,752.2607517242432
1706174960150,1232.2060775756836,754.3683242797852
1706174960161,1231.5968322753906,764.0968465805054
1706174960173,1225.9551620483398,767.7852058410645
1706174960183,1224.1611099243164,766.9585704803467
1706174960194,1229.4652938842773,768.2937526702881
1706174960205,1231.9926071166992,766.2961292266846
1706174960217,1234.3464660644531,771.6254425048828
1706174960227,1233.545150756836,772.0355844497681
1706174960239,1239.8622131347656,775.0484561920166
1706174960250,1240.0550842285156,767.3878955841064
1706174960261,1240.9855651855469,783.274040222168
1706174960298,1240.7914352416992,855.8967161178589
1706174960299,1353.199119567871,957.8035354614258
1706174960304,1807.4331665039062,1082.2412109375
1706174960316,nan,nan
1706174960326,nan,nan
1706174960337,nan,nan
1706174960348,nan,nan
1706174960359,nan,nan
1706174960370,nan,nan
1706174960381,nan,nan
1706174960392,nan,nan
1706174960403,nan,nan
1706174960414,nan,nan
1706174960446,nan,nan
1706174960452,nan,nan
1706174960474,nan,nan
1706174960484,nan,nan
1706174960493,nan,nan
1706174960506,nan,nan
1706174960523,nan,nan
1706174960538,nan,nan
1706174960549,nan,nan
1706174960582,nan,nan
1706174960583,nan,nan
1706174960601,nan,nan
1706174960605,nan,nan
1706174960616,nan,nan
1706174960627,nan,nan
1706174960638,nan,nan
1706174960649,nan,nan
1706174960660,nan,nan
1706174960670,nan,nan
1706174960688,nan,nan
1706174960734,nan,nan
1706174960735,nan,nan
1706174960742,nan,nan
1706174960753,nan,nan
1706174960765,nan,nan
1706174960775,nan,nan
1706174960787,nan,nan
1706174960797,nan,nan
1706174960808,nan,nan
1706174960819,nan,nan
1706174960830,nan,nan
1706174960842,nan,nan
1706174960863,nan,nan
1706174960884,nan,nan
1706174960885,nan,nan
1706174960886,nan,nan
1706174960902,nan,nan
1706174960909,nan,nan
1706174960920,nan,nan
1706174960930,nan,nan
1706174960942,nan,nan
1706174960953,nan,nan
1706174960963,nan,nan
1706174960975,nan,nan
1706174960986,nan,nan
1706174960996,nan,nan
1706174961031,nan,nan
1706174961032,nan,nan
1706174961041,nan,nan
1706174961053,nan,nan
1706174961065,nan,nan
1706174961075,nan,nan
1706174961087,nan,nan
1706174961097,nan,nan
1706174961108,nan,nan
1706174961120,nan,nan
1706174961130,nan,nan
1706174961141,nan,nan
1706174961161,nan,nan
1706174961182,nan,nan
1706174961183,nan,nan
1706174961187,nan,nan
1706174961200,nan,nan
1706174961207,nan,nan
1706174961219,nan,nan
1706174961229,nan,nan
1706174961241,nan,nan
1706174961253,nan,nan
1706174961262,nan,nan
1706174961275,nan,nan
1706174961286,nan,nan
1706174961296,nan,nan
1706174961335,nan,nan
1706174961336,nan,nan
1706174961341,nan,nan
1706174961353,nan,nan
1706174961362,nan,nan
1706174961374,nan,nan
1706174961386,nan,nan
1706174961396,nan,nan
1706174961408,nan,nan
1706174961420,nan,nan
1706174961429,nan,nan
1706174961441,nan,nan
1706174961487,nan,nan
1706174961488,nan,nan
1706174961504,nan,nan
1706174961508,nan,nan
1706174961519,nan,nan
1706174961529,nan,nan
1706174961542,nan,nan
1706174961553,nan,nan
1706174961563,nan,nan
1706174961575,nan,nan
1706174961596,nan,nan
1706174961633,nan,nan
1706174961634,nan,nan
1706174961649,nan,nan
1706174961653,nan,nan
1706174961664,nan,nan
1706174961676,nan,nan
1706174961685,nan,nan
1706174961702,nan,nan
1706174961725,nan,nan
1706174961739,nan,nan
1706174961778,nan,nan
1706174961779,nan,nan
1706174961794,1306.9468688964844,825.9552383422852
1706174961801,1306.9468688964844,825.9552383422852
1706174961813,1306.9468688964844,825.9552383422852
1706174961823,1302.2969055175781,837.5690746307373
1706174961834,1302.2969055175781,837.5690746307373
1706174961844,1302.2969055175781,837.5690746307373
1706174961855,1278.8548278808594,830.6311225891113
1706174961866,1278.8548278808594,830.6311225891113
1706174961877,1278.8548278808594,830.6311225891113
1706174961888,nan,nan
1706174961910,nan,nan
1706174961931,1317.5077819824219,867.0643615722656
1706174961932,1297.23876953125,859.8198223114014
1706174961935,1304.4834899902344,827.016191482544
1706174961947,1302.9633331298828,822.2307014465332
1706174961960,1301.4900970458984,819.5764303207397
1706174961969,1307.134017944336,815.3752326965332
1706174961980,1304.1949462890625,809.2297554016113
1706174961991,1311.2109375,815.1985931396484
1706174962001,1309.5860290527344,805.9190511703491
1706174962012,1310.224838256836,810.3668403625488
1706174962024,1313.3695983886719,799.8631381988525
1706174962066,1318.227310180664,803.2080030441284
1706174962067,1321.9633483886719,805.5302381515503
1706174962068,1316.3846588134766,810.8751726150513
1706174962084,1314.4441223144531,810.019097328186
1706174962091,1323.3189392089844,809.8442602157593
1706174962102,1382.9325103759766,806.5632104873657
1706174962113,1410.4948425292969,804.2087030410767
1706174962124,1430.7963562011719,792.1478176116943
1706174962135,1424.4332122802734,786.1101007461548
1706174962146,1422.5696563720703,782.8155326843262
1706174962157,1423.1941223144531,788.9672756195068
1706174962168,1420.5830383300781,792.4022626876831
1706174962180,1421.2897491455078,792.3314952850342
1706174962215,1420.5422973632812,781.8625545501709
1706174962222,nan,nan
1706174962234,nan,nan
1706174962244,nan,nan
1706174962256,nan,nan
1706174962266,nan,nan
1706174962277,nan,nan
1706174962289,nan,nan
1706174962300,nan,nan
1706174962312,547.8725433349609,663.7003684043884
1706174962324,559.4243049621582,551.3072276115417
1706174962335,595.3384780883789,563.2801580429077
1706174962369,616.2670516967773,538.302526473999
1706174962370,631.7372131347656,571.7516255378723
1706174962386,629.2136001586914,578.0868315696716
1706174962393,626.9248008728027,573.500726222992
1706174962403,626.51611328125,574.2464447021484
1706174962412,632.6219177246094,568.5072898864746
1706174962424,635.3819274902344,570.4208850860596
1706174962434,635.1225280761719,571.1721396446228
1706174962445,633.6206817626953,571.0631346702576
1706174962456,626.2094497680664,572.0398235321045
1706174962468,628.5957527160645,573.7237572669983
1706174962479,626.7428588867188,572.4081873893738
1706174962521,621.4297103881836,570.6646871566772
1706174962522,632.2601890563965,552.7021908760071
1706174962524,670.6499862670898,521.322705745697
1706174962538,685.2501678466797,505.530309677124
1706174962546,681.0906982421875,507.7477240562439
1706174962557,682.6922988891602,502.82984018325806
1706174962568,682.1163558959961,503.3126378059387
1706174962579,681.3539886474609,504.17027950286865
1706174962590,684.0571212768555,508.8663125038147
1706174962601,684.1416168212891,506.8014621734619
1706174962613,685.9499740600586,506.19545459747314
1706174962624,686.9057464599609,504.2224431037903
1706174962635,680.9794616699219,505.8613586425781
1706174962669,677.4898529052734,504.5906138420105
1706174962670,677.4653625488281,503.56725454330444
1706174962679,680.0571441650391,505.1047611236572
1706174962690,677.2661972045898,502.6344037055969
1706174962702,677.0140075683594,496.6189169883728
1706174962713,673.2395935058594,497.0749568939209
1706174962724,676.6534423828125,495.8163571357727
1706174962735,677.6472854614258,499.3670654296875
1706174962746,675.8509826660156,497.9944396018982
1706174962758,722.0105743408203,527.0194172859192
1706174962768,911.6294097900391,599.2438817024231
1706174962780,1080.3238677978516,662.319073677063
1706174962802,1218.9644622802734,700.1303458213806
1706174962831,1343.8240051269531,732.3387622833252
1706174962834,1344.721908569336,725.9963893890381
1706174962846,1344.7767639160156,724.419915676117
1706174962859,1352.9691314697266,727.4238395690918
1706174962868,1354.5765686035156,730.2342367172241
1706174962879,1357.6907348632812,735.5762529373169
1706174962890,1353.1130981445312,736.4445161819458
1706174962901,1354.8514556884766,735.2186393737793
1706174962913,1353.8623809814453,731.8609857559204
1706174962924,1357.4498748779297,727.8858661651611
1706174962935,1352.6908111572266,727.939510345459
1706174962946,1351.8785858154297,733.5415935516357
1706174962987,1353.216323852539,735.5186176300049
1706174962988,1354.1380310058594,728.3518409729004
1706174962990,1353.996810913086,716.5466666221619
1706174963003,1353.1695556640625,728.5024309158325
1706174963013,1353.0071258544922,732.3368310928345
1706174963023,1353.9167022705078,737.1814584732056
1706174963034,1332.7708435058594,741.4505052566528
1706174963045,1311.2635803222656,755.2053451538086
1706174963056,1285.198974609375,761.6998958587646
1706174963067,1266.6900634765625,764.9913311004639
1706174963079,1262.927360534668,759.2324781417847
1706174963090,1263.2852935791016,757.8829193115234
1706174963101,1266.5193176269531,758.3265781402588
1706174963136,1270.6479263305664,759.7958278656006
1706174963137,1268.9864349365234,760.7227563858032
1706174963153,1262.0393753051758,766.746096611023
1706174963157,1262.8580474853516,769.0483331680298
1706174963168,1268.0942916870117,769.4020843505859
1706174963179,1266.785774230957,766.7915439605713
1706174963190,1267.748908996582,764.7560262680054
1706174963201,1261.7881393432617,771.5305137634277
1706174963212,1264.9677658081055,772.1398687362671
1706174963224,1265.3888320922852,778.5545969009399
1706174963234,1256.9433975219727,790.5606365203857
1706174963246,1248.2183074951172,799.6963262557983
1706174963287,1240.740089416504,800.2928495407104
1706174963290,1244.2354583740234,787.4653673171997
1706174963304,1241.9425964355469,794.6584510803223
1706174963312,1246.2107849121094,796.3740348815918
1706174963324,1242.9595565795898,794.9422931671143
1706174963334,1245.7672500610352,800.9067535400391
1706174963346,1240.4616165161133,799.9801254272461
1706174963357,1243.1947708129883,798.4310960769653
1706174963367,1241.035270690918,795.2856159210205
1706174963378,1241.5996170043945,797.113208770752
1706174963389,1240.6428909301758,799.0801906585693
1706174963400,1220.743522644043,782.6149463653564
1706174963436,1151.9997024536133,730.4225921630859
1706174963445,684.5811462402344,504.04855012893677
1706174963458,588.8728523254395,482.77408361434937
1706174963468,511.16172790527344,467.9375410079956
1706174963478,506.7258644104004,462.6667857170105
1706174963490,503.8620376586914,463.1274175643921
1706174963500,503.9254951477051,467.33614683151245
1706174963512,502.460994720459,466.6582131385803
1706174963523,503.40137481689453,466.45511627197266
1706174963534,505.18781661987305,463.7802243232727
1706174963545,504.23038482666016,464.2151069641113
1706174963565,502.85972595214844,467.52259254455566
1706174963586,503.70880126953125,471.6425943374634
1706174963590,503.69462966918945,463.5282254219055
1706174963603,503.38815689086914,456.3973045349121
1706174963612,504.00672912597656,458.033709526062
1706174963623,506.48420333862305,460.93023777008057
1706174963634,504.58791732788086,462.99049615859985
1706174963645,502.2846984863281,456.5693950653076
1706174963657,501.29541397094727,451.9161057472229
1706174963668,504.0110778808594,451.5516257286072
1706174963679,503.82450103759766,455.19874334335327
1706174963690,507.1322250366211,456.76875829696655
1706174963701,500.04858016967773,456.0185980796814
1706174963734,502.08160400390625,443.9084243774414
1706174963736,508.9754104614258,406.36696100234985
1706174963743,588.216552734375,484.56822395324707
1706174963754,nan,nan
1706174963767,nan,nan
1706174963776,nan,nan
1706174963787,nan,nan
1706174963798,nan,nan
1706174963810,nan,nan
1706174963820,nan,nan
1706174963831,nan,nan
1706174963843,nan,nan
1706174963853,nan,nan
1706174963884,nan,nan
1706174963885,nan,nan
1706174963886,nan,nan
1706174963904,nan,nan
1706174963908,nan,nan
1706174963920,nan,nan
1706174963931,nan,nan
1706174963942,nan,nan
1706174963953,nan,nan
1706174963964,nan,nan
1706174963975,nan,nan
1706174963986,nan,nan
1706174963998,nan,nan
1706174964039,nan,nan
1706174964040,nan,nan
1706174964042,nan,nan
1706174964057,nan,nan
1706174964064,nan,nan
1706174964077,nan,nan
1706174964086,nan,nan
1706174964098,nan,nan
1706174964109,nan,nan
1706174964120,nan,nan
1706174964130,nan,nan
1706174964141,nan,nan
1706174964152,nan,nan
1706174964184,nan,nan
1706174964185,nan,nan
1706174964186,nan,nan
1706174964201,nan,nan
1706174964208,nan,nan
1706174964219,nan,nan
1706174964230,nan,nan
1706174964241,nan,nan
1706174964252,nan,nan
1706174964264,nan,nan
1706174964275,nan,nan
1706174964304,nan,nan
1706174964340,nan,nan
1706174964341,nan,nan
1706174964342,nan,nan
1706174964359,nan,nan
1706174964365,nan,nan
1706174964375,nan,nan
1706174964386,nan,nan
1706174964397,nan,nan
1706174964408,nan,nan
1706174964419,nan,nan
1706174964430,nan,nan
1706174964442,nan,nan
1706174964453,nan,nan
1706174964486,nan,nan
1706174964501,nan,nan
1706174964511,nan,nan
1706174964522,nan,nan
1706174964533,nan,nan
1706174964544,nan,nan
1706174964556,nan,nan
1706174964566,nan,nan
1706174964578,nan,nan
1706174964590,nan,nan
1706174964600,nan,nan
1706174964634,nan,nan
1706174964650,nan,nan
1706174964658,nan,nan
1706174964668,nan,nan
1706174964678,nan,nan
1706174964689,nan,nan
1706174964700,nan,nan
1706174964711,nan,nan
1706174964723,nan,nan
1706174964733,nan,nan
1706174964745,nan,nan
1706174964785,nan,nan
1706174964790,nan,nan
1706174964801,nan,nan
1706174964812,nan,nan
1706174964823,nan,nan
1706174964833,nan,nan
1706174964845,nan,nan
1706174964856,nan,nan
1706174964866,nan,nan
1706174964877,nan,nan
1706174964889,nan,nan
1706174964900,nan,nan
1706174964936,nan,nan
1706174964937,nan,nan
1706174964952,nan,nan
1706174964956,nan,nan
1706174964967,nan,nan
1706174964978,nan,nan
1706174964990,nan,nan
1706174965000,nan,nan
1706174965011,nan,nan
1706174965023,nan,nan
1706174965033,nan,nan
1706174965070,nan,nan
1706174965071,nan,nan
1706174965077,nan,nan
1706174965089,nan,nan
1706174965099,nan,nan
1706174965111,nan,nan
1706174965123,nan,nan
1706174965132,nan,nan
1706174965144,nan,nan
1706174965156,nan,nan
1706174965166,nan,nan
1706174965177,nan,nan
1706174965218,nan,nan
1706174965219,nan,nan
1706174965223,nan,nan
1706174965237,nan,nan
1706174965245,nan,nan
1706174965255,nan,nan
1706174965265,nan,nan
1706174965278,nan,nan
1706174965289,nan,nan
1706174965298,nan,nan
1706174965311,nan,nan
1706174965323,nan,nan
1706174965332,nan,nan
1706174965369,nan,nan
1706174965370,nan,nan
1706174965378,nan,nan
1706174965389,nan,nan
1706174965398,nan,nan
1706174965411,nan,nan
1706174965422,nan,nan
1706174965432,nan,nan
1706174965444,nan,nan
1706174965455,nan,nan
1706174965465,nan,nan
1706174965477,nan,nan
1706174965517,nan,nan
1706174965518,nan,nan
1706174965522,nan,nan
1706174965536,nan,nan
1706174965544,nan,nan
1706174965555,nan,nan
1706174965566,nan,nan
1706174965577,nan,nan
1706174965589,nan,nan
1706174965599,nan,nan
1706174965610,nan,nan
1706174965622,nan,nan
1706174965631,nan,nan
1706174965667,nan,nan
1706174965668,nan,nan
1706174965676,nan,nan
1706174965688,nan,nan
1706174965700,nan,nan
1706174965710,nan,nan
1706174965721,nan,nan
1706174965732,nan,nan
1706174965743,nan,nan
1706174965755,nan,nan
1706174965765,nan,nan
1706174965777,nan,nan
1706174965820,nan,nan
1706174965822,nan,nan
1706174965839,nan,nan
1706174965843,nan,nan
1706174965856,nan,nan
1706174965865,nan,nan
1706174965877,nan,nan
1706174965888,nan,nan
1706174965899,nan,nan
1706174965910,nan,nan
1706174965922,nan,nan
1706174965932,nan,nan
1706174965970,nan,nan
1706174965977,nan,nan
1706174965989,nan,nan
1706174965998,nan,nan
1706174966009,nan,nan
1706174966021,nan,nan
1706174966031,nan,nan
1706174966043,nan,nan
1706174966055,nan,nan
