timestamp,x,y
1706174933463,1373.7364338228688,968.0127888917923
1706174933464,1377.5455788512352,968.5121595859528
1706174933465,1376.7062088413606,967.6170125603676
1706174933475,1375.4049193894514,970.6540629267693
1706174933486,1377.9707498633954,971.3183805346489
1706174933497,1380.2624000687954,970.3487157821655
1706174933509,1378.400720723813,962.2806146740913
1706174933519,1379.062619673976,937.8283247351646
1706174933531,1376.0439356577722,930.6352406740189
1706174933542,1373.425369767704,930.3059414029121
1706174933553,1369.3199887315782,932.5403973460197
1706174933564,1372.6674647390687,931.1330258846283
1706174933575,1377.0543749738833,928.7834525108337
1706174933586,1377.7756069681395,925.6369188427925
1706174933598,1376.2468848144733,923.5575005412102
1706174933644,1357.6919220327097,904.5047163963318
1706174933645,1277.9706145167688,798.7716495990753
1706174933652,1045.1256376900765,525.547456368804
1706174933664,1022.2469561704854,514.607991464436
1706174933675,1024.350441145966,517.3991326242685
1706174933685,1037.6441290907655,521.9800405204296
1706174933697,1040.7305028229803,523.391648195684
1706174933708,1037.3648231045318,521.0971562191844
1706174933719,1033.8956628155215,520.8904594182968
1706174933730,1033.201939707219,518.8007885590196
1706174933741,1036.3073803943232,514.4821153953671
1706174933753,1035.5610378056394,509.68836694955826
1706174933764,1026.5551649517593,510.6515623629093
1706174933796,962.6108195547356,503.4612316638231
1706174933797,690.4310271799247,478.1329408288002
1706174933811,595.7815892897592,481.50615617632866
1706174933819,500.83927898413117,473.38923774659634
1706174933830,497.81253374860387,471.66663110256195
1706174933842,504.92460157106837,470.10551020503044
1706174933852,494.81911220076404,471.7671500518918
1706174933864,490.4520645974019,475.5496537312865
1706174933875,484.90875262706635,474.18906819075346
1706174933886,485.61072733102986,474.42625015974045
1706174933897,488.5394250899381,472.13327642530203
1706174933908,492.2126665242911,473.74620512127876
1706174933945,492.82739798613534,472.72249944508076
1706174933946,498.8366631492151,468.5263367369771
1706174933953,488.1584175988858,471.4395884424448
1706174933964,461.8825876619006,469.3181371316314
1706174933974,433.425762536277,469.3042429164052
1706174933985,405.03508495406936,463.4603274986148
1706174933997,408.0914483846678,461.9485423900187
1706174934007,409.0694457490588,461.30093429237604
1706174934019,409.6825457792148,464.87601920962334
1706174934030,411.652522498481,466.8339002877474
1706174934041,417.04047180737876,467.411925829947
1706174934052,419.3729521676908,466.12993497401476
1706174934064,419.8845859542142,464.7650919854641
1706174934103,421.1583245937698,463.0411086603999
1706174934104,425.97818966621156,467.8457148373127
1706174934105,424.62968473662625,468.25982332229614
1706174934108,420.0866255073834,471.9283349812031
1706174934123,418.79775095238415,467.3063867725432
1706174934131,450.7568448081331,468.90654489398
1706174934142,513.5029441578596,463.7696825899184
1706174934152,675.611146933397,450.8024868555367
1706174934163,724.0244709516385,443.94916873425245
1706174934175,739.4730288123205,441.5242990478873
1706174934185,739.6499024363156,446.55027659609914
1706174934197,740.6901915529372,444.3741349503398
1706174934208,744.5714104917853,447.23882060498
1706174934219,741.3557634186766,443.77081068232656
1706174934230,741.4474304509561,446.7274986207485
1706174934272,748.1455601790688,445.70511830970645
1706174934274,753.5067544028365,448.1672627851367
1706174934275,749.225696793596,449.7547193430364
1706174934286,752.3674384736255,448.40554716065526
1706174934299,751.1861521308354,447.0442697405815
1706174934309,757.1257817459921,445.35784432664514
1706174934320,759.963775111519,445.122561044991
1706174934331,752.4983866446076,447.209881991148
1706174934341,708.0803040096938,457.21561033278704
1706174934352,603.8166416832896,468.18738654255867
1706174934363,567.5942851583261,472.4846202880144
1706174934374,557.736163699853,470.28936967253685
1706174934385,562.2416271441186,468.1388806551695
1706174934433,566.9839987832133,470.3101437538862
1706174934434,566.7902921375555,469.17684506624937
1706174934441,556.9963344895855,462.99119777977467
1706174934452,561.2103571347291,463.7681767344475
1706174934464,564.121080631184,466.46816320717335
1706174934475,567.0720025712088,466.3249689154327
1706174934486,561.5148760080717,463.47185764461756
1706174934497,557.0224775075649,463.72894309461117
1706174934508,552.8431055531237,462.35636910423636
1706174934519,587.2290090232959,465.1943634264171
1706174934531,645.4971284225288,462.7597030252218
1706174934540,719.3549989246029,459.34482980519533
1706174934586,829.5029463235047,453.34105659276247
1706174934587,833.6476756104391,452.8572257608175
1706174934603,833.4955298795267,452.0622809417546
1706174934607,834.7540754198452,451.62458308041096
1706174934620,833.8531969040927,453.3430119045079
1706174934630,835.2666708288772,451.85946114361286
1706174934641,836.2223587202024,451.78124513477087
1706174934651,838.2764214775266,450.24287486448884
1706174934663,880.0050585708248,452.06506261602044
1706174934674,968.3107500776939,452.718411013484
1706174934685,1156.964252129391,451.8606608733535
1706174934696,1194.4575976773333,452.3680828511715
1706174934707,1205.1710979034556,451.47053990513086
1706174934754,1199.0231564138592,454.3447809293866
1706174934755,1205.680588392546,453.57385370880365
1706174934763,1214.165248540692,449.7933159582317
1706174934774,1216.065544839191,450.0087099149823
1706174934785,1219.2506885278672,450.96722319722176
1706174934797,1218.212323913149,452.19470420852304
1706174934808,1219.2466544030283,453.46214435994625
1706174934819,1220.7222230317834,454.1388432495296
1706174934830,1220.1146830247078,452.0640132948756
1706174934841,1218.9507576065723,451.19664585217834
1706174934852,1218.044837177281,450.799391977489
1706174934895,1236.07754343585,452.6620361022651
1706174934896,1275.5744868527474,450.4050507210195
1706174934911,1345.439047996057,445.2052663080394
1706174934918,1342.7473984555927,446.210815012455
1706174934930,1343.5006833409136,445.50631176680326
1706174934940,1343.671884277791,448.81728095933795
1706174934951,1341.034751223528,451.68447047472
1706174934963,1344.1022588202084,450.0409362837672
1706174934974,1346.4301256077679,447.1337292343378
1706174934985,1350.3438709660295,443.8377495855093
1706174934996,1352.1233599531618,445.86885841563344
1706174935007,1352.995338882228,447.1838400699198
1706174935049,1356.9330078342255,449.06764226034284
1706174935050,1378.1819927119775,449.59288677200675
1706174935052,1522.6900874718237,449.75241543725133
1706174935072,1539.4637781151505,448.6036105081439
1706174935074,1537.8041690110388,446.6781663708389
1706174935086,1534.5937861754862,441.27826509065926
1706174935097,1534.7263940285939,443.1349300313741
1706174935107,1536.0637480649714,445.7004644908011
1706174935118,1534.2703822003518,448.48120622336864
1706174935130,1536.9133651632724,450.4775246605277
1706174935141,1536.4464349669354,447.876123059541
1706174935152,1535.6217357149199,447.441750112921
1706174935163,1532.6666684699367,444.3104669917375
1706174935174,1530.7571854784012,444.6048537734896
1706174935194,1532.4534818302877,445.4691803082824
1706174935216,1536.5342038496865,444.4542779587209
1706174935218,1533.431540699527,447.0230957493186
1706174935233,1526.6722695582212,447.8076623752713
1706174935240,1533.3666595729599,448.16590202972293
1706174935252,1533.5936742255383,445.86234483867884
1706174935262,1538.0255975019272,446.0178177803755
1706174935273,1534.3372595739302,447.3989898338914
1706174935284,1537.0798429605015,447.34062599018216
1706174935296,1540.4489597991387,450.8412232622504
1706174935307,1537.9503316384696,446.79434108547866
1706174935318,1536.8855580829588,450.11725006625056
1706174935329,1530.366145181163,446.53451554477215
1706174935340,1534.0047918217529,447.3192157689482
1706174935380,1530.89322580189,445.6141963135451
1706174935384,1578.7388236725874,451.8257413059473
1706174935398,1572.510753464056,450.44997511431575
1706174935407,1571.146599473265,447.402903996408
1706174935418,1575.1184389488067,447.6918035186827
1706174935429,1576.0351230818826,448.67568630725145
1706174935440,1572.529223246769,450.639477558434
1706174935451,1566.9908667675327,451.04780327528715
1706174935463,1570.6867204959665,453.12534235417843
1706174935474,1572.7156600367143,450.4405436106026
1706174935485,1573.7542286423798,448.27644526958466
1706174935496,1574.608790724308,448.2813379727304
1706174935529,1572.593248822643,450.82575771957636
1706174935530,1578.7258854380455,449.80708276852965
1706174935546,1583.1396734517834,447.6030589081347
1706174935552,1585.3909958340162,449.9083572998643
1706174935565,1582.0163800441092,450.1855621114373
1706174935574,1579.0887361104624,454.8704642802477
1706174935585,1576.7087295891579,457.1453111246228
1706174935597,1579.2304503790099,457.6345690526068
1706174935608,1581.8946898726147,457.24206985905766
1706174935617,1584.4802659382176,454.5455215498805
1706174935629,1568.1979181550355,461.66121596470475
1706174935640,1545.7259053951357,466.88376339152455
1706174935651,1496.1998431327227,490.1883667334914
1706174935691,1492.5819890182086,488.6412497609854
1706174935692,1492.4283852042577,490.41710812598467
1706174935696,1496.2702324995323,489.29937053471804
1706174935714,1474.4308309873982,487.1012780815363
1706174935717,1345.8027333811342,486.5677557885647
1706174935729,1232.6219811839048,484.3220882117748
1706174935740,1083.5261285968613,486.66857201606035
1706174935751,812.9576834495226,495.69678604602814
1706174935762,724.8263810218832,502.1532502025366
1706174935773,622.1897408331299,508.8978759944439
1706174935784,523.2966754567693,516.8505305424333
1706174935796,513.2892216753326,514.6600753068924
1706174935807,511.07051851800605,514.053532294929
1706174935848,511.53651561737144,518.0105842649937
1706174935851,511.3980359509137,519.504315033555
1706174935867,504.28508968878214,518.7686612829566
1706174935874,500.5939785786842,515.3372820466757
1706174935884,500.23695315061747,515.3484016656876
1706174935896,497.5488538203866,516.706414334476
1706174935907,475.8345710212427,521.1600730195642
1706174935918,408.6729325170391,523.7049616873264
1706174935929,384.1496008986296,527.509393170476
1706174935940,376.45480451491346,530.0789523869753
1706174935951,385.45921772435327,531.300900131464
1706174935963,386.20702245246036,531.4534604549408
1706174935974,382.82592219568596,530.4494246840477
1706174936009,385.61102608211553,534.4677831977606
1706174936010,387.30371425793714,535.5284363031387
1706174936017,380.19560985383464,531.9910384714603
1706174936028,381.0702184959531,532.8755117952824
1706174936041,385.7278366474481,539.037274196744
1706174936050,382.46554382745904,541.6295893490314
1706174936062,381.56494055729223,542.4652241170406
1706174936073,379.8017418603098,537.6745652407408
1706174936084,378.7952816405944,534.2318221926689
1706174936095,376.2861132588287,533.331798389554
1706174936107,377.97553652686656,534.5648657530546
1706174936117,381.9890899168128,536.0143657773733
1706174936129,381.3095505263119,533.9509084820747
1706174936173,377.60443218897933,537.5038497149944
1706174936189,377.80807984294063,535.3361468762159
1706174936196,371.07136104124174,534.0894754976034
1706174936206,354.01165113255536,533.3407238125801
1706174936217,319.64345362009897,535.7993345707655
1706174936229,314.50616696616385,538.5213196277618
1706174936240,315.0736359698052,541.827704012394
1706174936251,313.206735857494,544.301688298583
1706174936263,310.0407135456437,543.2822931557894
1706174936273,315.43158163231516,543.1550581008196
1706174936311,318.8095722731674,540.3176300227642
1706174936312,319.4146102975027,542.4912076443434
1706174936318,322.0099565174074,543.2967536151409
1706174936329,326.6059659756388,541.984773054719
1706174936342,326.5439018919993,541.2615589797497
1706174936351,346.620450006454,541.5518935769796
1706174936362,395.47140756084895,540.1681557297707
1706174936373,489.9238691926302,530.3804632276297
1706174936384,663.6887577287679,519.8218151926994
1706174936395,689.9354074588879,517.572820931673
1706174936406,693.9392272547975,523.2259722426534
1706174936417,692.5174179292062,521.3061958551407
1706174936428,697.3599648209085,520.0410259887576
1706174936461,699.1203088518798,517.6563631743193
1706174936462,701.8813126843062,520.49216683954
1706174936477,696.3260290407968,519.5922385901213
1706174936484,700.040522257085,528.0896235257387
1706174936496,689.7411522115914,558.1032022833824
1706174936505,688.9369713148761,579.9151454120874
1706174936516,552.8630888469079,757.3483437299728
1706174936527,nan,nan
1706174936538,nan,nan
1706174936549,nan,nan
1706174936561,536.6233460073132,836.5897357463837
1706174936571,536.6233460073132,836.5897357463837
1706174936592,568.6533948698598,741.5968760848045
1706174936613,537.5496780501204,615.0674816220999
1706174936617,493.36226622352456,528.3789671957493
1706174936629,491.79110600313015,515.4632784426212
1706174936639,500.4613856750024,522.2689595073462
1706174936650,494.5189854448498,516.3487887009978
1706174936662,492.6939522528311,520.0798597186804
1706174936673,491.7709124614751,520.9579698741436
1706174936683,493.64194385331274,522.3412830382586
1706174936695,492.4821650593895,519.949871301651
1706174936706,490.44858011068027,523.11972361058
1706174936717,493.07385006387364,525.803161598742
1706174936728,494.7729593141565,527.8810899704695
1706174936760,493.35566423263964,526.1277999728918
1706174936762,491.15680089917953,520.4180667176843
1706174936778,492.5931793303771,520.0012048706412
1706174936784,493.4076705952162,522.7936837822199
1706174936795,489.5409327929261,523.8475278019905
1706174936806,494.7680614509069,525.2872034907341
1706174936817,564.323915029059,530.4254654794931
1706174936829,669.0333385865645,527.0686818286777
1706174936840,821.3016227682173,525.7412569597363
1706174936851,1041.848259172912,525.7077034562826
1706174936862,1082.5734641671845,521.2682574987411
1706174936873,1081.554758321178,521.0302084684372
1706174936884,1074.8200915299572,516.9693674892187
1706174936896,1078.8153938463179,519.9962360784411
1706174936907,1082.4766540042576,519.2494627088308
1706174936966,1082.5455679710296,521.7817418277264
1706174936968,1082.4343604924238,524.4507759809494
1706174936973,1090.705897977724,522.5806910544634
1706174936983,1091.1219067317325,525.2949822694063
1706174936995,1091.1729342699025,526.0146573185921
1706174937006,1088.6214926505684,524.3830885738134
1706174937016,1086.6748850676645,523.454986140132
1706174937028,1107.5572251933636,525.2272736281157
1706174937039,1154.233743487037,526.1309213936329
1706174937050,1236.8702025913003,525.2404104918242
1706174937061,1256.1007388514872,522.4644942209125
1706174937073,1253.2751794361056,520.3656643629074
1706174937083,1248.9960589362795,522.2499690949917
1706174937095,1247.840584328845,521.7175863683224
1706174937138,1247.2127783132912,521.6243118047714
1706174937139,1244.9216598809871,517.7675204351544
1706174937157,1244.9647824615151,514.1481233760715
1706174937162,1242.3994480131657,511.75500582903624
1706174937173,1243.6329709407032,512.7481626346707
1706174937185,1243.5448173419231,513.6880252510309
1706174937195,1240.374176508924,511.8431417271495
1706174937206,1191.8350074945968,515.8832687884569
1706174937217,1061.7423291343298,523.842484690249
1706174937228,990.0569316653401,536.3401331007481
1706174937240,954.9561239335593,539.0728980302811
1706174937250,941.5747310637802,536.8031084537506
1706174937262,947.0869380374564,536.8585225194693
1706174937273,945.5523690662021,537.6934494823217
1706174937284,943.4665433819013,540.9857697784901
1706174937336,941.6373704669309,537.748035416007
1706174937337,941.0874903787975,534.8008338361979
1706174937338,942.5647334607097,530.508391931653
1706174937355,944.63848911641,533.6479537189007
1706174937361,944.7188804848972,536.3949526101351
1706174937375,942.8404223620968,535.3410307317972
1706174937383,941.5087804465071,533.7972156703472
1706174937394,941.868714997483,536.6458129137754
1706174937405,943.9863141314024,539.2770927399397
1706174937417,944.2725694224943,540.2077220380306
1706174937428,942.8415940231988,537.8560110926628
1706174937439,954.2252538097833,539.1033478081226
1706174937450,1036.2253990924094,544.5150773972273
1706174937462,1131.5648486979298,536.9586274027824
1706174937500,1247.167714888774,533.808172494173
1706174937501,1397.2139854132315,524.9734122306108
1706174937506,1415.166539269854,518.5437561944127
1706174937518,1417.2516430693045,517.9591303691268
1706174937528,1422.5396063256292,519.1131252795458
1706174937538,1425.1659626625583,522.5683752447367
1706174937550,1424.6169248709814,520.8000868558884
1706174937561,1424.7081547333776,522.8132510557771
1706174937572,1423.4527730205257,523.5340692102909
1706174937583,1424.5427982931944,525.7147850468755
1706174937595,1423.660696337861,523.9716095849872
1706174937606,1425.3523884613303,519.6727655827999
1706174937655,1429.3804304289165,519.5488218218088
1706174937656,1423.0412418447142,537.313662469387
1706174937657,1356.7210557194617,682.3461949825287
1706174937661,1367.9615803401728,715.1602827012539
1706174937674,1473.1505195531847,803.7571460008621
1706174937682,1715.5893131110943,955.0493516027927
1706174937693,1706.2849872484655,986.2894788384438
1706174937704,nan,nan
1706174937715,nan,nan
1706174937725,nan,nan
1706174937736,nan,nan
1706174937747,nan,nan
1706174937759,nan,nan
1706174937770,nan,nan
1706174937813,nan,nan
1706174937815,1628.1648154609898,1187.9928559064865
1706174937830,1563.7311434924234,1144.558760523796
1706174937838,1459.3551000145203,993.5229077935219
1706174937851,1393.777346940662,885.0856147706509
1706174937861,1439.582494187693,896.5872079133987
1706174937872,1434.7130687450767,901.9233226776123
1706174937883,1434.0800224938391,895.2521741390228
1706174937894,1407.5792346080157,879.2257100343704
1706174937905,1409.6521255832624,880.6275889277458
1706174937916,1410.7339354508956,877.0689427852631
1706174937928,1410.5692097513602,875.606419146061
1706174937972,1409.347002171368,874.3139103055
1706174937973,1411.336623452992,874.4317173957825
1706174937990,1406.0003290430113,875.4255324602127
1706174937995,1405.8003391522063,872.4062904715538
1706174938006,1400.3440281123205,872.9517534375191
1706174938016,1399.8295524499463,871.6724663972855
1706174938027,1398.102505334516,879.1319116950035
1706174938038,1400.4332730201054,888.0392998456955
1706174938049,1400.049537859676,904.717680811882
1706174938061,1402.4818537759645,905.6140169501305
1706174938072,1401.7852583726878,903.9679169654846
1706174938083,1404.024585118872,903.4232467412949
1706174938094,1405.1365919545146,905.2878886461258
1706174938133,1406.6373351929153,907.9505667090416
1706174938134,1401.5593874442618,915.2683660387993
1706174938139,1402.5874585513743,918.0249273777008
1706174938152,1403.779659496736,915.77008664608
1706174938161,1401.6959213649147,916.609600186348
1706174938174,1398.6799159825334,919.2180037498474
1706174938183,1403.0042762071118,922.2073763608932
1706174938194,1402.0498285639485,924.2303401231766
1706174938205,1398.992781554702,919.8358327150345
1706174938216,1399.5216427599705,920.3035220503807
1706174938228,1404.6670514103946,918.0115357041359
1706174938239,1407.7505056304472,916.2742137908936
1706174938250,1407.8710508553681,911.364395916462
1706174938261,1403.3599639137296,908.8674575090408
1706174938297,1430.3781558393682,909.8792508244514
1706174938298,1452.4189328826437,914.5836919546127
1706174938303,nan,nan
1706174938315,nan,nan
1706174938325,nan,nan
1706174938336,nan,nan
1706174938347,nan,nan
1706174938358,nan,nan
1706174938369,nan,nan
1706174938380,nan,nan
1706174938393,nan,nan
1706174938404,1729.9330207322885,1180.6970834732056
1706174938446,1707.8035985005813,1124.6653020381927
1706174938447,1394.489004373876,1078.1353801488876
1706174938448,1323.1358306261593,931.2609121203423
1706174938466,1355.5736139596236,903.6127686500549
1706174938471,1334.7817245089568,908.418482542038
1706174938482,1331.8393540256068,880.3695373237133
1706174938494,1319.613628124844,886.9773373007774
1706174938505,1319.6425258935283,886.09988540411
1706174938515,1326.952283711375,887.5061526894569
1706174938527,1327.8991980542291,891.7246147990227
1706174938538,1331.571693150649,889.8674473166466
1706174938549,1328.1454534640645,890.2469724416733
1706174938560,1323.8138599031508,888.8607501983643
1706174938597,1322.2575175225436,894.5714071393013
1706174938605,1321.382262270337,890.5152022838593
1706174938615,1323.4679734137185,892.4440562725067
1706174938626,1326.35989605846,892.0341238379478
1706174938638,1329.6828811564828,894.4605082273483
1706174938648,1323.5307212537991,893.3420911431313
1706174938660,1320.237434396652,890.7776847481728
1706174938671,1320.8458875610775,887.0422005653381
1706174938682,1320.7946335206084,885.9132513403893
1706174938693,1322.255835605776,888.5409638285637
1706174938704,1325.391690877515,886.878527700901
1706174938715,1329.5304143065175,887.6915693283081
1706174938748,1325.9858501203323,892.3477947711945
1706174938749,1325.5385229168335,894.7660818696022
1706174938766,1431.093374021208,946.9144761562347
1706174938769,1705.5548212500844,1080.4289519786835
1706174938780,nan,nan
1706174938791,nan,nan
1706174938802,nan,nan
1706174938813,nan,nan
1706174938824,nan,nan
1706174938835,nan,nan
1706174938847,nan,nan
1706174938858,nan,nan
1706174938899,nan,nan
1706174938904,1627.9176596254372,1127.675710618496
1706174938918,1599.9009386368286,1142.1934455633163
1706174938927,1557.5537287464338,1103.163143992424
1706174938939,1491.1205991292534,1018.1500256061554
1706174938949,1405.937431788708,911.8910312652588
1706174938960,1406.9976893005098,919.802226126194
1706174938971,1395.8613962863838,921.9745367765427
1706174938982,1396.4634129385859,905.722650885582
1706174938994,1396.2563584520951,909.9880546331406
1706174939004,1402.2322381333768,923.8524004817009
1706174939015,1399.5900289883004,925.6641834974289
1706174939054,1396.469279734464,924.6215298771858
1706174939055,1395.5937694274849,921.179473400116
1706174939060,1395.7878250859587,919.8693826794624
1706174939072,1397.017953157106,919.6507558226585
1706174939082,1395.63661853286,914.1176447272301
1706174939095,1396.4707851016244,915.8620446920395
1706174939105,1393.579494510287,919.7102963924408
1706174939116,1396.5773997158824,926.8620446324348
1706174939127,1396.7472253522396,927.2455900907516
1706174939138,1396.508078286582,923.094992339611
1706174939149,1389.0735675816372,925.7709488272667
1706174939160,1392.2192194049142,926.5074342489243
1706174939171,1392.8173730348697,925.2225413918495
1706174939181,1392.0527111877607,918.8116952776909
1706174939217,1389.9676369911451,919.0144956111908
1706174939218,1385.9834965264108,920.7252323627472
1706174939234,1384.6068432272837,915.6774207949638
1706174939237,1384.3801260876126,917.730225622654
1706174939248,1385.4090358496533,918.0660367012024
1706174939260,1384.298148684802,918.5003459453583
1706174939271,1384.5725968624133,919.3937093019485
1706174939282,1382.4095113375117,923.8669529557228
1706174939294,1382.5947404876079,932.1236699819565
1706174939304,1384.2720496646637,927.1168261766434
1706174939316,1389.3800249988706,925.1026391983032
1706174939327,1392.9670723760773,919.5490017533302
1706174939364,1387.758691274913,924.6517956256866
1706174939365,1383.6900806563503,926.9247561693192
1706174939370,1382.3638990934487,934.835384786129
1706174939383,1381.8868086830485,940.5198812484741
1706174939393,1380.5909798150783,934.7102448344231
1706174939404,1384.76352939533,929.0370166301727
1706174939415,1383.0564916721785,924.3086233735085
1706174939426,1371.5175529972591,923.9226996898651
1706174939437,1362.213568391702,918.0018246173859
1706174939448,1342.2236869016983,909.45765376091
1706174939460,1350.7375534966106,907.2214424610138
1706174939471,1349.6522384003038,913.6631771922112
1706174939481,1350.6945459453245,917.9275333881378
1706174939515,1347.6179391532096,914.8571595549583
1706174939526,1344.6597830519315,913.6903569102287
1706174939537,1345.92380181234,912.9646018147469
1706174939550,1347.3872788977199,909.8512783646584
1706174939560,1341.120690483057,910.8766615390778
1706174939571,1344.3494598628288,905.1785185933113
1706174939582,1347.3774503700995,903.6807745695114
1706174939593,1348.8162525746036,905.5249750614166
1706174939604,1348.1422070701747,906.5059080719948
1706174939615,1344.8631910501476,910.4433715343475
1706174939627,1348.9127376996269,911.6959318518639
1706174939665,1347.6852089953798,913.5476633906364
1706174939671,1343.4178876975798,908.4627345204353
1706174939685,1340.6596990883434,909.2417165637016
1706174939693,1361.3671399077302,905.1664859056473
1706174939704,1391.1466641609918,897.0554918050766
1706174939715,1447.8340123185558,882.1971893310547
1706174939726,1455.6482501404118,871.3131986558437
1706174939737,1460.460440867427,871.7151612043381
1706174939748,1460.609581138439,877.8037577867508
1706174939759,1458.6627871365777,883.8656276464462
1706174939770,1458.6492280088867,887.4210178852081
1706174939781,1455.4214748332179,883.5757672786713
1706174939814,1454.133020466595,880.859862267971
1706174939815,1452.6831419043194,874.6982768177986
1706174939833,1454.5145725340615,873.2776835560799
1706174939837,1456.6436693013577,873.0514124035835
1706174939848,1458.0287010607558,869.1482774913311
1706174939859,1461.245302027591,873.4572395682335
1706174939870,1461.3978440280496,873.6735165119171
1706174939881,1461.3192785934782,877.5507599115372
1706174939893,1462.9720420912545,873.6705861985683
1706174939904,1461.2050008009176,873.5924586653709
1706174939915,1459.733509167821,875.0274203717709
1706174939926,1455.6703103667187,874.2805868387222
1706174939946,1454.4488322716597,878.2506376504898
1706174939967,1456.6988044810566,877.2211492061615
1706174939971,1430.5328232002037,894.9293300509453
1706174939985,1400.4870930943036,917.5565868616104
1706174939993,1396.7563060288,922.0140889286995
1706174940004,1398.4594826914838,918.5628309845924
1706174940015,1399.476051302449,914.0323400497437
1706174940026,1400.4564352312468,916.8486401438713
1706174940037,1404.8386141053427,917.2069311141968
1706174940048,1403.2458043258875,918.084043264389
1706174940060,1397.692827098449,918.1635156273842
1706174940072,1390.5853515137455,921.387143433094
1706174940082,1392.4651838787981,917.3173487186432
1706174940116,1400.7070042550358,916.0836443305016
1706174940117,1404.6704909861364,910.0855335593224
1706174940125,1394.6403436494727,919.8974683880806
1706174940136,1424.8972907591067,993.8814252614975
1706174940146,1486.945448095831,1257.5071930885315
1706174940157,nan,nan
1706174940168,nan,nan
1706174940179,nan,nan
1706174940190,nan,nan
1706174940202,nan,nan
1706174940212,nan,nan
1706174940224,nan,nan
1706174940243,nan,nan
1706174940263,nan,nan
1706174940270,1493.1685765540824,971.9353035092354
1706174940282,1400.7569613576993,1029.8664093017578
1706174940292,1389.7068961310756,1008.8282033801079
1706174940305,1335.4873108256857,970.2247083187103
1706174940314,1320.6769072792802,892.8821593523026
1706174940326,1325.798265548026,909.4240188598633
1706174940337,1321.7548079342307,918.8120350241661
1706174940348,1319.8304292362368,915.7312139868736
1706174940359,1315.2807422898684,912.2571647167206
1706174940370,1313.9168468434268,917.7363410592079
1706174940413,1312.3596545282746,920.3796818852425
1706174940414,1317.31665148108,921.5541005134583
1706174940429,1323.5746064496204,917.9703414440155
1706174940437,1319.519761683977,920.3677341341972
1706174940448,1290.1491560396175,896.8443393707275
1706174940459,1249.8964661209238,846.286765486002
1706174940470,1197.5174239493317,777.2082947194576
1706174940482,1123.0396036146121,675.8691973984241
1706174940492,1113.7183410735402,664.7714778780937
1706174940503,1114.896901273632,667.4348071217537
1706174940514,1117.780071275126,671.0711561143398
1706174940525,1113.3937170383913,667.6955483853817
1706174940565,1112.1005425037556,666.2006355822086
1706174940566,1108.370872074111,663.5116413235664
1706174940569,1114.5985109490343,663.6326193809509
1706174940583,1116.4880582997246,661.1495114862919
1706174940592,1116.6093688842907,662.7649068832397
1706174940604,1118.4486686963915,661.7678076028824
1706174940615,1119.9782166764567,662.3321123421192
1706174940626,1117.712697821469,660.8156397938728
1706174940637,1117.3940732634771,660.8294986188412
1706174940648,1121.471778865862,657.965237647295
1706174940659,1154.219566377316,647.8495553135872
1706174940670,1210.866370206906,633.238036185503
1706174940681,1320.271033012098,609.3838911503553
1706174940715,1342.1689042582077,600.8234832435846
1706174940732,1334.8968540051105,598.8924279808998
1706174940737,1336.152471666262,598.107535764575
1706174940749,1334.9620313082833,596.1534202098846
1706174940759,1335.4653368125246,595.2273987233639
1706174940770,1333.6653242454452,593.2990331202745
1706174940781,1332.100246300458,594.3094108253717
1706174940792,1333.2238362424991,595.212485268712
1706174940803,1332.606973304859,601.6659554094076
1706174940814,1349.230076815734,627.6460781693459
1706174940826,1384.7269352756025,674.6943257749081
1706174940866,1426.208379080836,739.892028272152
1706174940870,1495.787465928898,864.2779409885406
1706174940884,1498.30250623029,856.6633872687817
1706174940891,1497.9766832934245,856.919626891613
1706174940903,1498.9452162829346,859.1687060892582
1706174940913,1500.9193727041497,864.9095013737679
1706174940925,1499.970881605004,867.7263960242271
1706174940936,1499.4806137747378,867.3370465636253
1706174940947,1502.8025401111113,863.202615082264
1706174940958,1506.059653095027,863.3994981646538
1706174940969,1506.7385203894983,865.8320121467113
1706174940980,1500.7580922445236,865.853076428175
1706174941015,1493.0341300437372,869.9520751833916
1706174941016,1468.4146565553488,881.8813666701317
1706174941032,1411.6728167794872,902.5943219661713
1706174941036,1409.8487406905515,901.8227577209473
1706174941050,1414.2715682342184,899.6198415756226
1706174941059,1413.8146641274257,895.961394906044
1706174941069,1421.0154304906841,889.3027603626251
1706174941080,1422.8950568833707,887.5031799077988
1706174941092,1423.7584227422572,890.7884150743484
1706174941102,1419.4910620611442,896.2290868163109
1706174941114,1420.6198681719798,899.585810303688
1706174941125,1416.4099487519686,898.8712102174759
1706174941136,1414.412133293039,897.682748734951
1706174941170,1405.555245708391,900.5157247185707
1706174941171,1408.4345978796744,899.540850520134
1706174941187,1410.988269103968,900.8880868554115
1706174941191,1409.3725290489647,906.0196176171303
1706174941203,1412.0452106262996,907.030476629734
1706174941213,1410.6285171487245,906.9117352366447
1706174941225,1413.7817117937097,902.4816960096359
1706174941236,1411.1757419184144,902.130737900734
1706174941247,1413.5366229535894,893.787470459938
1706174941258,1410.1574055261785,898.0626702308655
1706174941269,1407.440333246866,898.2782676815987
1706174941281,1404.8457308853206,905.713364481926
1706174941317,1400.2255171691238,904.5760065317154
1706174941325,1402.4666631204886,904.3641179800034
1706174941336,1406.7872578620852,903.143946826458
1706174941348,1404.4997553038265,904.9999818205833
1706174941359,1390.477053022943,905.3104251623154
1706174941369,1334.2406753374594,905.6358173489571
1706174941380,1156.3788255597465,903.6401465535164
1706174941392,1073.8024962257593,894.6410834789276
1706174941403,1008.4857391376011,886.6436779499054
1706174941414,954.202861182052,884.5407605171204
1706174941425,956.8185739375191,888.4969666600227
1706174941443,961.5820567806926,890.597166121006
1706174941469,962.18873697548,896.3399291038513
1706174941470,961.2909203033901,898.6097186803818
1706174941485,957.7535823189778,891.1603808403015
1706174941492,956.424013502346,889.1667768359184
1706174941502,954.5792053142726,888.6823549866676
1706174941513,951.6934709244628,889.3270522356033
1706174941524,969.7621291309505,896.134977042675
1706174941535,1033.4674528914259,903.4441977739334
1706174941546,1230.929432569268,904.5708253979683
1706174941558,1287.0779918386843,903.4457266330719
1706174941569,1303.5165124580185,899.8606935143471
1706174941580,1277.5797051907791,902.3698344826698
1706174941619,1277.4538394149154,900.5669414997101
1706174941620,1283.3323124370431,899.4184568524361
1706174941624,1290.9545697401015,906.4579471945763
1706174941637,1291.187888776104,907.7737286686897
1706174941647,1292.0379881534845,903.041173517704
1706174941658,1292.3833799270608,901.2859866023064
1706174941669,1325.4217053655032,887.5751778483391
1706174941680,1466.8517471386576,814.0947960317135
1706174941691,1576.5109252574778,765.5076526105404
1706174941703,1683.9472296591412,731.4919382333755
1706174941714,1785.5485940774997,713.5550938546658
1706174941725,1799.89838369528,717.2709718346596
1706174941736,1794.6094833233642,716.8485678732395
1706174941771,1803.3347322156158,715.7688111066818
1706174941780,1804.7484078484263,714.0718340873718
1706174941792,1804.058590388569,716.5956974029541
1706174941803,1803.2742682861538,717.3067159950733
1706174941813,1806.048180060752,714.7509165108204
1706174941825,1807.7876644204393,714.1250468790531
1706174941836,1809.0409947676592,712.1978349983692
1706174941846,1808.7414969865024,710.2852746844292
1706174941858,1808.3514962518802,711.3926500082016
1706174941869,1811.0642963744144,708.8922008872032
1706174941880,1810.9243532585872,710.1540051400661
1706174941892,1809.6367812460164,709.2526435852051
1706174941933,1803.2645052602904,712.5514261424541
1706174941934,1803.8785362277656,712.9127182066441
1706174941936,1813.2708672938202,715.2358055114746
1706174941949,1815.8428278313859,713.5649748146534
1706174941958,1813.9275855751362,710.5497106909752
1706174941969,1810.492300418654,714.856917411089
1706174941980,1804.123048733561,731.6725842654705
1706174941991,1814.3696759490592,737.2584268450737
1706174942002,1843.0342946559879,744.4151297211647
1706174942013,1990.1098462819348,717.3078626394272
1706174942023,nan,nan
1706174942034,nan,nan
1706174942045,nan,nan
1706174942082,nan,nan
1706174942083,nan,nan
1706174942089,nan,nan
1706174942100,nan,nan
1706174942111,nan,nan
1706174942121,nan,nan
1706174942132,nan,nan
1706174942143,nan,nan
1706174942154,nan,nan
1706174942165,nan,nan
1706174942177,nan,nan
1706174942187,nan,nan
1706174942234,nan,nan
1706174942235,nan,nan
1706174942252,nan,nan
1706174942257,nan,nan
1706174942269,nan,nan
1706174942278,nan,nan
1706174942290,nan,nan
1706174942302,nan,nan
1706174942312,nan,nan
1706174942323,nan,nan
1706174942335,nan,nan
1706174942345,nan,nan
1706174942385,nan,nan
1706174942386,nan,nan
1706174942390,nan,nan
1706174942402,nan,nan
1706174942412,nan,nan
1706174942424,nan,nan
1706174942434,nan,nan
1706174942444,nan,nan
1706174942456,nan,nan
1706174942468,nan,nan
1706174942478,nan,nan
1706174942489,nan,nan
1706174942501,nan,nan
1706174942535,nan,nan
1706174942536,nan,nan
1706174942544,nan,nan
1706174942556,nan,nan
1706174942569,nan,nan
1706174942578,nan,nan
1706174942589,nan,nan
1706174942601,nan,nan
1706174942611,nan,nan
1706174942623,nan,nan
1706174942635,nan,nan
1706174942645,nan,nan
1706174942684,nan,nan
1706174942685,nan,nan
1706174942690,nan,nan
1706174942702,nan,nan
1706174942711,nan,nan
1706174942723,nan,nan
1706174942735,nan,nan
1706174942745,nan,nan
1706174942757,nan,nan
1706174942768,nan,nan
1706174942778,nan,nan
1706174942790,nan,nan
1706174942801,nan,nan
1706174942834,nan,nan
1706174942835,nan,nan
1706174942844,nan,nan
1706174942856,nan,nan
1706174942868,nan,nan
1706174942877,nan,nan
1706174942889,nan,nan
1706174942901,nan,nan
1706174942911,nan,nan
1706174942923,nan,nan
1706174942966,nan,nan
1706174942967,nan,nan
1706174942968,nan,nan
1706174942984,nan,nan
1706174942990,nan,nan
1706174943001,nan,nan
1706174943011,nan,nan
1706174943023,nan,nan
1706174943034,nan,nan
1706174943044,nan,nan
1706174943056,nan,nan
1706174943068,nan,nan
1706174943078,nan,nan
1706174943118,nan,nan
1706174943119,nan,nan
1706174943123,nan,nan
1706174943137,nan,nan
1706174943145,nan,nan
1706174943157,nan,nan
1706174943168,nan,nan
1706174943178,nan,nan
1706174943189,nan,nan
1706174943201,nan,nan
1706174943212,nan,nan
1706174943223,nan,nan
1706174943267,nan,nan
1706174943268,nan,nan
1706174943276,nan,nan
1706174943290,nan,nan
1706174943301,nan,nan
1706174943312,nan,nan
1706174943324,nan,nan
1706174943335,nan,nan
1706174943346,nan,nan
1706174943357,nan,nan
1706174943368,nan,nan
1706174943394,nan,nan
1706174943415,nan,nan
1706174943421,nan,nan
1706174943438,nan,nan
1706174943450,1448.6302278634312,851.4824658632278
1706174943461,1448.6302278634312,851.4824658632278
1706174943473,1455.8315098297264,841.0556323826313
1706174943484,1433.5678075509431,835.4091450572014
1706174943495,1425.8617908080162,836.3925129175186
1706174943506,1426.5102996049307,839.6721422672272
1706174943517,1428.9015491604882,842.8152784705162
1706174943553,1428.753609950878,841.0995304584503
1706174943561,1427.0627027763662,850.2434387803078
1706174943573,1427.2974404223828,850.9409241378307
1706174943585,1421.3366354142863,865.0404594838619
1706174943595,1417.0142555962545,871.9524458050728
1706174943606,1411.6852378657113,879.2633935809135
1706174943616,1407.873024229889,882.343789935112
1706174943628,1405.9717905160296,881.1041116714478
1706174943639,1401.5319050141156,881.4735010266304
1706174943650,1397.4799337942798,884.9199458956718
1706174943662,1402.5163070563879,889.7870406508446
1706174943700,1404.1479747044373,894.4327056407928
1706174943701,1405.6399089742113,893.9991042017937
1706174943706,1402.8593533937208,885.4736477136612
1706174943720,1399.377895657814,885.8648657798767
1706174943728,1400.4538635490298,891.4597541093826
1706174943739,1400.7883493674842,892.4933195114136
1706174943750,1399.1233409209021,898.7147003412247
1706174943762,1380.5158256748118,903.518234193325
1706174943773,1365.603669649151,905.231037735939
1706174943783,1341.956216879368,906.7600101232529
1706174943795,1346.3646898683198,902.6072606444359
1706174943806,1344.7905559406377,902.4496182799339
1706174943817,1343.4675236113703,907.1230009198189
1706174943852,1342.9806647425014,908.1466853618622
1706174943861,1346.1403396784197,906.4572677016258
1706174943872,1340.8286664687075,907.8220009803772
1706174943884,1338.5791159681671,907.8550979495049
1706174943895,1339.7572835877738,907.3111921548843
1706174943906,1342.2294422105458,914.0391632914543
1706174943917,1346.9601235850093,915.1857227087021
1706174943928,1330.2502621266467,917.1014964580536
1706174943939,1361.007134541395,928.9193227887154
1706174943949,1403.4185841219137,980.5656850337982
1706174943960,1512.5474450665242,1026.206660270691
1706174944003,1487.725208284395,1025.3459125757217
1706174944004,nan,nan
1706174944021,nan,nan
1706174944026,nan,nan
1706174944037,nan,nan
1706174944048,nan,nan
1706174944059,nan,nan
1706174944070,nan,nan
1706174944080,nan,nan
1706174944091,nan,nan
1706174944109,nan,nan
1706174944152,nan,nan
1706174944153,nan,nan
1706174944171,nan,nan
1706174944174,nan,nan
1706174944185,nan,nan
1706174944195,nan,nan
1706174944207,nan,nan
1706174944217,nan,nan
1706174944228,nan,nan
1706174944239,nan,nan
1706174944250,nan,nan
1706174944284,nan,nan
1706174944301,nan,nan
1706174944307,nan,nan
1706174944318,nan,nan
1706174944328,nan,nan
1706174944339,nan,nan
1706174944350,nan,nan
1706174944362,nan,nan
1706174944373,nan,nan
1706174944383,nan,nan
1706174944395,nan,nan
1706174944434,nan,nan
1706174944439,nan,nan
1706174944450,nan,nan
1706174944461,nan,nan
1706174944472,nan,nan
1706174944482,nan,nan
1706174944494,nan,nan
1706174944505,nan,nan
1706174944516,nan,nan
1706174944528,nan,nan
1706174944539,nan,nan
1706174944571,nan,nan
1706174944572,nan,nan
1706174944589,nan,nan
1706174944594,nan,nan
1706174944607,nan,nan
1706174944615,nan,nan
1706174944628,nan,nan
1706174944639,nan,nan
1706174944649,nan,nan
1706174944661,nan,nan
1706174944673,nan,nan
1706174944682,nan,nan
1706174944718,nan,nan
1706174944728,nan,nan
1706174944739,nan,nan
1706174944750,nan,nan
1706174944761,nan,nan
1706174944772,nan,nan
1706174944783,nan,nan
1706174944794,nan,nan
1706174944806,nan,nan
1706174944816,nan,nan
1706174944827,nan,nan
1706174944868,nan,nan
1706174944869,nan,nan
1706174944872,nan,nan
1706174944888,nan,nan
1706174944894,nan,nan
1706174944907,nan,nan
1706174944915,nan,nan
1706174944927,nan,nan
1706174944939,nan,nan
1706174944949,nan,nan
1706174944961,nan,nan
1706174944972,nan,nan
1706174944982,nan,nan
1706174945020,nan,nan
1706174945021,nan,nan
1706174945027,nan,nan
1706174945039,nan,nan
1706174945049,nan,nan
1706174945061,nan,nan
1706174945072,nan,nan
1706174945082,nan,nan
1706174945094,nan,nan
1706174945105,nan,nan
1706174945115,nan,nan
1706174945127,nan,nan
1706174945149,nan,nan
1706174945169,nan,nan
1706174945172,nan,nan
1706174945188,nan,nan
1706174945195,nan,nan
1706174945207,nan,nan
1706174945215,nan,nan
1706174945228,nan,nan
1706174945239,nan,nan
1706174945248,nan,nan
1706174945261,nan,nan
1706174945301,nan,nan
1706174945305,nan,nan
1706174945316,nan,nan
1706174945330,nan,nan
1706174945339,nan,nan
1706174945349,nan,nan
1706174945361,nan,nan
1706174945372,nan,nan
1706174945381,nan,nan
1706174945393,nan,nan
1706174945405,nan,nan
1706174945415,nan,nan
1706174945451,nan,nan
1706174945452,nan,nan
1706174945460,nan,nan
1706174945472,nan,nan
1706174945483,nan,nan
1706174945494,nan,nan
1706174945505,nan,nan
1706174945516,nan,nan
1706174945527,nan,nan
1706174945539,nan,nan
1706174945550,nan,nan
1706174945587,nan,nan
1706174945588,nan,nan
1706174945593,nan,nan
1706174945605,nan,nan
1706174945615,nan,nan
1706174945626,nan,nan
1706174945638,nan,nan
1706174945649,nan,nan
1706174945660,nan,nan
1706174945671,nan,nan
1706174945682,nan,nan
1706174945693,nan,nan
1706174945714,nan,nan
1706174945734,nan,nan
1706174945735,nan,nan
1706174945739,nan,nan
1706174945752,nan,nan
1706174945761,nan,nan
1706174945779,nan,nan
1706174945796,nan,nan
1706174945805,nan,nan
1706174945817,nan,nan
1706174945828,nan,nan
1706174945868,nan,nan
1706174945869,nan,nan
1706174945875,1585.8897004209637,906.6876441240311
1706174945885,1585.8897004209637,906.6876441240311
1706174945899,1585.8897004209637,906.6876441240311
1706174945909,1595.0290279580668,905.8109283447266
1706174945919,1595.0290279580668,905.8109283447266
1706174945930,1595.0290279580668,905.8109283447266
1706174945941,1603.1246403759053,910.0403755903244
1706174945952,1597.8109082675287,912.6342833042145
1706174945962,1597.8109082675287,912.6342833042145
1706174945975,1533.1523114535662,922.8613883256912
1706174945985,1402.528421447968,927.8048127889633
1706174946018,1382.410431533489,911.3302797079086
1706174946019,1385.5640509512464,916.5748611092567
1706174946036,1385.4796200373098,909.4481125473976
1706174946042,1382.6415305659557,909.6904367208481
1706174946054,1383.962108265139,911.6398736834526
1706174946064,1385.3185279966826,908.9691266417503
1706174946075,1385.7566805351794,910.3209212422371
1706174946086,1380.419659891302,916.1039724946022
1706174946097,1375.551710038914,919.2824140191078
1706174946109,1373.9536938316198,919.7258964180946
1706174946119,1375.0436556907755,920.0345560908318
1706174946154,1378.0372182492479,917.4286156892776
1706174946155,1373.350755376222,918.4748366475105
1706174946164,1372.3442368309004,918.0551081895828
1706174946175,1373.2311073269175,916.3148984313011
1706174946186,1376.8346996732791,915.6542614102364
1706174946197,1373.7180392249577,916.4700493216515
1706174946209,1376.306007259057,917.3228695988655
1706174946219,1373.9278716639194,919.8013201355934
1706174946231,1376.1943851758465,922.1489682793617
1706174946242,1376.6502427940093,919.4643199443817
1706174946253,1371.523458985679,921.3543578982353
1706174946264,1366.3437771193956,923.2835799455643
1706174946302,1355.2659129446556,922.3706245422363
1706174946303,1338.6557148607737,914.6843701601028
1706174946309,1338.0268880051644,913.5492205619812
1706174946320,1337.406946482208,911.6937234997749
1706174946331,1337.5982053713149,910.28091609478
1706174946341,1340.9616151986356,911.3618195056915
1706174946352,1337.74792969546,913.1075501441956
1706174946364,1340.4183407570151,912.438277900219
1706174946375,1340.2999670090037,917.3856094479561
1706174946385,1339.9441875966625,915.5930787324905
1706174946397,1337.2627670945508,916.4289116859436
1706174946409,1336.8743219308383,918.1501805782318
1706174946419,1338.0599109974034,918.7784850597382
1706174946452,1341.6518166470871,918.6886221170425
1706174946470,1343.3145345491491,914.3933773040771
1706174946476,1345.997275723383,909.1474369168282
1706174946485,1340.590443065,910.6626495718956
1706174946497,1337.730503285239,908.5703209042549
1706174946509,1340.209880710585,912.8046095371246
1706174946519,1343.7437783025848,913.5179921984673
1706174946530,1345.608549996543,917.158205807209
1706174946542,1345.5671955842872,916.1686092615128
1706174946583,1346.4899206047003,911.6101741790771
1706174946584,1348.6109226075348,908.9183062314987
1706174946585,1347.9620688975676,910.4045554995537
1706174946601,1345.7252873584202,912.3046725988388
1706174946608,1342.7412918281088,914.6402314305305
1706174946620,1344.6038987393156,921.1586073040962
1706174946630,1343.9361812390653,921.0009932518005
1706174946641,1346.225604671504,920.4603716731071
1706174946652,1345.2488757347755,919.0222531557083
1706174946664,1342.683393406362,917.539344727993
1706174946674,1337.9165556042794,914.8536205291748
1706174946686,1328.0849085025613,913.7451410293579
1706174946697,1329.6096624706277,915.9441217780113
1706174946708,1326.517442240661,920.7934364676476
1706174946747,1327.9087341691297,926.549930870533
1706174946748,1330.3188501905984,928.478841483593
1706174946752,1326.9897189496396,917.8146809339523
1706174946765,1326.3676302335766,918.3760270476341
1706174946774,1332.125921494477,920.8156615495682
1706174946785,1330.2679136316215,924.2230355739594
1706174946797,1329.4813992738034,923.0763345956802
1706174946808,1325.6321520871581,921.1316540837288
1706174946819,1330.0294689078155,926.5389174222946
1706174946830,1329.9557290183184,928.0029699206352
1706174946841,1326.3906591156695,927.0812943577766
1706174946887,1321.8970627183396,925.9358108043671
1706174946888,1320.785896726912,924.6010601520538
1706174946904,1328.1856617651313,924.3857175111771
1706174946908,1339.219431172054,934.7560539841652
1706174946919,1375.0192019319363,957.6378375291824
1706174946930,1393.9720618035594,969.582049548626
1706174946941,1402.4956191324065,976.1659681797028
1706174946952,1394.6831655138824,970.7483142614365
1706174946964,1395.2963871849215,968.0463388562202
1706174946975,1394.5413574683455,966.1041781306267
1706174946986,1392.6997041532254,965.8626466989517
1706174946997,1394.3536874213796,965.4659077525139
1706174947037,1392.7422450700917,965.7674610614777
1706174947041,1397.3565373764284,972.1405670046806
1706174947053,1394.4922237849235,971.1966663599014
1706174947065,1396.1916648671045,970.1247379183769
1706174947074,1394.7479488263918,970.1649412512779
1706174947084,1395.8828211694765,970.4761207103729
1706174947096,1393.704533350233,972.104100883007
1706174947107,1393.793143175282,973.3174204826355
1706174947118,1402.8062337562676,970.7606300711632
1706174947130,1445.93936004277,944.0606623888016
1706174947170,1531.762336560753,891.8683558702469
1706174947174,1814.2034885480375,733.3322741091251
1706174947200,1836.9988122298514,727.9858537018299
1706174947207,1836.3637427971196,729.3036311864853
1706174947219,1838.1154375724998,731.1683155596256
1706174947230,1837.3919758507407,731.601095944643
1706174947241,1843.1483849092501,728.6363266408443
1706174947251,1845.6440303019633,725.016412883997
1706174947263,1851.6268553431098,723.5694609582424
1706174947274,1852.564787106321,723.8269463181496
1706174947285,1849.458881624548,721.4672654867172
1706174947297,1843.5584042518758,723.2539214193821
1706174947342,1840.602445822788,726.4665499329567
1706174947343,1841.3777771947184,728.3457301557064
1706174947357,1844.6427032255438,729.145535826683
1706174947363,1845.437362462398,727.8602041304111
1706174947374,1849.6626330785796,724.4612388312817
1706174947385,1874.2970951576335,720.6544362008572
1706174947397,1886.533393557009,714.5429775118828
1706174947407,1893.4905607943813,712.5551350414753
1706174947418,1896.0966937018245,711.2545289099216
1706174947430,1895.41670599406,711.504539847374
1706174947441,1896.9415161975892,708.3116874098778
1706174947451,1893.257588571641,709.4286747276783
1706174947488,1894.9498865735547,713.3229196071625
1706174947496,1893.8050719656317,710.3347927331924
1706174947507,1897.943786148294,711.0749870538712
1706174947519,1897.8418153935838,712.8949947655201
1706174947529,1900.6535107668628,715.2115136384964
1706174947540,1897.7899129729956,714.3686592578888
1706174947552,1895.887486860201,712.1690556406975
1706174947563,1898.6969564190383,712.0565995573997
1706174947574,1898.9569774742151,712.3320773243904
1706174947585,1907.4958668011195,708.4682680666447
1706174947597,1911.40754620255,705.2794642746449
1706174947637,1918.6151959130352,704.8740334808826
1706174947638,1915.1795975369996,706.7049838602543
1706174947640,1906.1991496293483,714.3036969006062
1706174947654,1852.359344038935,749.8788334429264
1706174947662,1833.1447450450628,760.158471763134
1706174947674,1663.9310760585452,846.6935977339745
1706174947685,1428.2790417292408,951.6448795795441
1706174947696,1427.2251858973805,954.6180859208107
1706174947707,1421.4245298375529,959.1551452875137
1706174947718,1427.3322458855666,962.4979957938194
1706174947730,1427.3624870268452,961.3808244466782
1706174947741,1426.2231389293079,960.1844355463982
1706174947752,1425.5549033397658,957.8370422124863
1706174947789,1426.0313665769115,958.2385659217834
1706174947790,1429.4771541916869,956.5940797328949
1706174947797,1422.8555961762572,954.8702627420425
1706174947807,1421.3827085454836,958.7911069393158
1706174947821,1415.7565953400408,961.4279359579086
1706174947829,1420.5594057940477,963.6868819594383
1706174947840,1416.8096134242458,960.1940050721169
1706174947851,1416.2176880543814,960.7820495963097
1706174947862,1413.561752968299,956.7090839147568
1706174947873,1414.7429512287592,958.0846607685089
1706174947884,1416.612399571808,956.0130283236504
1706174947896,1418.3619160139278,955.8968350291252
1706174947936,1419.0434289656148,959.7003817558289
1706174947937,1421.7811114620827,957.5045436620712
1706174947940,1424.243874535229,952.1578684449196
1706174947954,1422.8857225078048,953.6758840084076
1706174947962,1417.3221056916047,957.3404461145401
1706174947974,1416.4026967553307,961.9565814733505
1706174947984,1419.6685932066762,963.1255924701691
1706174947996,1421.1301166018272,960.1750925183296
1706174948007,1416.735188821467,964.178042113781
1706174948018,1410.735323848018,978.8990586996078
1706174948029,1410.7654164832331,980.163000524044
1706174948070,1410.2411070433063,983.8735982775688
1706174948073,1410.1976441286365,975.4278689622879
1706174948086,1409.1676356571688,983.5076346993446
1706174948096,1404.5441913090895,978.9871379733086
1706174948108,1473.7677560400423,1003.5721555352211
1706174948117,1601.2517863037979,1047.2058236598969
1706174948128,1773.8255136758112,1150.65508633852
1706174948138,nan,nan
1706174948149,nan,nan
1706174948161,nan,nan
1706174948172,nan,nan
1706174948183,nan,nan
1706174948218,nan,nan
1706174948219,nan,nan
1706174948226,nan,nan
1706174948236,nan,nan
1706174948249,nan,nan
1706174948266,nan,nan
1706174948283,nan,nan
1706174948295,nan,nan
1706174948307,nan,nan
1706174948316,nan,nan
1706174948328,nan,nan
1706174948368,nan,nan
1706174948369,nan,nan
1706174948374,nan,nan
1706174948385,nan,nan
1706174948395,nan,nan
1706174948406,nan,nan
1706174948416,nan,nan
1706174948427,nan,nan
1706174948439,nan,nan
1706174948449,nan,nan
1706174948461,nan,nan
1706174948473,nan,nan
1706174948482,nan,nan
1706174948519,nan,nan
1706174948520,nan,nan
1706174948528,nan,nan
1706174948539,nan,nan
1706174948550,nan,nan
1706174948561,nan,nan
1706174948573,nan,nan
1706174948582,nan,nan
1706174948594,nan,nan
1706174948606,nan,nan
1706174948616,nan,nan
1706174948628,nan,nan
1706174948669,nan,nan
1706174948673,nan,nan
1706174948684,nan,nan
1706174948694,nan,nan
1706174948706,nan,nan
1706174948716,nan,nan
1706174948728,nan,nan
1706174948739,nan,nan
1706174948749,nan,nan
1706174948761,nan,nan
1706174948773,nan,nan
1706174948782,nan,nan
1706174948822,nan,nan
1706174948827,nan,nan
1706174948839,nan,nan
1706174948849,nan,nan
1706174948860,nan,nan
1706174948872,nan,nan
1706174948882,nan,nan
1706174948894,nan,nan
1706174948905,nan,nan
1706174948915,nan,nan
1706174948927,nan,nan
1706174948970,nan,nan
1706174948971,nan,nan
1706174948972,nan,nan
1706174948987,nan,nan
1706174948994,nan,nan
1706174949006,nan,nan
1706174949016,nan,nan
1706174949027,nan,nan
1706174949039,nan,nan
1706174949049,nan,nan
1706174949061,nan,nan
1706174949073,nan,nan
1706174949091,nan,nan
1706174949114,nan,nan
1706174949116,nan,nan
1706174949132,nan,nan
1706174949139,nan,nan
1706174949150,nan,nan
1706174949160,nan,nan
1706174949172,nan,nan
1706174949182,nan,nan
1706174949193,nan,nan
1706174949205,nan,nan
1706174949216,nan,nan
1706174949236,nan,nan
1706174949256,nan,nan
1706174949257,nan,nan
1706174949260,nan,nan
1706174949274,nan,nan
1706174949282,nan,nan
1706174949294,nan,nan
1706174949305,nan,nan
1706174949315,nan,nan
1706174949327,nan,nan
1706174949339,nan,nan
1706174949349,nan,nan
1706174949360,nan,nan
1706174949372,nan,nan
1706174949406,nan,nan
1706174949407,nan,nan
1706174949416,nan,nan
1706174949427,nan,nan
1706174949439,nan,nan
1706174949449,nan,nan
1706174949461,nan,nan
1706174949472,nan,nan
1706174949482,nan,nan
1706174949494,nan,nan
1706174949506,nan,nan
1706174949516,nan,nan
1706174949555,nan,nan
1706174949560,nan,nan
1706174949572,nan,nan
1706174949581,nan,nan
1706174949593,nan,nan
1706174949605,nan,nan
1706174949615,nan,nan
1706174949627,nan,nan
1706174949638,nan,nan
1706174949649,nan,nan
1706174949660,nan,nan
1706174949683,nan,nan
1706174949703,nan,nan
1706174949704,nan,nan
1706174949706,nan,nan
1706174949720,nan,nan
1706174949727,nan,nan
1706174949740,nan,nan
1706174949749,nan,nan
1706174949761,nan,nan
1706174949772,nan,nan
1706174949782,nan,nan
1706174949794,nan,nan
1706174949838,nan,nan
1706174949839,nan,nan
1706174949846,nan,nan
1706174949862,nan,nan
1706174949872,nan,nan
1706174949883,nan,nan
1706174949894,nan,nan
1706174949905,1674.7200992171906,981.0003906488419
1706174949916,1674.7200992171906,981.0003906488419
1706174949927,1674.7200992171906,981.0003906488419
1706174949938,1542.0916871554746,917.5403922796249
1706174949950,1542.0916871554746,917.5403922796249
1706174949988,1541.4706401107417,953.2669708132744
1706174949989,1554.6025812195849,977.1266579627991
1706174949996,1562.1856540599551,973.3389094471931
1706174950008,1553.1797672027278,973.9723667502403
1706174950019,1552.28521363213,981.4694106578827
1706174950029,1552.28521363213,981.4694106578827
1706174950041,1450.0755066713223,952.4783343076706
1706174950052,1411.2292096052367,951.5542522072792
1706174950064,1399.597846471866,946.4136615395546
1706174950075,1386.4331083687428,946.148744225502
1706174950086,1383.0614297430866,938.6744916439056
1706174950121,1386.8369549388713,942.2570332884789
1706174950122,1388.4989372872442,946.1235463619232
1706174950129,1391.7594169213103,959.7151324152946
1706174950140,1387.5956918925897,959.8177924752235
1706174950151,1383.1212635594488,949.2747515439987
1706174950163,1385.2807069483051,949.1922780871391
1706174950174,1387.9685194293709,943.6214551329613
1706174950185,1391.542757504833,940.9318521618843
1706174950196,1390.2905080911632,941.442434489727
1706174950208,1393.268125976692,940.3159484267235
1706174950218,1391.8130263356031,939.0602454543114
1706174950230,1389.6238939645307,932.0712357759476
1706174950241,1384.5960786436406,936.5063712000847
1706174950273,1383.518423934942,939.1436532139778
1706174950274,1381.8515795307567,940.3118431568146
1706174950291,1392.618819220379,936.937141418457
1706174950297,1397.7371270494841,939.0494868159294
1706174950308,1386.4739284687666,943.6626210808754
1706174950318,1372.0749313581903,947.7608129382133
1706174950330,1364.5785411747165,949.8249143362045
1706174950341,1364.6605179625656,951.1486798524857
1706174950352,1366.760917889358,950.0520348548889
1706174950363,1364.01245943041,952.4761825799942
1706174950374,1363.6252288862609,952.0397782325745
1706174950385,1364.3420535100424,952.5813341140747
1706174950421,1359.3610810152916,954.4219389557838
1706174950429,1468.7989843033688,1002.4355337023735
1706174950440,1472.8456960605695,1073.3657360076904
1706174950453,1888.322542553496,1214.5843029022217
1706174950461,nan,nan
1706174950472,nan,nan
1706174950483,nan,nan
1706174950495,nan,nan
1706174950506,nan,nan
1706174950517,nan,nan
1706174950557,nan,nan
1706174950558,nan,nan
1706174950560,nan,nan
1706174950573,nan,nan
1706174950583,nan,nan
1706174950592,nan,nan
1706174950610,nan,nan
1706174950630,nan,nan
1706174950642,nan,nan
1706174950651,nan,nan
1706174950663,nan,nan
1706174950705,nan,nan
1706174950709,nan,nan
1706174950721,nan,nan
1706174950731,nan,nan
1706174950742,nan,nan
1706174950752,nan,nan
1706174950764,nan,nan
1706174950776,nan,nan
1706174950785,nan,nan
1706174950796,nan,nan
1706174950808,nan,nan
1706174950818,nan,nan
1706174950855,nan,nan
1706174950856,nan,nan
1706174950863,nan,nan
1706174950875,nan,nan
1706174950886,nan,nan
1706174950897,nan,nan
1706174950908,nan,nan
1706174950919,nan,nan
1706174950930,nan,nan
1706174950942,nan,nan
1706174950952,nan,nan
1706174950964,nan,nan
1706174951005,nan,nan
1706174951007,nan,nan
1706174951023,nan,nan
1706174951030,nan,nan
1706174951041,nan,nan
1706174951051,nan,nan
1706174951063,nan,nan
1706174951074,nan,nan
1706174951085,nan,nan
1706174951097,nan,nan
1706174951108,nan,nan
1706174951140,nan,nan
1706174951141,nan,nan
1706174951156,nan,nan
1706174951164,nan,nan
1706174951175,nan,nan
1706174951184,nan,nan
1706174951197,nan,nan
1706174951208,nan,nan
1706174951218,nan,nan
1706174951230,nan,nan
1706174951241,nan,nan
1706174951251,nan,nan
1706174951290,nan,nan
1706174951291,nan,nan
1706174951297,nan,nan
1706174951309,nan,nan
1706174951318,nan,nan
1706174951330,nan,nan
1706174951342,nan,nan
1706174951350,nan,nan
1706174951363,nan,nan
1706174951374,nan,nan
1706174951384,nan,nan
1706174951396,nan,nan
1706174951408,nan,nan
1706174951448,nan,nan
1706174951449,nan,nan
1706174951451,nan,nan
1706174951466,nan,nan
1706174951474,nan,nan
1706174951485,nan,nan
1706174951496,nan,nan
1706174951507,nan,nan
1706174951518,nan,nan
1706174951529,nan,nan
1706174951540,nan,nan
1706174951551,nan,nan
1706174951563,nan,nan
1706174951574,nan,nan
1706174951606,nan,nan
1706174951608,nan,nan
1706174951625,nan,nan
1706174951629,nan,nan
1706174951641,nan,nan
1706174951651,nan,nan
1706174951663,nan,nan
1706174951674,nan,nan
1706174951685,nan,nan
1706174951696,nan,nan
1706174951708,nan,nan
1706174951718,nan,nan
1706174951758,nan,nan
1706174951759,nan,nan
1706174951762,nan,nan
1706174951774,nan,nan
1706174951784,nan,nan
1706174951795,nan,nan
1706174951807,nan,nan
1706174951817,nan,nan
1706174951829,nan,nan
1706174951840,nan,nan
1706174951850,nan,nan
1706174951862,nan,nan
1706174951874,nan,nan
1706174951905,nan,nan
1706174951906,nan,nan
1706174951907,nan,nan
1706174951923,nan,nan
1706174951929,nan,nan
1706174951942,nan,nan
1706174951951,nan,nan
1706174951962,nan,nan
1706174951974,nan,nan
1706174951984,nan,nan
1706174951996,nan,nan
1706174952038,nan,nan
1706174952042,nan,nan
1706174952053,nan,nan
1706174952066,nan,nan
1706174952084,nan,nan
1706174952096,nan,nan
1706174952108,1844.8203572275384,1058.2803696393967
1706174952119,1844.8203572275384,1058.2803696393967
1706174952130,1844.8203572275384,1058.2803696393967
1706174952141,1689.178513667066,954.9709975719452
1706174952152,1689.178513667066,954.9709975719452
1706174952189,1689.178513667066,954.9709975719452
1706174952204,1694.0292782600313,984.4303578138351
1706174952210,1689.227375190441,997.9050993919373
1706174952222,1689.9913360165056,998.3379364013672
1706174952233,1692.027415918223,997.3555028438568
1706174952244,1687.8469698228878,996.4349314570427
1706174952254,1690.0162694155629,994.2795515060425
1706174952266,1659.8643030449791,991.0752326250076
1706174952277,1617.6412766265603,978.5047262907028
1706174952288,1469.4705878431832,946.8833893537521
1706174952326,1444.958429887897,944.5701971650124
1706174952327,1432.874380612449,942.1448037028313
1706174952333,1445.0710089105771,944.5995286107063
1706174952344,1446.4393273797,947.5206971168518
1706174952355,1443.2015961672726,940.5769020318985
1706174952366,1442.370623248259,944.14322078228
1706174952377,1441.2909166027907,945.1394140720367
1706174952388,1447.6607653995447,947.5490942597389
1706174952400,1444.3198970995716,947.40000218153
1706174952411,1446.8683236765833,943.7317028641701
1706174952422,1441.2789879092143,945.3620329499245
1706174952459,1442.4252843369795,946.7622697353363
1706174952474,1441.2460390572285,951.641283929348
1706174952476,1440.3103009886463,952.2232696413994
1706174952488,1437.6922858540186,949.0515381097794
1706174952499,1434.8435909991892,944.1847264766693
1706174952510,1494.7464580617548,1012.968099117279
1706174952519,1551.1117732099399,1088.4428918361664
1706174952530,1672.2527472308343,1249.4969621300697
1706174952541,nan,nan
1706174952552,nan,nan
1706174952564,nan,nan
1706174952605,nan,nan
1706174952608,nan,nan
1706174952621,nan,nan
1706174952631,nan,nan
1706174952643,1603.8844249453332,1042.7053153514862
1706174952653,1492.3763445299119,1120.793890953064
1706174952665,1455.8067257882474,1074.686387181282
1706174952677,1412.6962047474842,975.3555312752724
1706174952688,1410.233722881551,934.9112331867218
1706174952699,1413.0502263069243,934.1255694627762
1706174952748,1406.6832045818671,951.3943165540695
1706174952749,1405.9691510566993,945.3840032219887
1706174952754,1408.066387078812,943.8100144267082
1706174952766,1410.4658856738045,943.6824962496758
1706174952780,1409.415154044912,943.001700937748
1706174952787,1409.9766503814215,940.8126011490822
1706174952799,1408.7538370719453,940.7408013939857
1706174952810,1410.3924344756485,939.5639196038246
1706174952821,1407.0238932133273,941.1597371101379
1706174952832,1408.4195012912444,946.2524235248566
1706174952843,1403.3765194895232,948.5699757933617
1706174952854,1397.1551836060735,946.6415748000145
1706174952895,1390.3190892284351,933.2572340965271
1706174952896,1393.8383520223138,919.8541790246964
1706174952899,1402.2846899415547,906.4462259411812
1706174952910,1399.8616475691829,906.1402276158333
1706174952921,1397.244603244293,906.0148894786835
1706174952932,1396.7875103164379,905.3515061736107
1706174952944,1393.5825449189604,904.8208504915237
1706174952955,1392.6573991481187,906.9730028510094
1706174952966,1391.6262162823364,908.2367181777954
1706174952977,1390.6957326889508,909.8594039678574
1706174952988,1391.8609390435388,910.0581556558609
1706174952999,1392.931082875008,908.006539940834
1706174953044,1393.179378337743,909.0366795659065
1706174953045,1393.9892544962097,908.0472245812416
1706174953061,1690.3083567478986,796.5520292520523
1706174953066,1846.2901843644602,747.2485020756721
1706174953078,1962.175771477473,720.6541247665882
1706174953087,1978.760904500553,721.5494275093079
1706174953098,1979.028054001307,723.165488243103
1706174953109,1970.7221991665685,720.1324723660946
1706174953120,1976.171067545764,721.8024678528309
1706174953132,1976.7430550367662,721.5837560594082
1706174953143,1978.3195455219727,727.402013540268
1706174953154,1970.061830050226,729.8442244529724
1706174953194,1973.5042846359772,729.3225720524788
1706174953195,1977.2402989025964,726.8012285232544
1706174953199,1977.0001391909504,721.7340797185898
1706174953214,1973.7004625952784,724.3769109249115
1706174953221,1974.6276511269832,726.8590278923512
1706174953233,1973.5018466481074,729.3176032602787
1706174953244,1973.9603372172348,725.2120360732079
1706174953254,1975.7089648120125,721.7906191945076
1706174953265,1978.5430003673446,721.4204795658588
1706174953276,1976.304414231048,724.9665834009647
1706174953287,1972.6643531663626,727.0073272287846
1706174953299,1972.4977013436683,724.1581425070763
1706174953341,1978.2902190350512,720.5116152763367
1706174953342,1978.7311415228135,720.2104866504669
1706174953343,1965.5647827143914,728.606853634119
1706174953358,1964.5868158295937,745.4783238470554
1706174953366,2028.8270656875418,762.6991525292397
1706174953376,2050.611831922378,780.8115467429161
1706174953386,2291.0179212621347,818.1026294827461
1706174953397,nan,nan
1706174953407,nan,nan
1706174953418,nan,nan
1706174953430,nan,nan
1706174953441,nan,nan
1706174953452,nan,nan
1706174953494,nan,nan
1706174953495,nan,nan
1706174953496,nan,nan
1706174953510,nan,nan
1706174953517,nan,nan
1706174953527,nan,nan
1706174953546,nan,nan
1706174953566,nan,nan
1706174953577,nan,nan
1706174953587,nan,nan
1706174953599,nan,nan
1706174953611,nan,nan
1706174953643,nan,nan
1706174953644,nan,nan
1706174953661,nan,nan
1706174953665,nan,nan
1706174953677,nan,nan
1706174953687,nan,nan
1706174953699,nan,nan
1706174953710,nan,nan
1706174953720,nan,nan
1706174953732,nan,nan
1706174953744,nan,nan
1706174953754,nan,nan
1706174953793,nan,nan
1706174953794,nan,nan
1706174953799,nan,nan
1706174953812,nan,nan
1706174953820,nan,nan
1706174953831,nan,nan
1706174953843,nan,nan
1706174953853,nan,nan
1706174953865,nan,nan
1706174953877,nan,nan
1706174953886,nan,nan
1706174953898,nan,nan
1706174953941,nan,nan
1706174953943,nan,nan
1706174953960,nan,nan
1706174953966,nan,nan
1706174953977,nan,nan
1706174953987,nan,nan
1706174953998,nan,nan
1706174954010,nan,nan
1706174954020,nan,nan
1706174954032,nan,nan
1706174954044,nan,nan
1706174954053,nan,nan
1706174954094,nan,nan
1706174954099,nan,nan
1706174954112,nan,nan
1706174954120,nan,nan
1706174954132,nan,nan
1706174954144,nan,nan
1706174954154,nan,nan
1706174954165,nan,nan
1706174954177,nan,nan
1706174954187,nan,nan
1706174954198,nan,nan
1706174954210,nan,nan
1706174954243,nan,nan
1706174954244,nan,nan
1706174954261,nan,nan
1706174954265,nan,nan
1706174954277,nan,nan
1706174954286,nan,nan
1706174954298,nan,nan
1706174954310,nan,nan
1706174954320,nan,nan
1706174954331,nan,nan
1706174954344,nan,nan
1706174954353,nan,nan
1706174954395,nan,nan
1706174954396,nan,nan
1706174954398,nan,nan
1706174954413,nan,nan
1706174954420,nan,nan
1706174954432,nan,nan
1706174954443,nan,nan
1706174954453,nan,nan
1706174954465,nan,nan
1706174954477,nan,nan
1706174954486,nan,nan
1706174954499,nan,nan
1706174954522,nan,nan
1706174954543,nan,nan
1706174954544,nan,nan
1706174954553,nan,nan
1706174954564,nan,nan
1706174954577,nan,nan
1706174954586,nan,nan
1706174954598,nan,nan
1706174954609,nan,nan
1706174954619,nan,nan
1706174954631,nan,nan
1706174954643,nan,nan
1706174954653,nan,nan
1706174954673,nan,nan
1706174954694,nan,nan
1706174954698,nan,nan
1706174954711,nan,nan
1706174954719,nan,nan
1706174954731,nan,nan
1706174954743,nan,nan
1706174954753,nan,nan
1706174954765,nan,nan
1706174954776,nan,nan
1706174954786,nan,nan
1706174954797,nan,nan
1706174954842,nan,nan
1706174954843,nan,nan
1706174954859,nan,nan
1706174954864,nan,nan
1706174954877,nan,nan
1706174954886,nan,nan
1706174954898,nan,nan
1706174954909,nan,nan
1706174954920,nan,nan
1706174954931,nan,nan
1706174954943,nan,nan
1706174954953,nan,nan
1706174954993,nan,nan
1706174954994,nan,nan
1706174954998,nan,nan
1706174955010,nan,nan
1706174955020,nan,nan
1706174955031,nan,nan
1706174955043,nan,nan
1706174955053,nan,nan
1706174955064,nan,nan
1706174955077,nan,nan
1706174955087,nan,nan
1706174955098,nan,nan
1706174955143,nan,nan
1706174955144,nan,nan
1706174955159,nan,nan
1706174955164,nan,nan
1706174955176,nan,nan
1706174955186,nan,nan
1706174955198,nan,nan
1706174955209,nan,nan
1706174955219,nan,nan
1706174955231,nan,nan
1706174955242,nan,nan
1706174955253,nan,nan
1706174955293,nan,nan
1706174955294,nan,nan
1706174955298,nan,nan
1706174955309,nan,nan
1706174955321,nan,nan
1706174955331,nan,nan
1706174955342,nan,nan
1706174955353,nan,nan
1706174955364,nan,nan
1706174955376,nan,nan
1706174955386,nan,nan
1706174955397,nan,nan
1706174955409,nan,nan
1706174955442,nan,nan
1706174955443,nan,nan
1706174955458,nan,nan
1706174955464,nan,nan
1706174955476,nan,nan
1706174955485,nan,nan
1706174955498,nan,nan
1706174955509,nan,nan
1706174955519,nan,nan
1706174955531,nan,nan
1706174955543,nan,nan
1706174955577,nan,nan
1706174955578,nan,nan
1706174955586,nan,nan
1706174955598,nan,nan
1706174955609,nan,nan
1706174955619,nan,nan
1706174955631,nan,nan
1706174955643,nan,nan
1706174955653,nan,nan
1706174955665,nan,nan
1706174955675,nan,nan
1706174955686,nan,nan
1706174955726,nan,nan
1706174955727,nan,nan
1706174955730,nan,nan
1706174955745,nan,nan
1706174955752,nan,nan
1706174955764,nan,nan
1706174955775,nan,nan
1706174955785,nan,nan
1706174955797,nan,nan
1706174955809,nan,nan
1706174955819,nan,nan
1706174955831,nan,nan
1706174955842,nan,nan
1706174955877,nan,nan
1706174955878,nan,nan
1706174955886,nan,nan
1706174955898,nan,nan
1706174955909,nan,nan
1706174955919,nan,nan
1706174955931,nan,nan
1706174955942,nan,nan
1706174955952,nan,nan
1706174955965,nan,nan
1706174955976,nan,nan
1706174956008,nan,nan
1706174956009,nan,nan
1706174956023,nan,nan
1706174956031,nan,nan
1706174956043,nan,nan
1706174956052,nan,nan
1706174956064,nan,nan
1706174956076,nan,nan
1706174956086,nan,nan
1706174956097,nan,nan
1706174956108,nan,nan
1706174956118,nan,nan
1706174956138,nan,nan
1706174956159,nan,nan
1706174956160,nan,nan
1706174956164,nan,nan
1706174956175,nan,nan
1706174956186,nan,nan
1706174956197,nan,nan
1706174956208,nan,nan
1706174956219,nan,nan
1706174956230,nan,nan
1706174956243,nan,nan
1706174956253,nan,nan
1706174956293,nan,nan
1706174956294,nan,nan
1706174956298,nan,nan
1706174956317,nan,nan
1706174956331,nan,nan
1706174956342,nan,nan
1706174956353,nan,nan
1706174956364,nan,nan
1706174956375,nan,nan
1706174956387,nan,nan
1706174956398,nan,nan
1706174956409,1371.8388168162246,942.0212209224701
1706174956443,1371.8388168162246,942.0212209224701
1706174956444,1371.8388168162246,942.0212209224701
1706174956460,1377.879042659032,932.3280841112137
1706174956466,1375.375490764836,938.7897223234177
1706174956477,1358.9215761979058,944.6903541684151
1706174956488,1361.2049645046907,945.5595389008522
1706174956500,1360.4850496902648,949.3216931819916
1706174956511,1363.8827680945385,953.5487622022629
1706174956522,1364.556447231184,951.5213251113892
1706174956533,1361.87458482782,948.6374720931053
1706174956544,1362.7451202587708,935.8836442232132
1706174956555,1373.7520004166445,896.0962742567062
1706174956596,1382.4909695198921,871.0657924413681
1706174956597,1387.585380060686,860.3631131350994
1706174956600,1388.9863905400455,874.2863059043884
1706174956613,1386.978198578134,874.1591416299343
1706174956622,1385.998765221815,872.4559500813484
1706174956633,1382.2312316595976,872.1510417759418
1706174956644,1383.1634086107679,873.5717765986919
1706174956655,1374.5614404800695,869.4469571113586
1706174956667,1379.4611306796323,865.6666830182076
1706174956678,1396.269208911109,881.6232584416866
1706174956688,1423.6190797905751,896.0683301091194
1706174956698,1460.4930772446285,935.3537246584892
1706174956709,nan,nan
1706174956744,nan,nan
1706174956760,nan,nan
1706174956766,nan,nan
1706174956778,nan,nan
1706174956787,nan,nan
1706174956799,1756.7469389795956,943.1925535202026
1706174956811,1496.6503387043945,920.6813767552376
1706174956822,1454.0466271004789,918.6297610402107
1706174956833,1420.26228728594,911.1139178276062
1706174956844,1403.8007453026341,892.6577143371105
1706174956855,1399.5055650633028,867.3698037862778
1706174956893,1402.3193293586287,870.5717727541924
1706174956894,1403.0824939298589,865.7953478395939
1706174956900,1400.945776216023,860.2334007620811
1706174956911,1402.8319229306016,861.214829236269
1706174956923,1408.0478372656746,863.5393746197224
1706174956933,1405.204250577404,861.9680188596249
1706174956944,1401.2461094149155,863.7506403028965
1706174956955,1400.9406815769391,861.6072788834572
1706174956966,1401.6372177096682,860.3797890245914
1706174956977,1403.725055720084,858.2390323281288
1706174956988,1402.6860017421957,862.023638188839
1706174957000,1399.75969438515,865.5895747244358
1706174957022,1397.225455192277,867.1601802110672
1706174957042,1394.6851970625235,867.4502812325954
1706174957043,1397.4985053794237,867.7287742495537
1706174957044,1399.52349406495,866.7550466954708
1706174957057,1400.776773397794,863.2791005074978
1706174957066,1398.6595813687643,861.7011055350304
1706174957078,1402.606524095869,860.944490134716
1706174957088,1405.027780533383,861.7746606469154
1706174957100,1406.7271221833312,862.7394273877144
1706174957111,1403.8859711199689,863.5268747806549
1706174957122,1397.686524694532,860.3337250649929
1706174957133,1396.401468918802,862.074076384306
1706174957144,1396.9855443719844,862.1455788612366
1706174957176,1399.2124384260967,861.0876366496086
1706174957177,1400.5929756253056,858.6069069802761
1706174957178,1398.9199032895071,862.3942874372005
1706174957193,1397.2151466465598,863.6795200407505
1706174957200,1396.3298691405862,864.5250074565411
1706174957211,1396.775757001415,859.7365073859692
1706174957221,1398.5952933193946,861.2609781324863
1706174957232,1401.538485519339,860.2193437516689
1706174957244,1404.8193572443927,857.4381083250046
1706174957255,1406.9014089990624,859.4756670296192
1706174957266,1404.6635756330888,857.4621595442295
1706174957277,1401.441176292857,860.879272967577
1706174957288,1399.8604603642964,852.0422406494617
1706174957333,1396.9142562569907,852.4630591273308
1706174957348,1413.0164701379633,860.4842610657215
1706174957355,1409.2879411699557,859.2920482158661
1706174957367,1405.8954302222148,859.6772357821465
1706174957377,1401.7762873053944,856.3396230340004
1706174957388,1404.7728005545098,858.9037463068962
1706174957400,1400.8480257405838,858.2348562777042
1706174957410,1401.7415794533488,858.1872493028641
1706174957421,1398.966038179582,855.9367403388023
1706174957433,1405.1788549231226,856.7562088370323
1706174957444,1403.7646263267225,857.3480896651745
1706174957483,1404.7652169038702,857.5627528131008
1706174957484,1401.825649734679,857.5335629284382
1706174957488,1403.5708742294814,854.8817850649357
1706174957500,1402.573778160138,852.4205908179283
1706174957511,1404.3212867266366,853.7498913705349
1706174957522,1404.4923963725362,849.8664759099483
1706174957533,1404.2209709020608,850.7651053369045
1706174957544,1401.5969557513286,852.5360055267811
1706174957555,1399.7577004832854,858.8228866457939
1706174957566,1402.5972266384424,859.6181623637676
1706174957578,1401.5929082211846,857.1633525192738
1706174957587,1400.7061978532593,856.5305605530739
1706174957599,1400.0402918648874,860.4578599333763
1706174957637,1399.3848872707601,861.3498218357563
1706174957638,1392.8377254347592,865.2257062494755
1706174957643,1312.7200238319695,878.7388250231743
1706174957655,1249.8726785642034,884.8769962787628
1706174957666,1241.2756089734569,882.9060703516006
1706174957677,1245.6374186971075,882.9388275742531
1706174957688,1247.5074030709975,887.1655285358429
1706174957699,1246.8949620107528,883.9397065341473
1706174957711,1245.098956103096,881.9886416196823
1706174957721,1244.2697725500097,877.4082504212856
1706174957733,1246.310522375201,879.1093751788139
1706174957744,1247.240824880601,879.4124856591225
1706174957755,1246.0454109638526,882.3324084281921
1706174957796,1244.1248620467056,891.2946939468384
1706174957797,1235.038991632784,907.6587811112404
1706174957799,1236.407630596923,905.5091768503189
1706174957812,1236.842508073053,905.6530594825745
1706174957821,1235.5318966110717,903.8323298096657
1706174957832,1195.3679255611376,878.476257622242
1706174957843,1112.2575076625544,830.3151845932007
1706174957855,917.4454440390996,748.6943356692791
1706174957865,850.4666387224028,725.5572609603405
1706174957877,803.447955329434,720.840560644865
1706174957887,776.7175675821234,716.0671651363373
1706174957899,773.4566854975131,711.2645655870438
1706174957910,767.4499166450142,708.2198850810528
1706174957946,767.6299700214435,707.439798861742
1706174957954,774.5328101939887,711.9464509189129
1706174957966,769.5726278748766,714.4939124584198
1706174957977,769.2997668084615,711.3549098372459
1706174957988,766.5511375069319,709.4788014888763
1706174957999,771.3309284431309,707.9317659139633
1706174958010,768.9220635947163,710.8929254114628
1706174958021,778.1843629592198,714.635855704546
1706174958032,776.1854234043618,713.1428681313992
1706174958044,780.1618269591145,713.0565159022808
1706174958054,775.8121970633699,711.3549381494522
1706174958096,777.4877348202782,712.8379739820957
1706174958097,775.3713677452062,711.93528175354
1706174958099,783.8724377103285,723.9635668694973
1706174958113,848.8177047180596,752.1445885300636
1706174958121,1030.8751834257398,819.6277938783169
1706174958134,1134.8213712297684,864.4460022449493
1706174958144,1188.8695417527385,888.1750851869583
1706174958155,1216.773829509414,903.133924305439
1706174958165,1216.4433970760765,903.6651745438576
1706174958176,1217.9351154710785,903.2665953040123
1706174958187,1222.5605324105204,905.6913658976555
1706174958199,1224.157081514395,904.5874729752541
1706174958210,1225.9992453411141,904.9501523375511
1706174958244,1227.5609184575424,906.4768880605698
1706174958245,1224.5934731715247,904.4907584786415
1706174958260,1224.0031492074265,914.2934635281563
1706174958266,1222.4741986063289,917.5165817141533
1706174958277,1226.0182375713632,917.3980951309204
1706174958287,1229.428227899001,914.1065463423729
1706174958299,1229.2186268722185,912.7896040678024
1706174958310,1235.3540447880669,910.9824076294899
1706174958321,1289.2105686532,911.0149666666985
1706174958332,1315.5358745600402,911.3143399357796
1706174958343,1335.7407718452241,909.8101407289505
1706174958379,1324.546811384958,907.6232209801674
1706174958387,1331.0490473161572,912.5282824039459
1706174958399,1331.2489576182104,912.7937659621239
1706174958411,1329.303819768498,914.6751120686531
1706174958421,1327.3743084131497,909.3201130628586
1706174958432,1324.5420195803863,905.9679478406906
1706174958443,1340.1081464595252,903.0137673020363
1706174958454,1415.5580609404883,932.1976214647293
1706174958464,1497.4351592751955,961.5394860506058
1706174958475,1631.9315197766105,1045.0711965560913
1706174958486,nan,nan
1706174958497,nan,nan
1706174958532,nan,nan
1706174958533,nan,nan
1706174958540,nan,nan
1706174958551,nan,nan
1706174958562,nan,nan
1706174958573,nan,nan
1706174958584,nan,nan
1706174958595,nan,nan
1706174958606,nan,nan
1706174958618,nan,nan
1706174958629,nan,nan
1706174958640,nan,nan
1706174958681,nan,nan
1706174958682,nan,nan
1706174958701,nan,nan
1706174958710,nan,nan
1706174958721,nan,nan
1706174958731,nan,nan
1706174958743,nan,nan
1706174958754,nan,nan
1706174958765,nan,nan
1706174958776,nan,nan
1706174958788,nan,nan
1706174958832,nan,nan
1706174958833,nan,nan
1706174958850,nan,nan
1706174958854,nan,nan
1706174958865,nan,nan
1706174958876,nan,nan
1706174958887,nan,nan
1706174958897,nan,nan
1706174958914,nan,nan
1706174958933,nan,nan
1706174958945,nan,nan
1706174958978,nan,nan
1706174958979,nan,nan
1706174958996,nan,nan
1706174959000,nan,nan
1706174959012,nan,nan
1706174959022,nan,nan
1706174959034,nan,nan
1706174959046,nan,nan
1706174959055,nan,nan
1706174959067,nan,nan
1706174959079,nan,nan
1706174959112,nan,nan
1706174959113,nan,nan
1706174959130,nan,nan
1706174959134,nan,nan
1706174959146,nan,nan
1706174959156,nan,nan
1706174959167,nan,nan
1706174959179,nan,nan
1706174959189,nan,nan
1706174959201,nan,nan
1706174959213,nan,nan
1706174959223,nan,nan
1706174959267,nan,nan
1706174959268,nan,nan
1706174959283,nan,nan
1706174959290,nan,nan
1706174959301,nan,nan
1706174959312,nan,nan
1706174959322,nan,nan
1706174959333,nan,nan
1706174959345,nan,nan
1706174959355,nan,nan
1706174959367,nan,nan
1706174959379,nan,nan
1706174959412,nan,nan
1706174959413,nan,nan
1706174959428,nan,nan
1706174959434,nan,nan
1706174959445,nan,nan
1706174959455,nan,nan
1706174959467,nan,nan
1706174959479,nan,nan
1706174959489,nan,nan
1706174959500,nan,nan
1706174959512,nan,nan
1706174959522,nan,nan
1706174959544,nan,nan
1706174959565,nan,nan
1706174959567,nan,nan
1706174959584,nan,nan
1706174959591,nan,nan
1706174959602,nan,nan
1706174959620,nan,nan
1706174959635,nan,nan
1706174959646,nan,nan
1706174959657,nan,nan
1706174959668,nan,nan
1706174959679,nan,nan
1706174959713,nan,nan
1706174959714,nan,nan
1706174959730,nan,nan
1706174959749,nan,nan
1706174959765,nan,nan
1706174959781,nan,nan
1706174959793,nan,nan
1706174959803,nan,nan
1706174959847,1355.8424143087527,904.812017083168
1706174959848,nan,nan
1706174959866,nan,nan
1706174959870,nan,nan
1706174959882,1317.661625887259,884.8883211612701
1706174959892,1317.661625887259,884.8883211612701
1706174959903,1317.661625887259,884.8883211612701
1706174959915,1281.1477960498123,868.3665066957474
1706174959926,1269.7133218560377,869.549985229969
1706174959937,1260.0427220003396,864.479410648346
1706174959949,1260.877396505813,868.1456714868546
1706174959960,1258.9160976147427,862.5089377164841
1706174960000,1258.2200618010042,868.8676327466965
1706174960001,1260.3860967298756,876.4764249324799
1706174960006,1243.0295934738228,889.4647628068924
1706174960018,1246.5275946285497,893.8236817717552
1706174960028,1246.8407222277594,888.7968212366104
1706174960039,1244.0206677085748,891.418644785881
1706174960050,1244.769850955518,889.7033214569092
1706174960060,1244.984582217957,892.5133645534515
1706174960071,1243.156966511985,895.6094741821289
1706174960083,1242.849868702737,898.4446585178375
1706174960094,1242.1323348124292,900.8546501398087
1706174960105,1243.7358508213451,899.6042132377625
1706174960146,1241.2470282066388,896.2831348180771
1706174960150,1244.1177750092731,897.6735472679138
1706174960161,1243.679274741652,904.0916696190834
1706174960173,1239.1946811635162,906.5249621868134
1706174960183,1237.7573733628078,905.9796124696732
1706174960194,1241.9992864987737,906.8604618310928
1706174960205,1244.0064257189156,905.5425852537155
1706174960217,1245.9103245319452,909.0584516525269
1706174960227,1245.2731806666807,909.3290314078331
1706174960239,1250.3216815374112,911.3166898488998
1706174960250,1250.4480311338812,906.2628477811813
1706174960261,1251.2449434454752,916.7432904243469
1706174960298,1251.3404239216402,964.6540835499763
1706174960299,1337.6504070546544,1031.8842768669128
1706174960304,1673.0031623307514,1113.9785766601562
1706174960316,nan,nan
1706174960326,nan,nan
1706174960337,nan,nan
1706174960348,nan,nan
1706174960359,nan,nan
1706174960370,nan,nan
1706174960381,nan,nan
1706174960392,nan,nan
1706174960403,nan,nan
1706174960414,nan,nan
1706174960446,nan,nan
1706174960452,nan,nan
1706174960474,nan,nan
1706174960484,nan,nan
1706174960493,nan,nan
1706174960506,nan,nan
1706174960523,nan,nan
1706174960538,nan,nan
1706174960549,nan,nan
1706174960582,nan,nan
1706174960583,nan,nan
1706174960601,nan,nan
1706174960605,nan,nan
1706174960616,nan,nan
1706174960627,nan,nan
1706174960638,nan,nan
1706174960649,nan,nan
1706174960660,nan,nan
1706174960670,nan,nan
1706174960688,nan,nan
1706174960734,nan,nan
1706174960735,nan,nan
1706174960742,nan,nan
1706174960753,nan,nan
1706174960765,nan,nan
1706174960775,nan,nan
1706174960787,nan,nan
1706174960797,nan,nan
1706174960808,nan,nan
1706174960819,nan,nan
1706174960830,nan,nan
1706174960842,nan,nan
1706174960863,nan,nan
1706174960884,nan,nan
1706174960885,nan,nan
1706174960886,nan,nan
1706174960902,nan,nan
1706174960909,nan,nan
1706174960920,nan,nan
1706174960930,nan,nan
1706174960942,nan,nan
1706174960953,nan,nan
1706174960963,nan,nan
1706174960975,nan,nan
1706174960986,nan,nan
1706174960996,nan,nan
1706174961031,nan,nan
1706174961032,nan,nan
1706174961041,nan,nan
1706174961053,nan,nan
1706174961065,nan,nan
1706174961075,nan,nan
1706174961087,nan,nan
1706174961097,nan,nan
1706174961108,nan,nan
1706174961120,nan,nan
1706174961130,nan,nan
1706174961141,nan,nan
1706174961161,nan,nan
1706174961182,nan,nan
1706174961183,nan,nan
1706174961187,nan,nan
1706174961200,nan,nan
1706174961207,nan,nan
1706174961219,nan,nan
1706174961229,nan,nan
1706174961241,nan,nan
1706174961253,nan,nan
1706174961262,nan,nan
1706174961275,nan,nan
1706174961286,nan,nan
1706174961296,nan,nan
1706174961335,nan,nan
1706174961336,nan,nan
1706174961341,nan,nan
1706174961353,nan,nan
1706174961362,nan,nan
1706174961374,nan,nan
1706174961386,nan,nan
1706174961396,nan,nan
1706174961408,nan,nan
1706174961420,nan,nan
1706174961429,nan,nan
1706174961441,nan,nan
1706174961487,nan,nan
1706174961488,nan,nan
1706174961504,nan,nan
1706174961508,nan,nan
1706174961519,nan,nan
1706174961529,nan,nan
1706174961542,nan,nan
1706174961553,nan,nan
1706174961563,nan,nan
1706174961575,nan,nan
1706174961596,nan,nan
1706174961633,nan,nan
1706174961634,nan,nan
1706174961649,nan,nan
1706174961653,nan,nan
1706174961664,nan,nan
1706174961676,nan,nan
1706174961685,nan,nan
1706174961702,nan,nan
1706174961725,nan,nan
1706174961739,nan,nan
1706174961778,nan,nan
1706174961779,nan,nan
1706174961794,1303.3651060802074,944.9010252952576
1706174961801,1303.3651060802074,944.9010252952576
1706174961813,1303.3651060802074,944.9010252952576
1706174961823,1299.615143998225,952.5629311800003
1706174961834,1299.615143998225,952.5629311800003
1706174961844,1299.615143998225,952.5629311800003
1706174961855,1281.2144605597593,947.9858100414276
1706174961866,1281.2144605597593,947.9858100414276
1706174961877,1281.2144605597593,947.9858100414276
1706174961888,nan,nan
1706174961910,nan,nan
1706174961931,1311.2720483310277,972.0216274261475
1706174961932,1295.495009291522,967.242243885994
1706174961935,1301.4158024575638,945.6009596586227
1706174961947,1300.2542594243116,942.4438655376434
1706174961960,1299.111717290413,940.6927838921547
1706174961969,1303.5999265277046,937.9211604595184
1706174961980,1301.3261340265442,933.8668525218964
1706174961991,1306.821559648015,937.8046274185181
1706174962001,1305.618747241905,931.6827073693275
1706174962012,1306.0852114385189,934.6170127391815
1706174962024,1308.6700681012828,927.6874870061874
1706174962066,1312.4859308056734,929.8941686749458
1706174962067,1315.4195116786993,931.4261987805367
1706174962068,1310.9507972115457,934.9523708224297
1706174962084,1309.4247474362796,934.3875989317894
1706174962091,1316.4446121882618,934.2722550034523
1706174962102,1363.6579031561091,932.1076735854149
1706174962113,1385.5324629471245,930.5543527007103
1706174962124,1401.9696165722557,922.5975185632706
1706174962135,1397.092521025217,918.6143025755882
1706174962146,1395.7052839025519,916.4408028125763
1706174962157,1396.0254043133784,920.4992443323135
1706174962168,1393.8538762125715,922.7653816342354
1706174962180,1394.4169245561363,922.7186948060989
1706174962215,1394.1193131895625,915.8121019601822
1706174962222,nan,nan
1706174962234,nan,nan
1706174962244,nan,nan
1706174962256,nan,nan
1706174962266,nan,nan
1706174962277,nan,nan
1706174962289,nan,nan
1706174962300,nan,nan
1706174962312,684.8639326133723,837.8578819334507
1706174962324,680.4069113795188,763.7096293270588
1706174962335,711.8488180448119,771.6084375977516
1706174962369,726.4725322034889,755.1301389932632
1706174962370,743.1542475926556,777.197252959013
1706174962386,741.7575944025181,781.3767291605473
1706174962393,739.341905659633,778.3511735498905
1706174962403,739.0850206376172,778.8431406021118
1706174962412,743.5319423113483,775.0568926334381
1706174962424,746.0428607238927,776.3193339109421
1706174962434,745.9095916830182,776.814953237772
1706174962445,744.6466851152386,776.7430402338505
1706174962456,738.5830573781,777.3873835802078
1706174962468,740.7577686680808,778.4983120858669
1706174962479,739.0683937647648,777.6304014027119
1706174962521,734.4479190175166,776.4801755547523
1706174962522,741.4802427355339,764.6299175918102
1706174962524,770.3169110085161,743.9281739294529
1706174962538,781.0041865060875,733.5095793008804
1706174962546,777.7181583324547,734.9724568426609
1706174962557,778.5691412301848,731.7280195653439
1706174962568,778.1317287319615,732.0465318858624
1706174962579,777.5751953708066,732.6123371720314
1706174962590,780.335670475143,735.7104144990444
1706174962601,780.1972017780121,734.3481868505478
1706174962613,781.6625037471656,733.948390185833
1706174962624,782.2700199454423,732.6467506587505
1706174962635,777.4315763579585,733.7279796600342
1706174962669,774.3543687964357,732.8896410763264
1706174962670,774.2285141157873,732.2145082056522
1706174962679,776.5753639840634,733.2288354635239
1706174962690,773.9643577871949,731.599085777998
1706174962702,773.1325816916718,727.6305355131626
1706174962713,769.9865281707037,727.9313951730728
1706174962724,772.744940299657,727.1010689437389
1706174962735,773.9506887545627,729.4435501098633
1706174962746,772.2903826162608,728.5379983484745
1706174962758,814.0863889935441,747.6864211261272
1706174962768,977.9331975901114,795.334505289793
1706174962780,1119.6025909736122,836.9466111063957
1706174962802,1233.121410005017,861.8915475904942
1706174962831,1333.8013358535648,883.140155673027
1706174962834,1334.6180691161671,878.955951333046
1706174962846,1334.6857395203253,877.9159165918827
1706174962859,1341.2385720378422,879.8976719379425
1706174962868,1342.4863780117767,881.7517533898354
1706174962879,1344.9010439189262,885.2760002017021
1706174962890,1341.206900402518,885.8488127589226
1706174962901,1342.6245254989415,885.0400745868683
1706174962913,1341.884739324838,882.8249558806419
1706174962924,1344.839142598207,880.2024811506271
1706174962935,1341.0060319509616,880.2378714084625
1706174962946,1340.2615431035929,883.9336901903152
1706174962987,1341.305035214587,885.2379769086838
1706174962988,1342.1645704631394,880.5098950862885
1706174962990,1342.245881558004,872.7217592298985
1706174963003,1341.3823193893825,880.609242618084
1706174963013,1341.1888667062103,883.138881623745
1706174963023,1341.8406264418609,886.334989964962
1706174963034,1324.7930335734932,889.1513749957085
1706174963045,1307.4021632730924,898.225748538971
1706174963056,1286.5106864085792,902.5103479623795
1706174963067,1271.7130328668902,904.6817809343338
1706174963079,1268.7103935645057,900.8825376629829
1706174963090,1268.9973494027117,899.9922037124634
1706174963101,1271.58395648124,900.2848953008652
1706174963136,1274.8836805349258,901.254191994667
1706174963137,1273.5536942323324,901.8657073378563
1706174963153,1267.9979571625477,905.8394387364388
1706174963157,1268.6505482494163,907.3582753539085
1706174963168,1272.8285447875776,907.5916528701782
1706174963179,1271.7874214972232,905.8694213628769
1706174963190,1272.5590495480687,904.5265451073647
1706174963201,1267.796121913927,908.9958250522614
1706174963212,1270.331546835282,909.3978300690651
1706174963224,1270.661577813014,913.6297687888145
1706174963234,1263.9434647025087,921.5504199266434
1706174963246,1257.033480056165,927.5774374604225
1706174963287,1251.1083902928453,927.970977127552
1706174963290,1253.8420590491696,919.5084020495415
1706174963304,1252.0431114389062,924.2538392543793
1706174963312,1255.434083256781,925.3856480121613
1706174963324,1252.8509137214987,924.4410961866379
1706174963334,1255.09390401657,928.3759832382202
1706174963346,1250.8866109029125,927.7646660804749
1706174963357,1253.0480660978035,926.7427369952202
1706174963367,1251.3253009472992,924.6675938367844
1706174963378,1251.7790627550003,925.8732974529266
1706174963389,1251.0271573967552,927.1709591150284
1706174963400,1235.1381264565125,916.3084715604782
1706174963436,1179.4488030924829,881.876015663147
1706174963445,780.2888069473792,732.5320295989513
1706174963458,696.9236054930825,718.4967912733555
1706174963468,629.0283178829845,708.7087944149971
1706174963478,624.552671525615,705.2315600216389
1706174963490,622.1740881276207,705.5354490876198
1706174963500,622.7894602076817,708.3120413124561
1706174963512,621.4523003889439,707.8647933900356
1706174963523,622.2257507014237,707.7308058738708
1706174963534,623.3904818110632,705.9661202132702
1706174963545,622.6329000452943,706.2530219554901
1706174963565,621.9071877314476,708.4350436925888
1706174963586,623.1795198422783,711.1531004309654
1706174963590,622.0849390016792,705.7998709380627
1706174963603,620.8721527695724,701.0954439640045
1706174963612,621.6180900484827,702.1750167012215
1706174963623,624.1159560044691,704.0859207510948
1706174963634,622.7742442760509,705.4451189935207
1706174963645,619.9537714675689,701.2089759111404
1706174963657,618.4870643984882,698.1390975415707
1706174963668,620.7573929552209,697.8986419737339
1706174963679,621.0845354514518,700.30472651124
1706174963690,624.1156224537162,701.3405002653599
1706174963701,617.9723266420831,700.8456028997898
1706174963734,618.087826784225,692.8562521934509
1706174963736,619.0108433957198,668.0893145501614
1706174963743,696.5793712796133,719.6804255247116
1706174963754,nan,nan
1706174963767,nan,nan
1706174963776,nan,nan
1706174963787,nan,nan
1706174963798,nan,nan
1706174963810,nan,nan
1706174963820,nan,nan
1706174963831,nan,nan
1706174963843,nan,nan
1706174963853,nan,nan
1706174963884,nan,nan
1706174963885,nan,nan
1706174963886,nan,nan
1706174963904,nan,nan
1706174963908,nan,nan
1706174963920,nan,nan
1706174963931,nan,nan
1706174963942,nan,nan
1706174963953,nan,nan
1706174963964,nan,nan
1706174963975,nan,nan
1706174963986,nan,nan
1706174963998,nan,nan
1706174964039,nan,nan
1706174964040,nan,nan
1706174964042,nan,nan
1706174964057,nan,nan
1706174964064,nan,nan
1706174964077,nan,nan
1706174964086,nan,nan
1706174964098,nan,nan
1706174964109,nan,nan
1706174964120,nan,nan
1706174964130,nan,nan
1706174964141,nan,nan
1706174964152,nan,nan
1706174964184,nan,nan
1706174964185,nan,nan
1706174964186,nan,nan
1706174964201,nan,nan
1706174964208,nan,nan
1706174964219,nan,nan
1706174964230,nan,nan
1706174964241,nan,nan
1706174964252,nan,nan
1706174964264,nan,nan
1706174964275,nan,nan
1706174964304,nan,nan
1706174964340,nan,nan
1706174964341,nan,nan
1706174964342,nan,nan
1706174964359,nan,nan
1706174964365,nan,nan
1706174964375,nan,nan
1706174964386,nan,nan
1706174964397,nan,nan
1706174964408,nan,nan
1706174964419,nan,nan
1706174964430,nan,nan
1706174964442,nan,nan
1706174964453,nan,nan
1706174964486,nan,nan
1706174964501,nan,nan
1706174964511,nan,nan
1706174964522,nan,nan
1706174964533,nan,nan
1706174964544,nan,nan
1706174964556,nan,nan
1706174964566,nan,nan
1706174964578,nan,nan
1706174964590,nan,nan
1706174964600,nan,nan
1706174964634,nan,nan
1706174964650,nan,nan
1706174964658,nan,nan
1706174964668,nan,nan
1706174964678,nan,nan
1706174964689,nan,nan
1706174964700,nan,nan
1706174964711,nan,nan
1706174964723,nan,nan
1706174964733,nan,nan
1706174964745,nan,nan
1706174964785,nan,nan
1706174964790,nan,nan
1706174964801,nan,nan
1706174964812,nan,nan
1706174964823,nan,nan
1706174964833,nan,nan
1706174964845,nan,nan
1706174964856,nan,nan
1706174964866,nan,nan
1706174964877,nan,nan
1706174964889,nan,nan
1706174964900,nan,nan
1706174964936,nan,nan
1706174964937,nan,nan
1706174964952,nan,nan
1706174964956,nan,nan
1706174964967,nan,nan
1706174964978,nan,nan
1706174964990,nan,nan
1706174965000,nan,nan
1706174965011,nan,nan
1706174965023,nan,nan
1706174965033,nan,nan
1706174965070,nan,nan
1706174965071,nan,nan
1706174965077,nan,nan
1706174965089,nan,nan
1706174965099,nan,nan
1706174965111,nan,nan
1706174965123,nan,nan
1706174965132,nan,nan
1706174965144,nan,nan
1706174965156,nan,nan
1706174965166,nan,nan
1706174965177,nan,nan
1706174965218,nan,nan
1706174965219,nan,nan
1706174965223,nan,nan
1706174965237,nan,nan
1706174965245,nan,nan
1706174965255,nan,nan
1706174965265,nan,nan
1706174965278,nan,nan
1706174965289,nan,nan
1706174965298,nan,nan
1706174965311,nan,nan
1706174965323,nan,nan
1706174965332,nan,nan
1706174965369,nan,nan
1706174965370,nan,nan
1706174965378,nan,nan
1706174965389,nan,nan
1706174965398,nan,nan
1706174965411,nan,nan
1706174965422,nan,nan
1706174965432,nan,nan
1706174965444,nan,nan
1706174965455,nan,nan
1706174965465,nan,nan
1706174965477,nan,nan
1706174965517,nan,nan
1706174965518,nan,nan
1706174965522,nan,nan
1706174965536,nan,nan
1706174965544,nan,nan
1706174965555,nan,nan
1706174965566,nan,nan
1706174965577,nan,nan
1706174965589,nan,nan
1706174965599,nan,nan
1706174965610,nan,nan
1706174965622,nan,nan
1706174965631,nan,nan
1706174965667,nan,nan
1706174965668,nan,nan
1706174965676,nan,nan
1706174965688,nan,nan
1706174965700,nan,nan
1706174965710,nan,nan
1706174965721,nan,nan
1706174965732,nan,nan
1706174965743,nan,nan
1706174965755,nan,nan
1706174965765,nan,nan
1706174965777,nan,nan
1706174965820,nan,nan
1706174965822,nan,nan
1706174965839,nan,nan
1706174965843,nan,nan
1706174965856,nan,nan
1706174965865,nan,nan
1706174965877,nan,nan
1706174965888,nan,nan
1706174965899,nan,nan
1706174965910,nan,nan
1706174965922,nan,nan
1706174965932,nan,nan
1706174965970,nan,nan
1706174965977,nan,nan
1706174965989,nan,nan
1706174965998,nan,nan
1706174966009,nan,nan
1706174966021,nan,nan
1706174966031,nan,nan
1706174966043,nan,nan
1706174966055,nan,nan
1706174966064,nan,nan
1706174966076,nan,nan
1706174966117,nan,nan
1706174966118,nan,nan
1706174966122,nan,nan
1706174966137,nan,nan
1706174966143,nan,nan
1706174966155,nan,nan
