timestamp,x,y
1706174933463,0.5458318293094635,0.5979081988334656
1706174933464,0.5477445721626282,0.5984338521957397
1706174933465,0.5473082661628723,0.597491592168808
1706174933475,0.5467146337032318,0.6006884872913361
1706174933486,0.5480104982852936,0.6013877689838409
1706174933497,0.5491379797458649,0.6003670692443848
1706174933509,0.5480531454086304,0.5918743312358856
1706174933519,0.5479192435741425,0.5661350786685944
1706174933531,0.5462949275970459,0.5585634112358093
1706174933542,0.5449971854686737,0.558216780424118
1706174933553,0.5430102348327637,0.5605688393115997
1706174933564,0.54463791847229,0.5590873956680298
1706174933575,0.5467593967914581,0.5566141605377197
1706174933586,0.5470568835735321,0.5533020198345184
1706174933598,0.5462661385536194,0.5511131584644318
1706174933644,0.5368479788303375,0.531057596206665
1706174933645,0.49767112731933594,0.4197596311569214
1706174933652,0.39617912471294403,0.13215521723031998
1706174933664,0.3865929841995239,0.12063999101519585
1706174933675,0.3874163031578064,0.1235780343413353
1706174933685,0.39303724467754364,0.1284000426530838
1706174933697,0.3943343162536621,0.129885945469141
1706174933708,0.3929421752691269,0.1274706907570362
1706174933719,0.39144469797611237,0.12725311517715454
1706174933730,0.39120668172836304,0.12505346164107323
1706174933741,0.39267928898334503,0.12050748988986015
1706174933753,0.39249804615974426,0.11546143889427185
1706174933764,0.3885782063007355,0.11647532880306244
1706174933796,0.3612266480922699,0.10890655964612961
1706174933797,0.24571049958467484,0.08224520087242126
1706174933811,0.2049182578921318,0.08579595386981964
1706174933819,0.1650230586528778,0.07725182920694351
1706174933830,0.1638948917388916,0.07543855905532837
1706174933842,0.16708137840032578,0.07379527390003204
1706174933852,0.16260649263858795,0.07554436847567558
1706174933864,0.1603739708662033,0.07952595129609108
1706174933875,0.15813636034727097,0.0780937559902668
1706174933886,0.15841328352689743,0.07834342122077942
1706174933897,0.15988831967115402,0.07592976465821266
1706174933908,0.16130158305168152,0.07762758433818817
1706174933945,0.16166333109140396,0.07654999941587448
1706174933946,0.1646331250667572,0.07213298603892326
1706174933953,0.1597929671406746,0.07519956678152084
1706174933964,0.14878234267234802,0.07296646013855934
1706174933974,0.13663610070943832,0.07295183464884758
1706174933985,0.125143401324749,0.06680034473538399
1706174933997,0.12660707905888557,0.06520899198949337
1706174934007,0.1270926035940647,0.06452729925513268
1706174934019,0.12697312235832214,0.06829054653644562
1706174934030,0.12760469317436218,0.07035147398710251
1706174934041,0.1298418901860714,0.07095992192626
1706174934052,0.1309722512960434,0.06961045786738396
1706174934064,0.13133421912789345,0.06817378103733063
1706174934103,0.13205838948488235,0.06635906174778938
1706174934104,0.13360968977212906,0.07141654193401337
1706174934105,0.13299084454774857,0.07185244560241699
1706174934108,0.13066472113132477,0.07571403682231903
1706174934123,0.13060276582837105,0.07084882818162441
1706174934131,0.14407483488321304,0.07253320515155792
1706174934142,0.1713382601737976,0.06712598167359829
1706174934152,0.241376094520092,0.053476301953196526
1706174934163,0.2623894214630127,0.04626228287816048
1706174934175,0.26909254491329193,0.04370978847146034
1706174934185,0.26884204149246216,0.04900029115378857
1706174934197,0.2694239169359207,0.04670961573719978
1706174934208,0.27088482677936554,0.04972507432103157
1706174934219,0.2697449177503586,0.04607453756034374
1706174934230,0.26959285140037537,0.049186840653419495
1706174934272,0.27249862253665924,0.04811065085232258
1706174934274,0.2746160626411438,0.05070238187909126
1706174934275,0.2726985812187195,0.05237338878214359
1706174934286,0.2741176038980484,0.05095320753753185
1706174934299,0.27370278537273407,0.049520283937454224
1706174934309,0.27632761001586914,0.047745099291205406
1706174934320,0.27754533290863037,0.04749743267893791
1706174934331,0.2742488533258438,0.04969461262226105
1706174934341,0.2547193765640259,0.060226958245038986
1706174934352,0.20946474373340607,0.07177619636058807
1706174934363,0.19363245368003845,0.07629960030317307
1706174934374,0.18961457163095474,0.07398881018161774
1706174934385,0.19172726571559906,0.07172513753175735
1706174934433,0.1935616061091423,0.07401067763566971
1706174934434,0.19357780367136002,0.07281773164868355
1706174934441,0.1899433732032776,0.06630652397871017
1706174934452,0.19167084246873856,0.0671243965625763
1706174934464,0.19267545640468597,0.06996648758649826
1706174934475,0.19394657015800476,0.06981575675308704
1706174934486,0.19182658940553665,0.06681248173117638
1706174934497,0.18988946825265884,0.06708309799432755
1706174934508,0.1882299855351448,0.06563828326761723
1706174934519,0.20263927429914474,0.06862564571201801
1706174934531,0.22767087817192078,0.06606284528970718
1706174934540,0.2593710273504257,0.06246824190020561
1706174934586,0.3065792918205261,0.056148480623960495
1706174934587,0.30836625397205353,0.05563918501138687
1706174934603,0.30834412574768066,0.05480240099132061
1706174934607,0.3089020103216171,0.05434166640043259
1706174934620,0.3084276020526886,0.056150538846850395
1706174934630,0.3091071993112564,0.05458890646696091
1706174934641,0.3095172494649887,0.0545065738260746
1706174934651,0.31047090888023376,0.05288723669946194
1706174934663,0.32809847593307495,0.0548053290694952
1706174934674,0.3655814528465271,0.05549306422472
1706174934685,0.4457371383905411,0.054590169340372086
1706174934696,0.4616566300392151,0.055124297738075256
1706174934707,0.46621429920196533,0.054179515689611435
1706174934754,0.4635794758796692,0.05720503255724907
1706174934755,0.46641483902931213,0.05639353021979332
1706174934763,0.47004467248916626,0.05241401679813862
1706174934774,0.4708499312400818,0.05264074727892876
1706174934785,0.47219638526439667,0.05364970862865448
1706174934797,0.47174815833568573,0.05494179390370846
1706174934808,0.4721800833940506,0.05627594143152237
1706174934819,0.4728032350540161,0.05698825605213642
1706174934830,0.4725569486618042,0.05480422452092171
1706174934841,0.4720676839351654,0.05389120616018772
1706174934852,0.47168537974357605,0.05347304418683052
1706174934895,0.4793347716331482,0.05543372221291065
1706174934896,0.4961111545562744,0.053057948127388954
1706174934911,0.5257207155227661,0.04758449085056782
1706174934918,0.5245891511440277,0.04864296317100525
1706174934930,0.5249018967151642,0.04790138080716133
1706174934940,0.5250058770179749,0.05138661153614521
1706174934951,0.5239131450653076,0.05440470576286316
1706174934963,0.5252001881599426,0.05267466977238655
1706174934974,0.5261597633361816,0.049614451825618744
1706174934985,0.5277857780456543,0.046144999563694
1706174934996,0.528561145067215,0.048283008858561516
1706174935007,0.5289448201656342,0.049667200073599815
1706174935049,0.5306358933448792,0.0516501497477293
1706174935050,0.5396605730056763,0.052203038707375526
1706174935052,0.601000040769577,0.052370963618159294
1706174935072,0.6080811023712158,0.05116169527173042
1706174935074,0.6073126196861267,0.049134911969304085
1706174935086,0.605773389339447,0.043450805358588696
1706174935097,0.6058906316757202,0.045405189506709576
1706174935107,0.6065421402454376,0.0481057520955801
1706174935118,0.6058734357357025,0.05103284865617752
1706174935130,0.607061356306076,0.053134236484766006
1706174935141,0.606776624917984,0.050395919010043144
1706174935152,0.6064123809337616,0.049938684329390526
1706174935163,0.6050564646720886,0.04664259683340788
1706174935174,0.604256808757782,0.046952477656304836
1706174935194,0.6050039827823639,0.04786229506134987
1706174935216,0.6067002415657043,0.0467939767986536
1706174935218,0.6054696142673492,0.049497995525598526
1706174935233,0.6026279926300049,0.05032385513186455
1706174935240,0.6054796278476715,0.050700949504971504
1706174935252,0.6055002510547638,0.0482761524617672
1706174935262,0.6073844730854034,0.04843980818986893
1706174935273,0.6058661341667175,0.04989367350935936
1706174935284,0.6070275008678436,0.049832237884402275
1706174935296,0.6085746586322784,0.05351707711815834
1706174935307,0.6073784828186035,0.04925720114260912
1706174935318,0.6070375442504883,0.052755000069737434
1706174935329,0.6041536629199982,0.048983700573444366
1706174935340,0.6057224869728088,0.049809700809419155
1706174935380,0.6043472588062286,0.04801494348794222
1706174935384,0.6248700618743896,0.05455341190099716
1706174935398,0.622173011302948,0.05310523696243763
1706174935407,0.6214795410633087,0.04989779368042946
1706174935418,0.6231752336025238,0.05020189844071865
1706174935429,0.6236015856266022,0.0512375645339489
1706174935440,0.622188001871109,0.05330471321940422
1706174935451,0.6198517382144928,0.05373452976346016
1706174935463,0.6214990317821503,0.055921413004398346
1706174935474,0.622259646654129,0.05309530906379223
1706174935485,0.6226186454296112,0.05081731081008911
1706174935496,0.6229813992977142,0.050822461023926735
1706174935529,0.6222222149372101,0.05350079759955406
1706174935530,0.6247868537902832,0.052428508177399635
1706174935546,0.6265743970870972,0.05010848306119442
1706174935552,0.6276199221611023,0.05253511294722557
1706174935565,0.6261982619762421,0.052826907485723495
1706174935574,0.6251361966133118,0.0577583834528923
1706174935585,0.6242117583751678,0.06015295907855034
1706174935597,0.6253033578395844,0.060667967423796654
1706174935608,0.6264214813709259,0.06025481037795544
1706174935617,0.6274152994155884,0.057416338473558426
1706174935629,0.6207603514194489,0.06490654312074184
1706174935640,0.6113700866699219,0.07040396146476269
1706174935651,0.5909140706062317,0.09493512287735939
1706174935691,0.5893160998821259,0.09330657869577408
1706174935692,0.5893007516860962,0.09517590329051018
1706174935696,0.5909185409545898,0.09399933740496635
1706174935714,0.581483393907547,0.09168555587530136
1706174935717,0.5262824594974518,0.09112395346164703
1706174935729,0.47773267328739166,0.08876009285449982
1706174935740,0.4137522280216217,0.09123007580637932
1706174935751,0.2971460819244385,0.10073345899581909
1706174935762,0.2587885856628418,0.10752973705530167
1706174935773,0.21399710327386856,0.1146293431520462
1706174935784,0.17053161561489105,0.12300055846571922
1706174935796,0.1664109155535698,0.12069481611251831
1706174935807,0.16550975292921066,0.12005634978413582
1706174935848,0.16532839834690094,0.12422166764736176
1706174935851,0.16512362658977509,0.12579401582479477
1706174935867,0.16211407631635666,0.1250196434557438
1706174935874,0.16085238009691238,0.12140766531229019
1706174935884,0.16069680452346802,0.12141937017440796
1706174935896,0.1593998223543167,0.12284885719418526
1706174935907,0.14954818040132523,0.12753691896796227
1706174935918,0.12015647068619728,0.13021574914455414
1706174935929,0.10908623784780502,0.1342204138636589
1706174935940,0.10544931888580322,0.13692521303892136
1706174935951,0.1092233881354332,0.1382114738225937
1706174935963,0.10953112691640854,0.13837206363677979
1706174935974,0.1081758514046669,0.13731518387794495
1706174936009,0.10892823338508606,0.14154503494501114
1706174936010,0.10954394936561584,0.14266151189804077
1706174936017,0.10685589537024498,0.13893793523311615
1706174936028,0.1071348525583744,0.13986895978450775
1706174936041,0.1084568239748478,0.1463550254702568
1706174936050,0.10673725977540016,0.14908377826213837
1706174936062,0.10624825581908226,0.1499633938074112
1706174936073,0.10603144019842148,0.14492059499025345
1706174936084,0.10598942264914513,0.1412966549396515
1706174936095,0.10500138625502586,0.14034926146268845
1706174936107,0.10559438169002533,0.14164722710847855
1706174936117,0.10717475786805153,0.14317301660776138
1706174936129,0.10711567476391792,0.14100095629692078
1706174936173,0.10509404167532921,0.14474089443683624
1706174936189,0.1054326631128788,0.14245910197496414
1706174936196,0.10264501720666885,0.14114681631326675
1706174936206,0.09531061351299286,0.14035865664482117
1706174936217,0.08005822449922562,0.14294666796922684
1706174936229,0.07748546078801155,0.14581191539764404
1706174936240,0.07732367515563965,0.14929232001304626
1706174936251,0.07620230689644814,0.15189651399850845
1706174936263,0.07494757696986198,0.1508234664797783
1706174936273,0.07731541246175766,0.150689534842968
1706174936311,0.07913915626704693,0.14770276844501495
1706174936312,0.07913504727184772,0.1499907448887825
1706174936318,0.08016806095838547,0.1508386880159378
1706174936329,0.08233391121029854,0.1494576558470726
1706174936342,0.08239530771970749,0.14869637787342072
1706174936351,0.09111481159925461,0.14900199323892593
1706174936362,0.11257459595799446,0.14754542708396912
1706174936373,0.15473201870918274,0.13724259287118912
1706174936384,0.2310762032866478,0.12612822651863098
1706174936395,0.24261462688446045,0.12376086413860321
1706174936406,0.24393224716186523,0.1297115497291088
1706174936417,0.2434573620557785,0.12769073247909546
1706174936428,0.24564898014068604,0.126358974725008
1706174936461,0.24658545851707458,0.1238488033413887
1706174936462,0.24757535010576248,0.12683385983109474
1706174936477,0.24523384869098663,0.12588656693696976
1706174936484,0.24622327089309692,0.13483118265867233
1706174936496,0.2394949421286583,0.16642442345619202
1706174936505,0.23747581988573074,0.189384363591671
1706174936516,0.1596333533525467,0.37615615129470825
1706174936527,nan,nan
1706174936538,nan,nan
1706174936549,nan,nan
1706174936561,0.14324310421943665,0.4595681428909302
1706174936571,0.14324310421943665,0.4595681428909302
1706174936592,0.1686190515756607,0.35957565903663635
1706174936613,0.1672453060746193,0.22638682276010513
1706174936617,0.15642637759447098,0.13513575494289398
1706174936629,0.1570308953523636,0.12154029309749603
1706174936639,0.16011328995227814,0.12870416790246964
1706174936650,0.1581236720085144,0.12247240915894508
1706174936662,0.15696321427822113,0.12639985233545303
1706174936673,0.15647582709789276,0.127324178814888
1706174936683,0.1571492776274681,0.128780297935009
1706174936695,0.15688437223434448,0.12626302242279053
1706174936706,0.1556869074702263,0.1295997090637684
1706174936717,0.15655812621116638,0.13242438063025475
1706174936728,0.1570887491106987,0.13461167365312576
1706174936760,0.15664808452129364,0.13276610523462296
1706174936762,0.15626346319913864,0.12675585970282555
1706174936778,0.15692736953496933,0.12631705775856972
1706174936784,0.15700269490480423,0.12925650924444199
1706174936795,0.15522046387195587,0.13036581873893738
1706174936806,0.15734481066465378,0.13188126683235168
1706174936817,0.18706464022397995,0.13728996366262436
1706174936829,0.23283442854881287,0.13375650718808174
1706174936840,0.29902634024620056,0.13235921785235405
1706174936851,0.39475207030773163,0.13232389837503433
1706174936862,0.4125331938266754,0.12765079736709595
1706174936873,0.4120972901582718,0.1274002194404602
1706174936884,0.4092782884836197,0.12312564998865128
1706174936896,0.4109349250793457,0.12631182745099068
1706174936907,0.4125389903783798,0.12552575021982193
1706174936966,0.412508949637413,0.12819130718708038
1706174936968,0.41239747405052185,0.131000816822052
1706174936973,0.41602857410907745,0.12903230637311935
1706174936983,0.4161476343870163,0.1318894550204277
1706174936995,0.4161535054445267,0.13264700770378113
1706174937006,0.4150834232568741,0.13092956691980362
1706174937016,0.4142603725194931,0.12995261698961258
1706174937028,0.42328156530857086,0.13181818276643753
1706174937039,0.4435245841741562,0.1327693909406662
1706174937050,0.4793991893529892,0.13183201104402542
1706174937061,0.4877484142780304,0.12890999391674995
1706174937073,0.48652681708335876,0.12670069932937622
1706174937083,0.48466822504997253,0.1286841779947281
1706174937095,0.48416851460933685,0.12812377512454987
1706174937138,0.4838965833187103,0.1280255913734436
1706174937139,0.48291411995887756,0.12396581098437309
1706174937157,0.4829428344964981,0.12015591934323311
1706174937162,0.4818406254053116,0.11763684824109077
1706174937173,0.48237088322639465,0.11868227645754814
1706174937185,0.48232999444007874,0.11967160552740097
1706174937195,0.48096492886543274,0.11772962287068367
1706174937206,0.4599452018737793,0.1219823881983757
1706174937217,0.40343591570854187,0.13036051020026207
1706174937228,0.37189288437366486,0.1435159295797348
1706174937240,0.3564992696046829,0.14639252424240112
1706174937250,0.3507639914751053,0.1440032720565796
1706174937262,0.3531620651483536,0.1440616026520729
1706174937273,0.35245901346206665,0.14494047313928604
1706174937284,0.35141222178936005,0.14840607345104218
1706174937336,0.3507514148950577,0.14499793201684952
1706174937337,0.3506363332271576,0.1418956145644188
1706174937338,0.351459264755249,0.13737725466489792
1706174937355,0.3522298336029053,0.14068205654621124
1706174937361,0.35215020179748535,0.14357363432645798
1706174937375,0.351376548409462,0.14246424287557602
1706174937383,0.35086195170879364,0.14083917438983917
1706174937394,0.3508986383676529,0.14383769780397415
1706174937405,0.3517105132341385,0.14660746604204178
1706174937417,0.3517962694168091,0.14758707582950592
1706174937428,0.3512714207172394,0.1451115906238556
1706174937439,0.3561795502901077,0.1464245766401291
1706174937450,0.39174994826316833,0.1521211341023445
1706174937462,0.4334952384233475,0.1441669762134552
1706174937500,0.4838464707136154,0.1408507078886032
1706174937501,0.5489790141582489,0.13155096024274826
1706174937506,0.5566464364528656,0.12478290125727654
1706174937518,0.5575382113456726,0.12416750565171242
1706174937528,0.5598511695861816,0.12538223713636398
1706174937538,0.5610592663288116,0.1290193423628807
1706174937550,0.5607852637767792,0.12715798616409302
1706174937561,0.560865730047226,0.12927710637450218
1706174937572,0.5603358745574951,0.130035862326622
1706174937583,0.5608530342578888,0.13233135268092155
1706174937595,0.5604349076747894,0.13049643114209175
1706174937606,0.5610810220241547,0.12597133219242096
1706174937655,0.5628235936164856,0.12584086507558823
1706174937656,0.5604359805583954,0.1445406973361969
1706174937657,0.5333241820335388,0.2972065210342407
1706174937661,0.5389172732830048,0.3317476660013199
1706174937674,0.5900182127952576,0.42500752210617065
1706174937682,0.7156523168087006,0.5842624753713608
1706174937693,0.7133744359016418,0.6171468198299408
1706174937704,nan,nan
1706174937715,nan,nan
1706174937725,nan,nan
1706174937736,nan,nan
1706174937747,nan,nan
1706174937759,nan,nan
1706174937770,nan,nan
1706174937813,nan,nan
1706174937815,0.6876503825187683,0.8294661641120911
1706174937830,0.6503005027770996,0.783746063709259
1706174937838,0.5894593596458435,0.6247609555721283
1706174937851,0.5540938079357147,0.5106164366006851
1706174937861,0.5766724348068237,0.522723376750946
1706174937872,0.5744436383247375,0.5283403396606445
1706174937883,0.5739522278308868,0.5213180780410767
1706174937894,0.5606667697429657,0.5044481158256531
1706174937905,0.5617042779922485,0.5059237778186798
1706174937916,0.5621466338634491,0.5021778345108032
1706174937928,0.5620329976081848,0.500638335943222
1706174937972,0.5614114105701447,0.499277800321579
1706174937973,0.5623774230480194,0.4994018077850342
1706174937990,0.5598159730434418,0.5004479289054871
1706174937995,0.5596517324447632,0.49726977944374084
1706174938006,0.5570234060287476,0.4978439509868622
1706174938016,0.5567471385002136,0.49649733304977417
1706174938027,0.5560691356658936,0.5043493807315826
1706174938038,0.5573917329311371,0.5137255787849426
1706174938049,0.557567298412323,0.5312817692756653
1706174938061,0.5587768256664276,0.5322252810001373
1706174938072,0.5583996176719666,0.5304925441741943
1706174938083,0.5594823062419891,0.5299192070960999
1706174938094,0.5600681900978088,0.5318819880485535
1706174938133,0.5608634054660797,0.534684807062149
1706174938134,0.5585395693778992,0.5423877537250519
1706174938139,0.5591059923171997,0.5452893972396851
1706174938152,0.559640645980835,0.5429158806800842
1706174938161,0.5586364567279816,0.5437995791435242
1706174938174,0.5572123825550079,0.5465452671051025
1706174938183,0.5594050884246826,0.5496919751167297
1706174938194,0.5589809417724609,0.5518214106559753
1706174938205,0.5573796629905701,0.5471956133842468
1706174938216,0.5576499104499817,0.5476879179477692
1706174938228,0.560127317905426,0.5452753007411957
1706174938239,0.5616016387939453,0.5434465408325195
1706174938250,0.5615466237068176,0.5382783114910126
1706174938261,0.5592793524265289,0.5356499552726746
1706174938297,0.5725389122962952,0.5367150008678436
1706174938298,0.5834809839725494,0.5416670441627502
1706174938303,nan,nan
1706174938315,nan,nan
1706174938325,nan,nan
1706174938336,nan,nan
1706174938347,nan,nan
1706174938358,nan,nan
1706174938369,nan,nan
1706174938380,nan,nan
1706174938393,nan,nan
1706174938404,0.7419617176055908,0.8217864036560059
1706174938446,0.7252259254455566,0.7628055810928345
1706174938447,0.5587006211280823,0.7138267159461975
1706174938448,0.5201982855796814,0.559222012758255
1706174938466,0.5357990562915802,0.5301187038421631
1706174938471,0.5256876349449158,0.5351773500442505
1706174938482,0.5239494442939758,0.5056521445512772
1706174938494,0.5180749595165253,0.5126077234745026
1706174938505,0.5180814862251282,0.5116840898990631
1706174938515,0.521648108959198,0.5131643712520599
1706174938527,0.522150456905365,0.5176048576831818
1706174938538,0.5239192545413971,0.5156499445438385
1706174938549,0.5222556293010712,0.5160494446754456
1706174938560,0.5201345086097717,0.5145902633666992
1706174938597,0.5194289088249207,0.5206014811992645
1706174938605,0.5189662277698517,0.5163317918777466
1706174938615,0.5199992656707764,0.5183621644973755
1706174938626,0.5214038789272308,0.517930656671524
1706174938638,0.5230470597743988,0.5204847455024719
1706174938648,0.5200381278991699,0.5193074643611908
1706174938660,0.518411248922348,0.5166080892086029
1706174938671,0.5186746418476105,0.5126760005950928
1706174938682,0.5186398327350616,0.5114876329898834
1706174938693,0.5193736553192139,0.5142536461353302
1706174938704,0.5208832621574402,0.5125037133693695
1706174938715,0.5229036808013916,0.513359546661377
1706174938748,0.5212247371673584,0.5182608366012573
1706174938749,0.5210300087928772,0.5208064019680023
1706174938766,0.5739022791385651,0.5756994485855103
1706174938769,0.7203941345214844,0.7162410020828247
1706174938780,nan,nan
1706174938791,nan,nan
1706174938802,nan,nan
1706174938813,nan,nan
1706174938824,nan,nan
1706174938835,nan,nan
1706174938847,nan,nan
1706174938858,nan,nan
1706174938899,nan,nan
1706174938904,0.6832590699195862,0.7659744322299957
1706174938918,0.6693815886974335,0.7812562584877014
1706174938927,0.6447201371192932,0.7401717305183411
1706174938939,0.6064403355121613,0.6506842374801636
1706174938949,0.5606108903884888,0.5388326644897461
1706174938960,0.561313807964325,0.5471602380275726
1706174938971,0.5558861196041107,0.5494468808174133
1706174938982,0.5558347702026367,0.5323396325111389
1706174938994,0.5558241605758667,0.5368295311927795
1706174939004,0.5590622425079346,0.551423579454422
1706174939015,0.5578016340732574,0.5533307194709778
1706174939054,0.5562421083450317,0.5522331893444061
1706174939055,0.5557374954223633,0.5486099720001221
1706174939060,0.5558049380779266,0.5472309291362762
1706174939072,0.5564049184322357,0.5470007956027985
1706174939082,0.5556081533432007,0.5411764681339264
1706174939095,0.5560547411441803,0.5430126786231995
1706174939105,0.5547160506248474,0.5470634698867798
1706174939116,0.556343674659729,0.5545916259288788
1706174939127,0.5564356446266174,0.5549953579902649
1706174939138,0.5562283396720886,0.5506263077259064
1706174939149,0.5526241362094879,0.5534431040287018
1706174939160,0.5541888773441315,0.5542183518409729
1706174939171,0.5544566512107849,0.5528658330440521
1706174939181,0.5539469420909882,0.5461175739765167
1706174939217,0.5529264807701111,0.5463310480117798
1706174939218,0.5510023236274719,0.5481318235397339
1706174939234,0.5502270460128784,0.5428183376789093
1706174939237,0.5501556396484375,0.5449791848659515
1706174939248,0.5506676435470581,0.545332670211792
1706174939260,0.5501303374767303,0.5457898378372192
1706174939271,0.5502825975418091,0.5467302203178406
1706174939282,0.5493052005767822,0.5514388978481293
1706174939294,0.5495555698871613,0.5601301789283752
1706174939304,0.5502854585647583,0.5548598170280457
1706174939316,0.5527614653110504,0.5527396202087402
1706174939327,0.5544116497039795,0.5468936860561371
1706174939364,0.5519540011882782,0.5522650480270386
1706174939365,0.549994945526123,0.5546576380729675
1706174939370,0.5494939982891083,0.5629846155643463
1706174939383,0.5493679344654083,0.5689682960510254
1706174939393,0.5486156940460205,0.5628528892993927
1706174939404,0.5505653619766235,0.5568810701370239
1706174939415,0.54963219165802,0.5519038140773773
1706174939426,0.5439448058605194,0.5514975786209106
1706174939437,0.539271354675293,0.5452650785446167
1706174939448,0.5293447375297546,0.5362712144851685
1706174939460,0.5334844291210175,0.5339173078536987
1706174939471,0.5330410599708557,0.5406980812549591
1706174939481,0.5336114764213562,0.5451868772506714
1706174939515,0.5320590734481812,0.541954904794693
1706174939526,0.5305923819541931,0.5407266914844513
1706174939537,0.5312029719352722,0.5399627387523651
1706174939550,0.5318793654441833,0.5366855561733246
1706174939560,0.5288217961788177,0.5377649068832397
1706174939571,0.5303315222263336,0.5317668616771698
1706174939582,0.5317928791046143,0.5301902890205383
1706174939593,0.53252112865448,0.532131552696228
1706174939604,0.5322044789791107,0.5331641137599945
1706174939615,0.5306503772735596,0.5373088121414185
1706174939627,0.5326516628265381,0.5386272966861725
1706174939665,0.5320746004581451,0.5405764877796173
1706174939671,0.5299171805381775,0.5352239310741425
1706174939685,0.528575986623764,0.5360439121723175
1706174939693,0.5386555790901184,0.531754195690155
1706174939704,0.5530573427677155,0.5232163071632385
1706174939715,0.5802746713161469,0.5075759887695312
1706174939726,0.5837373435497284,0.4961191564798355
1706174939737,0.5860773324966431,0.4965422749519348
1706174939748,0.5863389670848846,0.5029513239860535
1706174939759,0.5855828523635864,0.5093322396278381
1706174939770,0.585686594247818,0.5130747556686401
1706174939781,0.583999752998352,0.5090271234512329
1706174939814,0.5832919180393219,0.5061682760715485
1706174939815,0.5824041366577148,0.49968239665031433
1706174939833,0.5832481384277344,0.49818703532218933
1706174939837,0.5842716991901398,0.49794885516166687
1706174939848,0.584822416305542,0.493840292096138
1706174939859,0.5865113139152527,0.4983760416507721
1706174939870,0.586591899394989,0.4986037015914917
1706174939881,0.5866750478744507,0.502685010433197
1706174939893,0.5873537957668304,0.4986006170511246
1706174939904,0.5864960253238678,0.4985183775424957
1706174939915,0.5858282148838043,0.5000288635492325
1706174939926,0.5838378965854645,0.49924272298812866
1706174939946,0.5833662748336792,0.5034217238426208
1706174939967,0.5844255685806274,0.5023380517959595
1706174939971,0.5722142457962036,0.5209782421588898
1706174939985,0.558063805103302,0.5447964072227478
1706174939993,0.5563271939754486,0.5494885146617889
1706174940004,0.557089775800705,0.5458556115627289
1706174940015,0.5574899911880493,0.5410866737365723
1706174940026,0.5580331087112427,0.5440512001514435
1706174940037,0.5601932406425476,0.5444283485412598
1706174940048,0.5594307482242584,0.5453516244888306
1706174940060,0.5567044317722321,0.5454352796077728
1706174940072,0.5532786846160889,0.5488285720348358
1706174940082,0.5541185736656189,0.5445445775985718
1706174940116,0.5581392347812653,0.543245941400528
1706174940117,0.5599488019943237,0.5369321405887604
1706174940125,0.5552414655685425,0.5472604930400848
1706174940136,0.5721005499362946,0.6251383423805237
1706174940146,0.6144903302192688,0.9026391506195068
1706174940157,0.6963577270507812,1.1944572925567627
1706174940168,nan,nan
1706174940179,nan,nan
1706174940190,nan,nan
1706174940202,nan,nan
1706174940212,nan,nan
1706174940224,nan,nan
1706174940243,nan,nan
1706174940263,nan,nan
1706174940270,0.6056593358516693,0.6020371615886688
1706174940282,0.5607808530330658,0.6630172729492188
1706174940292,0.5546819865703583,0.6408717930316925
1706174940305,0.5267463028430939,0.6002365350723267
1706174940314,0.5186436474323273,0.5188233256340027
1706174940326,0.521298348903656,0.5362358093261719
1706174940337,0.5194029211997986,0.5461179316043854
1706174940348,0.518430233001709,0.5428749620914459
1706174940359,0.516169011592865,0.5392180681228638
1706174940370,0.5155429840087891,0.5449856221675873
1706174940413,0.5147980451583862,0.5477680861949921
1706174940414,0.5172450244426727,0.549004316329956
1706174940429,0.5202892422676086,0.5452319383621216
1706174940437,0.518318235874176,0.5477555096149445
1706174940448,0.5037872791290283,0.5229940414428711
1706174940459,0.48428766429424286,0.4697755426168442
1706174940470,0.45989640057086945,0.397061362862587
1706174940482,0.42708295583724976,0.29038862884044647
1706174940492,0.4230871945619583,0.278706818819046
1706174940503,0.42356404662132263,0.2815103232860565
1706174940514,0.4247943013906479,0.28533805906772614
1706174940525,0.42287734150886536,0.281784787774086
1706174940565,0.4223237931728363,0.2802111953496933
1706174940566,0.4206942021846771,0.27738067507743835
1706174940569,0.42350994050502777,0.277508020401001
1706174940583,0.42441728711128235,0.27489422261714935
1706174940592,0.4244382232427597,0.2765946388244629
1706174940604,0.4252910912036896,0.27554506063461304
1706174940615,0.4259713292121887,0.2761390656232834
1706174940626,0.4249780476093292,0.27454277873039246
1706174940637,0.4248336851596832,0.27455736696720123
1706174940648,0.42673562467098236,0.27154235541820526
1706174940659,0.44168849289417267,0.2608942687511444
1706174940670,0.4673127979040146,0.24551372230052948
1706174940681,0.5161892771720886,0.22040409594774246
1706174940715,0.5258483588695526,0.21139314025640488
1706174940732,0.5226022899150848,0.20936045050621033
1706174940737,0.5231520235538483,0.20853424817323685
1706174940749,0.5226060152053833,0.20647728443145752
1706174940759,0.5228205621242523,0.20550252497196198
1706174940770,0.5220054686069489,0.20347266644239426
1706174940781,0.5213211476802826,0.20453622192144394
1706174940792,0.5218270421028137,0.20548682659864426
1706174940803,0.5216110050678253,0.21227995306253433
1706174940814,0.5292842984199524,0.23962745070457458
1706174940826,0.5459447503089905,0.2891519218683243
1706174940866,0.5662809312343597,0.3577810823917389
1706174940870,0.6028940379619598,0.4887136220932007
1706174940884,0.6038272976875305,0.4806983023881912
1706174940891,0.6036798655986786,0.48096802830696106
1706174940903,0.6042290031909943,0.483335480093956
1706174940913,0.6053940057754517,0.489378422498703
1706174940925,0.6050410866737366,0.49234357476234436
1706174940936,0.6047897636890411,0.4919337332248688
1706174940947,0.6062386929988861,0.48758170008659363
1706174940958,0.6078173518180847,0.48778894543647766
1706174940969,0.6082379221916199,0.4903494864702225
1706174940980,0.6053513884544373,0.4903716593980789
1706174941015,0.6017704904079437,0.49468639492988586
1706174941016,0.5902546346187592,0.5072435438632965
1706174941032,0.5632016062736511,0.5290466547012329
1706174941036,0.562292069196701,0.5282344818115234
1706174941050,0.5643999874591827,0.5259156227111816
1706174941059,0.5640891790390015,0.5220646262168884
1706174941069,0.5674337148666382,0.5150555372238159
1706174941080,0.5683027505874634,0.5131612420082092
1706174941092,0.5688062012195587,0.5166193842887878
1706174941102,0.5668639242649078,0.5223464071750641
1706174941114,0.567498654127121,0.5258798003196716
1706174941125,0.5654257535934448,0.5251275897026062
1706174941136,0.5644219517707825,0.5238765776157379
1706174941170,0.560164600610733,0.5268586575984955
1706174941171,0.5615482926368713,0.52583247423172
1706174941187,0.5628268122673035,0.5272506177425385
1706174941191,0.562157392501831,0.5326522290706635
1706174941203,0.5634891986846924,0.5337162911891937
1706174941213,0.5627929866313934,0.5335913002490997
1706174941225,0.5642295777797699,0.5289281010627747
1706174941236,0.5629477202892303,0.5285586714744568
1706174941247,0.5639016628265381,0.5197762846946716
1706174941258,0.5623548328876495,0.5242764949798584
1706174941269,0.5610338747501373,0.5245034396648407
1706174941281,0.5599355399608612,0.5323298573493958
1706174941317,0.5576502680778503,0.5311326384544373
1706174941325,0.5587415993213654,0.5309095978736877
1706174941336,0.5608264803886414,0.5296252071857452
1706174941348,0.5597501695156097,0.531578928232193
1706174941359,0.5528976321220398,0.5319057106971741
1706174941369,0.5253918468952179,0.5322482287883759
1706174941380,0.43841293454170227,0.530147522687912
1706174941392,0.3983242064714432,0.5206748247146606
1706174941403,0.3668213188648224,0.5122565031051636
1706174941414,0.34053856134414673,0.5100429058074951
1706174941425,0.3416111022233963,0.5142073333263397
1706174941443,0.34382444620132446,0.516418069601059
1706174941469,0.343835785984993,0.5224630832672119
1706174941470,0.34328503906726837,0.5248523354530334
1706174941485,0.34193262457847595,0.5170109272003174
1706174941492,0.34138552844524384,0.5149123966693878
1706174941502,0.3405124247074127,0.5144024789333344
1706174941513,0.3390757292509079,0.5150811076164246
1706174941524,0.3475393056869507,0.5222473442554474
1706174941535,0.37832891941070557,0.5299412608146667
1706174941546,0.47485536336898804,0.5311271846294403
1706174941558,0.5023112297058105,0.5299428701400757
1706174941569,0.5103259086608887,0.5261691510677338
1706174941580,0.4976658821105957,0.5288103520870209
1706174941619,0.497601181268692,0.5269125699996948
1706174941620,0.5004690885543823,0.525703638792038
1706174941624,0.5042183697223663,0.5331136286258698
1706174941637,0.5043378472328186,0.5344986617565155
1706174941647,0.5047343373298645,0.5295170247554779
1706174941658,0.5048957765102386,0.5276694595813751
1706174941669,0.5209044814109802,0.5132370293140411
1706174941680,0.5873563587665558,0.43588925898075104
1706174941691,0.6371243894100189,0.38474489748477936
1706174941703,0.6852319836616516,0.34893888235092163
1706174941714,0.7308469712734222,0.3300579935312271
1706174941725,0.7377299964427948,0.33396944403648376
1706174941736,0.7352636754512787,0.33352480828762054
1706174941771,0.7391946613788605,0.3323882222175598
1706174941780,0.7397128045558929,0.33060193061828613
1706174941792,0.7395919859409332,0.33325862884521484
1706174941803,0.7392863929271698,0.33400706946849823
1706174941813,0.740363359451294,0.3313167542219162
1706174941825,0.7411142587661743,0.3306579440832138
1706174941836,0.7415393888950348,0.3286292999982834
1706174941846,0.7412520945072174,0.3266160786151886
1706174941858,0.741159588098526,0.3277817368507385
1706174941869,0.7422093451023102,0.32514968514442444
1706174941880,0.742244154214859,0.32647790014743805
1706174941892,0.7415823340415955,0.3255290985107422
1706174941933,0.7389126420021057,0.3290015012025833
1706174941934,0.7392228543758392,0.3293818086385727
1706174941936,0.7437230348587036,0.33182716369628906
1706174941949,0.7447731792926788,0.3300683945417404
1706174941958,0.7436544299125671,0.3268944323062897
1706174941969,0.7424153089523315,0.33142833411693573
1706174941980,0.7408010959625244,0.3491290360689163
1706174941991,0.7459864020347595,0.3550088703632355
1706174942002,0.7598684728145599,0.3625422418117523
1706174942013,0.8252711296081543,0.33400827646255493
1706174942023,1.0091559886932373,0.5151758193969727
1706174942034,1.1949419975280762,0.7043690085411072
1706174942045,1.1949419975280762,0.7043690085411072
1706174942082,nan,nan
1706174942083,nan,nan
1706174942089,nan,nan
1706174942100,nan,nan
1706174942111,nan,nan
1706174942121,nan,nan
1706174942132,nan,nan
1706174942143,nan,nan
1706174942154,nan,nan
1706174942165,nan,nan
1706174942177,nan,nan
1706174942187,nan,nan
1706174942234,nan,nan
1706174942235,nan,nan
1706174942252,nan,nan
1706174942257,nan,nan
1706174942269,nan,nan
1706174942278,nan,nan
1706174942290,nan,nan
1706174942302,nan,nan
1706174942312,nan,nan
1706174942323,nan,nan
1706174942335,nan,nan
1706174942345,nan,nan
1706174942385,nan,nan
1706174942386,nan,nan
1706174942390,nan,nan
1706174942402,nan,nan
1706174942412,nan,nan
1706174942424,nan,nan
1706174942434,nan,nan
1706174942444,nan,nan
1706174942456,nan,nan
1706174942468,nan,nan
1706174942478,nan,nan
1706174942489,nan,nan
1706174942501,nan,nan
1706174942535,nan,nan
1706174942536,nan,nan
1706174942544,nan,nan
1706174942556,nan,nan
1706174942569,nan,nan
1706174942578,nan,nan
1706174942589,nan,nan
1706174942601,nan,nan
1706174942611,nan,nan
1706174942623,nan,nan
1706174942635,nan,nan
1706174942645,nan,nan
1706174942684,nan,nan
1706174942685,nan,nan
1706174942690,nan,nan
1706174942702,nan,nan
1706174942711,nan,nan
1706174942723,nan,nan
1706174942735,nan,nan
1706174942745,nan,nan
1706174942757,nan,nan
1706174942768,nan,nan
1706174942778,nan,nan
1706174942790,nan,nan
1706174942801,nan,nan
1706174942834,nan,nan
1706174942835,nan,nan
1706174942844,nan,nan
1706174942856,nan,nan
1706174942868,nan,nan
1706174942877,nan,nan
1706174942889,nan,nan
1706174942901,nan,nan
1706174942911,nan,nan
1706174942923,nan,nan
1706174942966,nan,nan
1706174942967,nan,nan
1706174942968,nan,nan
1706174942984,nan,nan
1706174942990,nan,nan
1706174943001,nan,nan
1706174943011,nan,nan
1706174943023,nan,nan
1706174943034,nan,nan
1706174943044,nan,nan
1706174943056,nan,nan
1706174943068,nan,nan
1706174943078,nan,nan
1706174943118,nan,nan
1706174943119,nan,nan
1706174943123,nan,nan
1706174943137,nan,nan
1706174943145,nan,nan
1706174943157,nan,nan
1706174943168,nan,nan
1706174943178,nan,nan
1706174943189,nan,nan
1706174943201,nan,nan
1706174943212,nan,nan
1706174943223,nan,nan
1706174943267,nan,nan
1706174943268,nan,nan
1706174943276,nan,nan
1706174943290,nan,nan
1706174943301,nan,nan
1706174943312,nan,nan
1706174943324,nan,nan
1706174943335,nan,nan
1706174943346,nan,nan
1706174943357,nan,nan
1706174943368,nan,nan
1706174943394,nan,nan
1706174943415,nan,nan
1706174943421,nan,nan
1706174943438,nan,nan
1706174943450,0.57976895570755,0.4752447009086609
1706174943461,0.57976895570755,0.4752447009086609
1706174943473,0.5829186737537384,0.46426908671855927
1706174943484,0.5721094906330109,0.45832541584968567
1706174943495,0.5684505701065063,0.4593605399131775
1706174943506,0.5688427686691284,0.46281278133392334
1706174943517,0.5700674057006836,0.4661213457584381
1706174943553,0.5699528455734253,0.4643152952194214
1706174943561,0.5693739950656891,0.4739404618740082
1706174943573,0.56950443983078,0.47467465698719025
1706174943585,0.5669867992401123,0.4895162731409073
1706174943595,0.5650666058063507,0.4967920482158661
1706174943606,0.562658816576004,0.5044877827167511
1706174943616,0.560880184173584,0.5077303051948547
1706174943628,0.5599294006824493,0.5064253807067871
1706174943639,0.5577830076217651,0.5068142116069794
1706174943650,0.5558893382549286,0.5104420483112335
1706174943662,0.5584433078765869,0.5155653059482574
1706174943700,0.5593410432338715,0.5204554796218872
1706174943701,0.5600584149360657,0.5199990570545197
1706174943706,0.5585151612758636,0.5110248923301697
1706174943720,0.5568317472934723,0.5114367008209229
1706174943728,0.5574759244918823,0.5173260569572449
1706174943739,0.5576612949371338,0.5184140205383301
1706174943750,0.5569843947887421,0.524962842464447
1706174943762,0.5479914546012878,0.5300191938877106
1706174943773,0.5407289266586304,0.531822144985199
1706174943783,0.5291803777217865,0.5334315896034241
1706174943795,0.5312837362289429,0.5290602743625641
1706174943806,0.5305123925209045,0.5288943350315094
1706174943817,0.529924601316452,0.5338136851787567
1706174943852,0.5296991169452667,0.5348912477493286
1706174943861,0.5312241911888123,0.5331129133701324
1706174943872,0.5286414623260498,0.5345494747161865
1706174943884,0.5275405049324036,0.5345843136310577
1706174943895,0.5281108021736145,0.5340117812156677
1706174943906,0.5294045209884644,0.5410938560962677
1706174943917,0.5317406058311462,0.5423007607460022
1706174943928,0.5235595703125,0.544317364692688
1706174943939,0.5388494729995728,0.5567571818828583
1706174943949,0.5609574317932129,0.6111217737197876
1706174943960,0.617684543132782,0.6591649055480957
1706174944003,0.6049962639808655,0.658258855342865
1706174944004,nan,nan
1706174944021,nan,nan
1706174944026,nan,nan
1706174944037,nan,nan
1706174944048,nan,nan
1706174944059,nan,nan
1706174944070,nan,nan
1706174944080,nan,nan
1706174944091,nan,nan
1706174944109,nan,nan
1706174944152,nan,nan
1706174944153,nan,nan
1706174944171,nan,nan
1706174944174,nan,nan
1706174944185,nan,nan
1706174944195,nan,nan
1706174944207,nan,nan
1706174944217,nan,nan
1706174944228,nan,nan
1706174944239,nan,nan
1706174944250,nan,nan
1706174944284,nan,nan
1706174944301,nan,nan
1706174944307,nan,nan
1706174944318,nan,nan
1706174944328,nan,nan
1706174944339,nan,nan
1706174944350,nan,nan
1706174944362,nan,nan
1706174944373,nan,nan
1706174944383,nan,nan
1706174944395,nan,nan
1706174944434,nan,nan
1706174944439,nan,nan
1706174944450,nan,nan
1706174944461,nan,nan
1706174944472,nan,nan
1706174944482,nan,nan
1706174944494,nan,nan
1706174944505,nan,nan
1706174944516,nan,nan
1706174944528,nan,nan
1706174944539,nan,nan
1706174944571,nan,nan
1706174944572,nan,nan
1706174944589,nan,nan
1706174944594,nan,nan
1706174944607,nan,nan
1706174944615,nan,nan
1706174944628,nan,nan
1706174944639,nan,nan
1706174944649,nan,nan
1706174944661,nan,nan
1706174944673,nan,nan
1706174944682,nan,nan
1706174944718,nan,nan
1706174944728,nan,nan
1706174944739,nan,nan
1706174944750,nan,nan
1706174944761,nan,nan
1706174944772,nan,nan
1706174944783,nan,nan
1706174944794,nan,nan
1706174944806,nan,nan
1706174944816,nan,nan
1706174944827,nan,nan
1706174944868,nan,nan
1706174944869,nan,nan
1706174944872,nan,nan
1706174944888,nan,nan
1706174944894,nan,nan
1706174944907,nan,nan
1706174944915,nan,nan
1706174944927,nan,nan
1706174944939,nan,nan
1706174944949,nan,nan
1706174944961,nan,nan
1706174944972,nan,nan
1706174944982,nan,nan
1706174945020,nan,nan
1706174945021,nan,nan
1706174945027,nan,nan
1706174945039,nan,nan
1706174945049,nan,nan
1706174945061,nan,nan
1706174945072,nan,nan
1706174945082,nan,nan
1706174945094,nan,nan
1706174945105,nan,nan
1706174945115,nan,nan
1706174945127,nan,nan
1706174945149,nan,nan
1706174945169,nan,nan
1706174945172,nan,nan
1706174945188,nan,nan
1706174945195,nan,nan
1706174945207,nan,nan
1706174945215,nan,nan
1706174945228,nan,nan
1706174945239,nan,nan
1706174945248,nan,nan
1706174945261,nan,nan
1706174945301,nan,nan
1706174945305,nan,nan
1706174945316,nan,nan
1706174945330,nan,nan
1706174945339,nan,nan
1706174945349,nan,nan
1706174945361,nan,nan
1706174945372,nan,nan
1706174945381,nan,nan
1706174945393,nan,nan
1706174945405,nan,nan
1706174945415,nan,nan
1706174945451,nan,nan
1706174945452,nan,nan
1706174945460,nan,nan
1706174945472,nan,nan
1706174945483,nan,nan
1706174945494,nan,nan
1706174945505,nan,nan
1706174945516,nan,nan
1706174945527,nan,nan
1706174945539,nan,nan
1706174945550,nan,nan
1706174945587,nan,nan
1706174945588,nan,nan
1706174945593,nan,nan
1706174945605,nan,nan
1706174945615,nan,nan
1706174945626,nan,nan
1706174945638,nan,nan
1706174945649,nan,nan
1706174945660,nan,nan
1706174945671,nan,nan
1706174945682,nan,nan
1706174945693,nan,nan
1706174945714,nan,nan
1706174945734,nan,nan
1706174945735,nan,nan
1706174945739,nan,nan
1706174945752,nan,nan
1706174945761,nan,nan
1706174945779,nan,nan
1706174945796,nan,nan
1706174945805,nan,nan
1706174945817,nan,nan
1706174945828,nan,nan
1706174945868,nan,nan
1706174945869,nan,nan
1706174945875,0.648560494184494,0.5333554148674011
1706174945885,0.648560494184494,0.5333554148674011
1706174945899,0.648560494184494,0.5333554148674011
1706174945909,0.6529861092567444,0.5324325561523438
1706174945919,0.6529861092567444,0.5324325561523438
1706174945930,0.6529861092567444,0.5324325561523438
1706174945941,0.6571803689002991,0.536884605884552
1706174945952,0.6547181308269501,0.5396150350570679
1706174945962,0.6547181308269501,0.5396150350570679
1706174945975,0.623461127281189,0.5503804087638855
1706174945985,0.5592972040176392,0.5555840134620667
1706174946018,0.5490660071372986,0.5382423996925354
1706174946019,0.550714522600174,0.5437630116939545
1706174946036,0.550533652305603,0.5362611711025238
1706174946042,0.5491480231285095,0.5365162491798401
1706174946054,0.5498325526714325,0.5385682880878448
1706174946064,0.5504454076290131,0.5357569754123688
1706174946075,0.5506864488124847,0.5371799170970917
1706174946086,0.5481796562671661,0.5432673394680023
1706174946097,0.5458469092845917,0.5466130673885345
1706174946109,0.5450693964958191,0.5470798909664154
1706174946119,0.5456106960773468,0.5474047958850861
1706174946154,0.547034353017807,0.5446617007255554
1706174946155,0.5447509586811066,0.5457629859447479
1706174946164,0.5442490875720978,0.5453211665153503
1706174946175,0.5446541607379913,0.5434893667697906
1706174946186,0.5464114546775818,0.5427939593791962
1706174946197,0.5448959767818451,0.5436526834964752
1706174946209,0.5461821258068085,0.5445503890514374
1706174946219,0.5450580418109894,0.5471592843532562
1706174946231,0.5462147295475006,0.5496304929256439
1706174946242,0.5463901162147522,0.5468045473098755
1706174946253,0.5439030826091766,0.5487940609455109
1706174946264,0.5413874983787537,0.5508248209953308
1706174946302,0.5359222888946533,0.5498638153076172
1706174946303,0.5276588797569275,0.5417730212211609
1706174946309,0.5273369550704956,0.5405781269073486
1706174946320,0.5270112454891205,0.5386249721050262
1706174946331,0.5270885229110718,0.5371378064155579
1706174946341,0.5287497639656067,0.5382755994796753
1706174946352,0.5271949470043182,0.5401132106781006
1706174946364,0.5284965336322784,0.5394087135791779
1706174946375,0.5284985601902008,0.5446164309978485
1706174946385,0.5283021330833435,0.5427295565605164
1706174946397,0.5269956588745117,0.5436093807220459
1706174946409,0.5268248915672302,0.5454212427139282
1706174946419,0.5274147689342499,0.546082615852356
1706174946452,0.5291786789894104,0.5459880232810974
1706174946470,0.5299413502216339,0.5414667129516602
1706174946476,0.5311892032623291,0.5359446704387665
1706174946485,0.5285593271255493,0.5375396311283112
1706174946497,0.5271333754062653,0.5353371798992157
1706174946509,0.5283987522125244,0.5397943258285522
1706174946519,0.5301408469676971,0.540545254945755
1706174946530,0.5311029553413391,0.5443770587444305
1706174946542,0.5310697555541992,0.5433353781700134
1706174946583,0.5314628183841705,0.5385370254516602
1706174946584,0.5324662923812866,0.5357034802436829
1706174946585,0.5321683585643768,0.5372679531574249
1706174946601,0.531097024679184,0.5392680764198303
1706174946608,0.5296631753444672,0.5417265594005585
1706174946620,0.5306611061096191,0.5485880076885223
1706174946630,0.5303307175636292,0.54842209815979
1706174946641,0.5314494371414185,0.547853022813797
1706174946652,0.530950516462326,0.546339213848114
1706174946664,0.5296711325645447,0.5447782576084137
1706174946674,0.5272981524467468,0.5419511795043945
1706174946686,0.5224621295928955,0.5407843589782715
1706174946697,0.5232329368591309,0.5430990755558014
1706174946708,0.521762877702713,0.5482036173343658
1706174946747,0.5225054919719696,0.5542630851268768
1706174946748,0.5237133204936981,0.5562935173511505
1706174946752,0.5219653844833374,0.545068085193634
1706174946765,0.5216653347015381,0.5456589758396149
1706174946774,0.5245209336280823,0.5482270121574402
1706174946785,0.5236432254314423,0.5518137216567993
1706174946797,0.5232440829277039,0.5506066679954529
1706174946808,0.521330863237381,0.5485596358776093
1706174946819,0.5235502123832703,0.554251492023468
1706174946830,0.5235292911529541,0.5557925999164581
1706174946841,0.5217628479003906,0.5548224151134491
1706174946887,0.5195380449295044,0.5536166429519653
1706174946888,0.5189787149429321,0.5522116422653198
1706174946904,0.5226198136806488,0.551984965801239
1706174946908,0.5281772315502167,0.562901109457016
1706174946919,0.5462813377380371,0.5869871973991394
1706174946930,0.555976927280426,0.5995600521564484
1706174946941,0.5603914260864258,0.6064904928207397
1706174946952,0.5563579797744751,0.6007876992225647
1706174946964,0.5566052198410034,0.597943514585495
1706174946975,0.5561855435371399,0.5958991348743439
1706174946986,0.5552607476711273,0.5956448912620544
1706174946997,0.5560779273509979,0.5952272713184357
1706174947037,0.555279940366745,0.595544695854187
1706174947041,0.5577261745929718,0.6022532284259796
1706174947053,0.5562722980976105,0.6012596487998962
1706174947065,0.5570985972881317,0.6001313030719757
1706174947074,0.5563775897026062,0.6001736223697662
1706174947084,0.5569519400596619,0.6005011796951294
1706174947096,0.5558980405330658,0.6022148430347443
1706174947107,0.5559688210487366,0.603492021560669
1706174947118,0.5604208409786224,0.6008006632328033
1706174947130,0.5811810195446014,0.5726954340934753
1706174947170,0.621429830789566,0.5177561640739441
1706174947174,0.745594322681427,0.3508760780096054
1706174947200,0.7556926310062408,0.3452482670545578
1706174947207,0.7555089592933655,0.3466354012489319
1706174947219,0.7564738690853119,0.3485982269048691
1706174947230,0.7561755776405334,0.3490537852048874
1706174947241,0.7585870325565338,0.3459329754114151
1706174947251,0.7594341039657593,0.34212253987789154
1706174947263,0.7620709836483002,0.3405994325876236
1706174947274,0.7625254392623901,0.3408704698085785
1706174947285,0.7608931362628937,0.338386595249176
1706174947297,0.7583239376544952,0.34026728570461273
1706174947342,0.7572295069694519,0.3436489999294281
1706174947343,0.7577448785305023,0.3456270843744278
1706174947357,0.7593201696872711,0.346468985080719
1706174947363,0.759578675031662,0.3451160043478012
1706174947374,0.7612408995628357,0.3415381461381912
1706174947385,0.7722673118114471,0.3375309854745865
1706174947397,0.7773554623126984,0.33109787106513977
1706174947407,0.7803743183612823,0.3290054053068161
1706174947418,0.7814536690711975,0.32763634622097015
1706174947430,0.7811640202999115,0.3278995156288147
1706174947441,0.7815741896629333,0.32453861832618713
1706174947451,0.7799844741821289,0.3257143944501877
1706174947488,0.7811146378517151,0.3298135995864868
1706174947496,0.7803177833557129,0.3266682028770447
1706174947507,0.782285749912262,0.3274473547935486
1706174947519,0.7824048399925232,0.329363152384758
1706174947529,0.7839094400405884,0.3318015933036804
1706174947540,0.7825154662132263,0.33091437816619873
1706174947552,0.7814406752586365,0.3285990059375763
1706174947563,0.7827212810516357,0.32848063111305237
1706174947574,0.7828659117221832,0.32877060770988464
1706174947585,0.7864322066307068,0.3247034400701523
1706174947597,0.7879314124584198,0.32134680449962616
1706174947637,0.7911979556083679,0.32092003524303436
1706174947638,0.789793848991394,0.3228473514318466
1706174947640,0.7863759398460388,0.33084599673748016
1706174947654,0.7646695673465729,0.36829350888729095
1706174947662,0.7565994262695312,0.37911418080329895
1706174947674,0.6829245984554291,0.47020378708839417
1706174947685,0.5726351141929626,0.5806788206100464
1706174947696,0.5721922218799591,0.5838085114955902
1706174947707,0.5694261491298676,0.5885843634605408
1706174947718,0.572460412979126,0.5921031534671783
1706174947730,0.5724449455738068,0.5909271836280823
1706174947741,0.5718444883823395,0.5896678268909454
1706174947752,0.5714481472969055,0.5871968865394592
1706174947789,0.5716962516307831,0.5876195430755615
1706174947790,0.5733668208122253,0.5858885049819946
1706174947797,0.5700255334377289,0.5840739607810974
1706174947807,0.5693957507610321,0.5882011651992798
1706174947821,0.5666602551937103,0.5909767746925354
1706174947829,0.5691138207912445,0.5933546125888824
1706174947840,0.5671537220478058,0.5896779000759125
1706174947851,0.566873699426651,0.5902968943119049
1706174947862,0.5654483139514923,0.5860095620155334
1706174947873,0.5660707950592041,0.587457537651062
1706174947884,0.5669490396976471,0.585276871919632
1706174947896,0.5678166449069977,0.5851545631885529
1706174947936,0.5682541131973267,0.589158296585083
1706174947937,0.569560319185257,0.5868468880653381
1706174947940,0.5706437826156616,0.581218808889389
1706174947954,0.5700089335441589,0.5828167200088501
1706174947962,0.5673361122608185,0.586674153804779
1706174947974,0.5669958293437958,0.5915332436561584
1706174947984,0.5686547458171844,0.5927637815475464
1706174947996,0.5693062543869019,0.5896579921245575
1706174948007,0.5672183930873871,0.5938716232776642
1706174948018,0.5645877122879028,0.6093674302101135
1706174948029,0.5646341741085052,0.6106978952884674
1706174948070,0.5644630193710327,0.6146037876605988
1706174948073,0.5642323791980743,0.6057135462760925
1706174948086,0.5639147162437439,0.6142185628414154
1706174948096,0.5614847838878632,0.6094601452350616
1706174948108,0.5970872938632965,0.6353391110897064
1706174948117,0.6641650795936584,0.6812692880630493
1706174948128,0.7626188099384308,0.7901632487773895
1706174948138,1.101751446723938,1.1051528453826904
1706174948149,1.101751446723938,1.1051528453826904
1706174948161,nan,nan
1706174948172,nan,nan
1706174948183,nan,nan
1706174948218,nan,nan
1706174948219,nan,nan
1706174948226,nan,nan
1706174948236,nan,nan
1706174948249,nan,nan
1706174948266,nan,nan
1706174948283,nan,nan
1706174948295,nan,nan
1706174948307,nan,nan
1706174948316,nan,nan
1706174948328,nan,nan
1706174948368,nan,nan
1706174948369,nan,nan
1706174948374,nan,nan
1706174948385,nan,nan
1706174948395,nan,nan
1706174948406,nan,nan
1706174948416,nan,nan
1706174948427,nan,nan
1706174948439,nan,nan
1706174948449,nan,nan
1706174948461,nan,nan
1706174948473,nan,nan
1706174948482,nan,nan
1706174948519,nan,nan
1706174948520,nan,nan
1706174948528,nan,nan
1706174948539,nan,nan
1706174948550,nan,nan
1706174948561,nan,nan
1706174948573,nan,nan
1706174948582,nan,nan
1706174948594,nan,nan
1706174948606,nan,nan
1706174948616,nan,nan
1706174948628,nan,nan
1706174948669,nan,nan
1706174948673,nan,nan
1706174948684,nan,nan
1706174948694,nan,nan
1706174948706,nan,nan
1706174948716,nan,nan
1706174948728,nan,nan
1706174948739,nan,nan
1706174948749,nan,nan
1706174948761,nan,nan
1706174948773,nan,nan
1706174948782,nan,nan
1706174948822,nan,nan
1706174948827,nan,nan
1706174948839,nan,nan
1706174948849,nan,nan
1706174948860,nan,nan
1706174948872,nan,nan
1706174948882,nan,nan
1706174948894,nan,nan
1706174948905,nan,nan
1706174948915,nan,nan
1706174948927,nan,nan
1706174948970,nan,nan
1706174948971,nan,nan
1706174948972,nan,nan
1706174948987,nan,nan
1706174948994,nan,nan
1706174949006,nan,nan
1706174949016,nan,nan
1706174949027,nan,nan
1706174949039,nan,nan
1706174949049,nan,nan
1706174949061,nan,nan
1706174949073,nan,nan
1706174949091,nan,nan
1706174949114,nan,nan
1706174949116,nan,nan
1706174949132,nan,nan
1706174949139,nan,nan
1706174949150,nan,nan
1706174949160,nan,nan
1706174949172,nan,nan
1706174949182,nan,nan
1706174949193,nan,nan
1706174949205,nan,nan
1706174949216,nan,nan
1706174949236,nan,nan
1706174949256,nan,nan
1706174949257,nan,nan
1706174949260,nan,nan
1706174949274,nan,nan
1706174949282,nan,nan
1706174949294,nan,nan
1706174949305,nan,nan
1706174949315,nan,nan
1706174949327,nan,nan
1706174949339,nan,nan
1706174949349,nan,nan
1706174949360,nan,nan
1706174949372,nan,nan
1706174949406,nan,nan
1706174949407,nan,nan
1706174949416,nan,nan
1706174949427,nan,nan
1706174949439,nan,nan
1706174949449,nan,nan
1706174949461,nan,nan
1706174949472,nan,nan
1706174949482,nan,nan
1706174949494,nan,nan
1706174949506,nan,nan
1706174949516,nan,nan
1706174949555,nan,nan
1706174949560,nan,nan
1706174949572,nan,nan
1706174949581,nan,nan
1706174949593,nan,nan
1706174949605,nan,nan
1706174949615,nan,nan
1706174949627,nan,nan
1706174949638,nan,nan
1706174949649,nan,nan
1706174949660,nan,nan
1706174949683,nan,nan
1706174949703,nan,nan
1706174949704,nan,nan
1706174949706,nan,nan
1706174949720,nan,nan
1706174949727,nan,nan
1706174949740,nan,nan
1706174949749,nan,nan
1706174949761,nan,nan
1706174949772,nan,nan
1706174949782,nan,nan
1706174949794,nan,nan
1706174949838,nan,nan
1706174949839,nan,nan
1706174949846,nan,nan
1706174949862,nan,nan
1706174949872,nan,nan
1706174949883,nan,nan
1706174949894,nan,nan
1706174949905,0.6971308588981628,0.6115793585777283
1706174949916,0.6971308588981628,0.6115793585777283
1706174949927,0.6971308588981628,0.6115793585777283
1706174949938,0.6276174783706665,0.544779360294342
1706174949950,0.6276174783706665,0.544779360294342
1706174949988,0.6289530992507935,0.5823862850666046
1706174949989,0.6366532146930695,0.607501745223999
1706174949996,0.6402618288993835,0.6035146415233612
1706174950008,0.6357848644256592,0.6041814386844635
1706174950019,0.6357052624225616,0.6120730638504028
1706174950029,0.6357052624225616,0.6120730638504028
1706174950041,0.583491176366806,0.5815561413764954
1706174950052,0.5641611814498901,0.5805834233760834
1706174950064,0.5582666993141174,0.5751722753047943
1706174950075,0.551731675863266,0.5748934149742126
1706174950086,0.5499133765697479,0.5670257806777954
1706174950121,0.5518533289432526,0.5707968771457672
1706174950122,0.5527557134628296,0.5748668909072876
1706174950129,0.5546603202819824,0.589173823595047
1706174950140,0.5525878667831421,0.5892818868160248
1706174950151,0.5501505136489868,0.5781839489936829
1706174950163,0.5512209832668304,0.5780971348285675
1706174950174,0.5524415969848633,0.572233110666275
1706174950185,0.5541563332080841,0.5694019496440887
1706174950196,0.5535469651222229,0.5699394047260284
1706174950208,0.554997444152832,0.5687536299228668
1706174950218,0.5542508661746979,0.5674318373203278
1706174950230,0.5530241131782532,0.5600749850273132
1706174950241,0.5506297647953033,0.5647435486316681
1706174950273,0.5501486361026764,0.5675196349620819
1706174950274,0.5493464767932892,0.5687493085861206
1706174950291,0.5546047687530518,0.5651969909667969
1706174950297,0.5571816563606262,0.5674205124378204
1706174950308,0.5517018139362335,0.5722764432430267
1706174950318,0.5446393191814423,0.5765903294086456
1706174950330,0.540953516960144,0.5787630677223206
1706174950341,0.5410161316394806,0.5801565051078796
1706174950352,0.5420410633087158,0.5790021419525146
1706174950363,0.5407160222530365,0.5815538763999939
1706174950374,0.5405164062976837,0.58109450340271
1706174950385,0.5408815741539001,0.5816645622253418
1706174950421,0.5384347140789032,0.5836020410060883
1706174950429,0.5945338308811188,0.63414266705513
1706174950440,0.5992028713226318,0.708806037902832
1706174950453,0.8315466046333313,0.857457160949707
1706174950461,nan,nan
1706174950472,nan,nan
1706174950483,nan,nan
1706174950495,nan,nan
1706174950506,nan,nan
1706174950517,nan,nan
1706174950557,nan,nan
1706174950558,nan,nan
1706174950560,nan,nan
1706174950573,nan,nan
1706174950583,nan,nan
1706174950592,nan,nan
1706174950610,nan,nan
1706174950630,nan,nan
1706174950642,nan,nan
1706174950651,nan,nan
1706174950663,nan,nan
1706174950705,nan,nan
1706174950709,nan,nan
1706174950721,nan,nan
1706174950731,nan,nan
1706174950742,nan,nan
1706174950752,nan,nan
1706174950764,nan,nan
1706174950776,nan,nan
1706174950785,nan,nan
1706174950796,nan,nan
1706174950808,nan,nan
1706174950818,nan,nan
1706174950855,nan,nan
1706174950856,nan,nan
1706174950863,nan,nan
1706174950875,nan,nan
1706174950886,nan,nan
1706174950897,nan,nan
1706174950908,nan,nan
1706174950919,nan,nan
1706174950930,nan,nan
1706174950942,nan,nan
1706174950952,nan,nan
1706174950964,nan,nan
1706174951005,nan,nan
1706174951007,nan,nan
1706174951023,nan,nan
1706174951030,nan,nan
1706174951041,nan,nan
1706174951051,nan,nan
1706174951063,nan,nan
1706174951074,nan,nan
1706174951085,nan,nan
1706174951097,nan,nan
1706174951108,nan,nan
1706174951140,nan,nan
1706174951141,nan,nan
1706174951156,nan,nan
1706174951164,nan,nan
1706174951175,nan,nan
1706174951184,nan,nan
1706174951197,nan,nan
1706174951208,nan,nan
1706174951218,nan,nan
1706174951230,nan,nan
1706174951241,nan,nan
1706174951251,nan,nan
1706174951290,nan,nan
1706174951291,nan,nan
1706174951297,nan,nan
1706174951309,nan,nan
1706174951318,nan,nan
1706174951330,nan,nan
1706174951342,nan,nan
1706174951350,nan,nan
1706174951363,nan,nan
1706174951374,nan,nan
1706174951384,nan,nan
1706174951396,nan,nan
1706174951408,nan,nan
1706174951448,nan,nan
1706174951449,nan,nan
1706174951451,nan,nan
1706174951466,nan,nan
1706174951474,nan,nan
1706174951485,nan,nan
1706174951496,nan,nan
1706174951507,nan,nan
1706174951518,nan,nan
1706174951529,nan,nan
1706174951540,nan,nan
1706174951551,nan,nan
1706174951563,nan,nan
1706174951574,nan,nan
1706174951606,nan,nan
1706174951608,nan,nan
1706174951625,nan,nan
1706174951629,nan,nan
1706174951641,nan,nan
1706174951651,nan,nan
1706174951663,nan,nan
1706174951674,nan,nan
1706174951685,nan,nan
1706174951696,nan,nan
1706174951708,nan,nan
1706174951718,nan,nan
1706174951758,nan,nan
1706174951759,nan,nan
1706174951762,nan,nan
1706174951774,nan,nan
1706174951784,nan,nan
1706174951795,nan,nan
1706174951807,nan,nan
1706174951817,nan,nan
1706174951829,nan,nan
1706174951840,nan,nan
1706174951850,nan,nan
1706174951862,nan,nan
1706174951874,nan,nan
1706174951905,nan,nan
1706174951906,nan,nan
1706174951907,nan,nan
1706174951923,nan,nan
1706174951929,nan,nan
1706174951942,nan,nan
1706174951951,nan,nan
1706174951962,nan,nan
1706174951974,nan,nan
1706174951984,nan,nan
1706174951996,nan,nan
1706174952038,nan,nan
1706174952042,nan,nan
1706174952053,nan,nan
1706174952066,nan,nan
1706174952084,nan,nan
1706174952096,nan,nan
1706174952108,0.7904133200645447,0.6929267048835754
1706174952119,0.7904133200645447,0.6929267048835754
1706174952130,0.7904133200645447,0.6929267048835754
1706174952141,0.7025085091590881,0.5841799974441528
1706174952152,0.7025085091590881,0.5841799974441528
1706174952189,0.7025085091590881,0.5841799974441528
1706174952204,0.7070748805999756,0.6151898503303528
1706174952210,0.7056503593921661,0.6293737888336182
1706174952222,0.7060679793357849,0.6298294067382812
1706174952233,0.7070231139659882,0.6287952661514282
1706174952244,0.7048455774784088,0.6278262436389923
1706174952254,0.7057812809944153,0.6255574226379395
1706174952266,0.6903600990772247,0.6221844553947449
1706174952277,0.6683327853679657,0.6089523434638977
1706174952288,0.5929394662380219,0.5756667256355286
1706174952326,0.5807101428508759,0.5732317864894867
1706174952327,0.5746524930000305,0.5706787407398224
1706174952333,0.5807668268680573,0.5732626616954803
1706174952344,0.5815334916114807,0.5763375759124756
1706174952355,0.5797209143638611,0.5690283179283142
1706174952366,0.5794147849082947,0.5727823376655579
1706174952377,0.5789089202880859,0.5738309621810913
1706174952388,0.5821404159069061,0.5763674676418304
1706174952400,0.5804782509803772,0.5762105286121368
1706174952411,0.5816314518451691,0.5723491609096527
1706174952422,0.5789095461368561,0.5740652978420258
1706174952459,0.5795193314552307,0.575539231300354
1706174952474,0.5790780484676361,0.5806750357151031
1706174952476,0.5786301791667938,0.5812876522541046
1706174952488,0.5772374868392944,0.5779489874839783
1706174952499,0.575685441493988,0.5728260278701782
1706174952510,0.608074963092804,0.6452295780181885
1706174952519,0.6405631899833679,0.7246767282485962
1706174952530,0.716569721698761,0.8942073285579681
1706174952541,nan,nan
1706174952552,nan,nan
1706174952564,nan,nan
1706174952605,nan,nan
1706174952608,nan,nan
1706174952621,nan,nan
1706174952631,nan,nan
1706174952643,0.6652436256408691,0.6765319108963013
1706174952653,0.611328125,0.758730411529541
1706174952665,0.5904170274734497,0.7101961970329285
1706174952677,0.5654821693897247,0.605637401342392
1706174952688,0.5632650852203369,0.563064455986023
1706174952699,0.5646374225616455,0.5622374415397644
1706174952748,0.5618986487388611,0.5804150700569153
1706174952749,0.5614027082920074,0.5740884244441986
1706174952754,0.56240513920784,0.5724315941333771
1706174952766,0.5635911524295807,0.5722973644733429
1706174952780,0.5630541443824768,0.5715807378292084
1706174952787,0.5632796585559845,0.5692764222621918
1706174952799,0.5626725852489471,0.5692008435726166
1706174952810,0.5634554028511047,0.5679620206356049
1706174952821,0.5618260502815247,0.5696418285369873
1706174952832,0.5626383721828461,0.5750025510787964
1706174952843,0.5601905882358551,0.577442079782486
1706174952854,0.5570601522922516,0.5754121840000153
1706174952895,0.5533917248249054,0.5613234043121338
1706174952896,0.554846316576004,0.547214925289154
1706174952899,0.5586988627910614,0.5331012904644012
1706174952910,0.5575064420700073,0.532779186964035
1706174952921,0.5562232136726379,0.5326472520828247
1706174952932,0.5559854209423065,0.5319489538669586
1706174952944,0.5544065833091736,0.531390368938446
1706174952955,0.5539985299110413,0.5336557924747467
1706174952966,0.5535197257995605,0.5349860191345215
1706174952977,0.5530971586704254,0.5366941094398499
1706174952988,0.5536721050739288,0.5369033217430115
1706174952999,0.5541538894176483,0.5347437262535095
1706174953044,0.5542968511581421,0.5358280837535858
1706174953045,0.5546728372573853,0.5347865521907806
1706174953061,0.6922878623008728,0.41742318868637085
1706174953066,0.7616221308708191,0.3655247390270233
1706174953078,0.8127530813217163,0.3375306576490402
1706174953087,0.8204864859580994,0.3384730815887451
1706174953098,0.8207769691944122,0.34017419815063477
1706174953109,0.8166370987892151,0.33698154985904694
1706174953120,0.819319099187851,0.33873943984508514
1706174953132,0.8195601403713226,0.3385092169046402
1706174953143,0.8208894431591034,0.34463369846343994
1706174953154,0.8173277378082275,0.34720444679260254
1706174953194,0.8188644349575043,0.34665533900260925
1706174953195,0.8203289210796356,0.34400129318237305
1706174953199,0.8196941316127777,0.33866745233535767
1706174953214,0.818445235490799,0.3414493799209595
1706174953221,0.8191289007663727,0.3440621346235275
1706174953233,0.818862795829773,0.3466501086950302
1706174953244,0.8186511099338531,0.3423284590244293
1706174953254,0.8191049098968506,0.3387269675731659
1706174953265,0.8203727304935455,0.33833734691143036
1706174953276,0.8197072148323059,0.3420700877904892
1706174953287,0.8182379007339478,0.3442182391881943
1706174953299,0.8178679943084717,0.34121909737586975
1706174953341,0.820162296295166,0.33738064765930176
1706174953342,0.8203342854976654,0.33706367015838623
1706174953343,0.8151236474514008,0.3459019511938095
1706174953358,0.816399872303009,0.36366139352321625
1706174953366,0.8481758236885071,0.38178858160972595
1706174953376,0.8604771196842194,0.4008542597293854
1706174953386,0.9792072772979736,0.4401080310344696
1706174953397,nan,nan
1706174953407,nan,nan
1706174953418,nan,nan
1706174953430,nan,nan
1706174953441,nan,nan
1706174953452,nan,nan
1706174953494,nan,nan
1706174953495,nan,nan
1706174953496,nan,nan
1706174953510,nan,nan
1706174953517,nan,nan
1706174953527,nan,nan
1706174953546,nan,nan
1706174953566,nan,nan
1706174953577,nan,nan
1706174953587,nan,nan
1706174953599,nan,nan
1706174953611,nan,nan
1706174953643,nan,nan
1706174953644,nan,nan
1706174953661,nan,nan
1706174953665,nan,nan
1706174953677,nan,nan
1706174953687,nan,nan
1706174953699,nan,nan
1706174953710,nan,nan
1706174953720,nan,nan
1706174953732,nan,nan
1706174953744,nan,nan
1706174953754,nan,nan
1706174953793,nan,nan
1706174953794,nan,nan
1706174953799,nan,nan
1706174953812,nan,nan
1706174953820,nan,nan
1706174953831,nan,nan
1706174953843,nan,nan
1706174953853,nan,nan
1706174953865,nan,nan
1706174953877,nan,nan
1706174953886,nan,nan
1706174953898,nan,nan
1706174953941,nan,nan
1706174953943,nan,nan
1706174953960,nan,nan
1706174953966,nan,nan
1706174953977,nan,nan
1706174953987,nan,nan
1706174953998,nan,nan
1706174954010,nan,nan
1706174954020,nan,nan
1706174954032,nan,nan
1706174954044,nan,nan
1706174954053,nan,nan
1706174954094,nan,nan
1706174954099,nan,nan
1706174954112,nan,nan
1706174954120,nan,nan
1706174954132,nan,nan
1706174954144,nan,nan
1706174954154,nan,nan
1706174954165,nan,nan
1706174954177,nan,nan
1706174954187,nan,nan
1706174954198,nan,nan
1706174954210,nan,nan
1706174954243,nan,nan
1706174954244,nan,nan
1706174954261,nan,nan
1706174954265,nan,nan
1706174954277,nan,nan
1706174954286,nan,nan
1706174954298,nan,nan
1706174954310,nan,nan
1706174954320,nan,nan
1706174954331,nan,nan
1706174954344,nan,nan
1706174954353,nan,nan
1706174954395,nan,nan
1706174954396,nan,nan
1706174954398,nan,nan
1706174954413,nan,nan
1706174954420,nan,nan
1706174954432,nan,nan
1706174954443,nan,nan
1706174954453,nan,nan
1706174954465,nan,nan
1706174954477,nan,nan
1706174954486,nan,nan
1706174954499,nan,nan
1706174954522,nan,nan
1706174954543,nan,nan
1706174954544,nan,nan
1706174954553,nan,nan
1706174954564,nan,nan
1706174954577,nan,nan
1706174954586,nan,nan
1706174954598,nan,nan
1706174954609,nan,nan
1706174954619,nan,nan
1706174954631,nan,nan
1706174954643,nan,nan
1706174954653,nan,nan
1706174954673,nan,nan
1706174954694,nan,nan
1706174954698,nan,nan
1706174954711,nan,nan
1706174954719,nan,nan
1706174954731,nan,nan
1706174954743,nan,nan
1706174954753,nan,nan
1706174954765,nan,nan
1706174954776,nan,nan
1706174954786,nan,nan
1706174954797,nan,nan
1706174954842,nan,nan
1706174954843,nan,nan
1706174954859,nan,nan
1706174954864,nan,nan
1706174954877,nan,nan
1706174954886,nan,nan
1706174954898,nan,nan
1706174954909,nan,nan
1706174954920,nan,nan
1706174954931,nan,nan
1706174954943,nan,nan
1706174954953,nan,nan
1706174954993,nan,nan
1706174954994,nan,nan
1706174954998,nan,nan
1706174955010,nan,nan
1706174955020,nan,nan
1706174955031,nan,nan
1706174955043,nan,nan
1706174955053,nan,nan
1706174955064,nan,nan
1706174955077,nan,nan
1706174955087,nan,nan
1706174955098,nan,nan
1706174955143,nan,nan
1706174955144,nan,nan
1706174955159,nan,nan
1706174955164,nan,nan
1706174955176,nan,nan
1706174955186,nan,nan
1706174955198,nan,nan
1706174955209,nan,nan
1706174955219,nan,nan
1706174955231,nan,nan
1706174955242,nan,nan
1706174955253,nan,nan
1706174955293,nan,nan
1706174955294,nan,nan
1706174955298,nan,nan
1706174955309,nan,nan
1706174955321,nan,nan
1706174955331,nan,nan
1706174955342,nan,nan
1706174955353,nan,nan
1706174955364,nan,nan
1706174955376,nan,nan
1706174955386,nan,nan
1706174955397,nan,nan
1706174955409,nan,nan
1706174955442,nan,nan
1706174955443,nan,nan
1706174955458,nan,nan
1706174955464,nan,nan
1706174955476,nan,nan
1706174955485,nan,nan
1706174955498,nan,nan
1706174955509,nan,nan
1706174955519,nan,nan
1706174955531,nan,nan
1706174955543,nan,nan
1706174955577,nan,nan
1706174955578,nan,nan
1706174955586,nan,nan
1706174955598,nan,nan
1706174955609,nan,nan
1706174955619,nan,nan
1706174955631,nan,nan
1706174955643,nan,nan
1706174955653,nan,nan
1706174955665,nan,nan
1706174955675,nan,nan
1706174955686,nan,nan
1706174955726,nan,nan
1706174955727,nan,nan
1706174955730,nan,nan
1706174955745,nan,nan
1706174955752,nan,nan
1706174955764,nan,nan
1706174955775,nan,nan
1706174955785,nan,nan
1706174955797,nan,nan
1706174955809,nan,nan
1706174955819,nan,nan
1706174955831,nan,nan
1706174955842,nan,nan
1706174955877,nan,nan
1706174955878,nan,nan
1706174955886,nan,nan
1706174955898,nan,nan
1706174955909,nan,nan
1706174955919,nan,nan
1706174955931,nan,nan
1706174955942,nan,nan
1706174955952,nan,nan
1706174955965,nan,nan
1706174955976,nan,nan
1706174956008,nan,nan
1706174956009,nan,nan
1706174956023,nan,nan
1706174956031,nan,nan
1706174956043,nan,nan
1706174956052,nan,nan
1706174956064,nan,nan
1706174956076,nan,nan
1706174956086,nan,nan
1706174956097,nan,nan
1706174956108,nan,nan
1706174956118,nan,nan
1706174956138,nan,nan
1706174956159,nan,nan
1706174956160,nan,nan
1706174956164,nan,nan
1706174956175,nan,nan
1706174956186,nan,nan
1706174956197,nan,nan
1706174956208,nan,nan
1706174956219,nan,nan
1706174956230,nan,nan
1706174956243,nan,nan
1706174956253,nan,nan
1706174956293,nan,nan
1706174956294,nan,nan
1706174956298,nan,nan
1706174956317,nan,nan
1706174956331,nan,nan
1706174956342,nan,nan
1706174956353,nan,nan
1706174956364,nan,nan
1706174956375,nan,nan
1706174956387,nan,nan
1706174956398,nan,nan
1706174956409,0.544420599937439,0.5705486536026001
1706174956443,0.544420599937439,0.5705486536026001
1706174956444,0.544420599937439,0.5705486536026001
1706174956460,0.5472316741943359,0.5603453516960144
1706174956466,0.5461132526397705,0.5671470761299133
1706174956477,0.5380645990371704,0.5733582675457001
1706174956488,0.539210319519043,0.5742731988430023
1706174956500,0.538912832736969,0.5782333612442017
1706174956511,0.5406692028045654,0.5826829075813293
1706174956522,0.5409705936908722,0.5805487632751465
1706174956533,0.5395917296409607,0.5775131285190582
1706174956544,0.5398180484771729,0.5640880465507507
1706174956555,0.5445550382137299,0.5222066044807434
1706174956596,0.5483487248420715,0.49585872888565063
1706174956597,0.5506060719490051,0.4845927506685257
1706174956600,0.5515532493591309,0.499248743057251
1706174956613,0.5505785346031189,0.49911488592624664
1706174956622,0.5500717759132385,0.49732205271720886
1706174956633,0.5482431948184967,0.4970010966062546
1706174956644,0.5487207174301147,0.4984966069459915
1706174956655,0.5444858074188232,0.494154691696167
1706174956667,0.5467860698699951,0.4901754558086395
1706174956678,0.5552321374416351,0.5069718509912491
1706174956688,0.5688730180263519,0.5221771895885468
1706174956698,0.588111013174057,0.5635302364826202
1706174956709,nan,nan
1706174956744,nan,nan
1706174956760,nan,nan
1706174956766,nan,nan
1706174956778,nan,nan
1706174956787,nan,nan
1706174956799,0.7351464033126831,0.5717816352844238
1706174956811,0.6054167747497559,0.5480856597423553
1706174956822,0.5844047963619232,0.5459260642528534
1706174956833,0.5676140785217285,0.5380146503448486
1706174956844,0.5591322481632233,0.5185870677232742
1706174956855,0.5564990043640137,0.49196821451187134
1706174956893,0.5579276084899902,0.49533870816230774
1706174956894,0.5581925213336945,0.4903108924627304
1706174956900,0.5570420026779175,0.48445621132850647
1706174956911,0.5579721927642822,0.48548929393291473
1706174956923,0.5605388879776001,0.48793618381023407
1706174956933,0.5591323971748352,0.4862821251153946
1706174956944,0.5572620630264282,0.48815856873989105
1706174956955,0.5570688843727112,0.4859023988246918
1706174956966,0.557378351688385,0.48461030423641205
1706174956977,0.558337926864624,0.48235687613487244
1706174956988,0.5579193532466888,0.4863406717777252
1706174957000,0.5565839409828186,0.49009428918361664
1706174957022,0.555393248796463,0.49174755811691284
1706174957042,0.5541722178459167,0.49205292761325836
1706174957043,0.5555370151996613,0.4923460781574249
1706174957044,0.5564946234226227,0.4913211017847061
1706174957057,0.5570255517959595,0.487662211060524
1706174957066,0.555971086025238,0.4860011637210846
1706174957078,0.5578576922416687,0.4852047264575958
1706174957088,0.5590430498123169,0.4860785901546478
1706174957100,0.5598838925361633,0.48709413409233093
1706174957111,0.5585308074951172,0.4879230260848999
1706174957122,0.5554734468460083,0.48456181585788727
1706174957133,0.5548900663852692,0.4863937646150589
1706174957144,0.5551731884479523,0.486469030380249
1706174957176,0.5562247037887573,0.485355406999588
1706174957177,0.5568373799324036,0.48274411261081696
1706174957178,0.5561111867427826,0.48673082888126373
1706174957193,0.5553157925605774,0.48808370530605316
1706174957200,0.5549061596393585,0.4889736920595169
1706174957211,0.5550221800804138,0.4839331656694412
1706174957221,0.5559308528900146,0.4855378717184067
1706174957232,0.5573273301124573,0.484441414475441
1706174957244,0.5588473677635193,0.4815137982368469
1706174957255,0.5598951578140259,0.4836585968732834
1706174957266,0.5587728917598724,0.48153911530971527
1706174957277,0.5572945773601532,0.48513607680797577
1706174957288,0.5563460290431976,0.4758339375257492
1706174957333,0.5549387335777283,0.4762769043445587
1706174957348,0.562864750623703,0.48472027480602264
1706174957355,0.5610407888889313,0.483465313911438
1706174957367,0.5594149529933929,0.4838707745075226
1706174957377,0.5573587119579315,0.48035749793052673
1706174957388,0.5588570833206177,0.48305657505989075
1706174957400,0.5569522976875305,0.48235248029232025
1706174957410,0.5573816001415253,0.48230236768722534
1706174957421,0.5559977293014526,0.47993341088294983
1706174957433,0.559005469083786,0.4807960093021393
1706174957444,0.5583375990390778,0.48141904175281525
1706174957483,0.5588240325450897,0.48164500296115875
1706174957484,0.5574080646038055,0.48161427676677704
1706174957488,0.558190792798996,0.4788229316473007
1706174957500,0.5576581954956055,0.4762322008609772
1706174957511,0.5585271120071411,0.47763146460056305
1706174957522,0.5585247874259949,0.4735436588525772
1706174957533,0.558413952589035,0.47448958456516266
1706174957544,0.5571911334991455,0.4763536900281906
1706174957555,0.5564396381378174,0.4829714596271515
1706174957566,0.5578245520591736,0.48380859196186066
1706174957578,0.5572880804538727,0.48122458159923553
1706174957587,0.5568477511405945,0.48055848479270935
1706174957599,0.5566104054450989,0.4846924841403961
1706174957637,0.5563133656978607,0.48563139140605927
1706174957638,0.5532349944114685,0.48971126973629
1706174957643,0.5146620869636536,0.5039356052875519
1706174957655,0.4841732233762741,0.5103968381881714
1706174957666,0.4800043851137161,0.5083221793174744
1706174957677,0.482122078537941,0.5083566606044769
1706174957688,0.4830169826745987,0.5128058195114136
1706174957699,0.4827294796705246,0.5094102174043655
1706174957711,0.48186393082141876,0.5073564648628235
1706174957721,0.48147793114185333,0.5025350004434586
1706174957733,0.48246142268180847,0.504325658082962
1706174957744,0.4829116016626358,0.5046447217464447
1706174957755,0.48232218623161316,0.5077183246612549
1706174957796,0.48135727643966675,0.5171523094177246
1706174957797,0.47684918344020844,0.5343776643276215
1706174957799,0.4775298535823822,0.5321149230003357
1706174957812,0.47774189710617065,0.53226637840271
1706174957821,0.47710996866226196,0.5303498208522797
1706174957832,0.45776550471782684,0.5036592185497284
1706174957843,0.41864868998527527,0.45296335220336914
1706174957855,0.33001023530960083,0.36704666912555695
1706174957865,0.3002907633781433,0.3426918536424637
1706174957877,0.2789134383201599,0.3377269059419632
1706174957887,0.26693712174892426,0.33270227909088135
1706174957899,0.26577943563461304,0.3276469111442566
1706174957910,0.26323947310447693,0.32444198429584503
1706174957946,0.26337817311286926,0.32362084090709686
1706174957954,0.26622529327869415,0.32836468517780304
1706174957966,0.2637633681297302,0.3310462236404419
1706174957977,0.2638635039329529,0.3277420103549957
1706174957988,0.2627362757921219,0.3257671594619751
1706174957999,0.2650410383939743,0.32413870096206665
1706174958010,0.2637231945991516,0.3272557109594345
1706174958021,0.2677130848169327,0.3311956375837326
1706174958032,0.26689979434013367,0.32962407171726227
1706174958044,0.2687334716320038,0.3295331746339798
1706174958054,0.26685501635074615,0.3277420401573181
1706174958096,0.26751990616321564,0.3293031305074692
1706174958097,0.26661135256290436,0.3283529281616211
1706174958099,0.26967526972293854,0.3410142809152603
1706174958113,0.2978980988264084,0.37067851424217224
1706174958121,0.38020452857017517,0.44171346724033356
1706174958134,0.4287073314189911,0.48889052867889404
1706174958144,0.45449329912662506,0.513868510723114
1706174958155,0.4679442346096039,0.52961465716362
1706174958165,0.46777835488319397,0.5301738679409027
1706174958176,0.46851083636283875,0.5297543108463287
1706174958187,0.4707544445991516,0.5323067009449005
1706174958199,0.47154320776462555,0.5311447083950043
1706174958210,0.4724417179822922,0.5315264761447906
1706174958244,0.47319579124450684,0.5331335663795471
1706174958245,0.47175729274749756,0.5310429036617279
1706174958260,0.47140002250671387,0.541361540555954
1706174958266,0.4706263840198517,0.544754296541214
1706174958277,0.47236794233322144,0.5446295738220215
1706174958287,0.474062979221344,0.5411647856235504
1706174958299,0.4739682525396347,0.5397785305976868
1706174958310,0.476986363530159,0.5378762185573578
1706174958321,0.5033818185329437,0.5379104912281036
1706174958332,0.5162865221500397,0.5382256209850311
1706174958343,0.5261730551719666,0.5366422533988953
1706174958379,0.5206682085990906,0.5343402326107025
1706174958387,0.5239033102989197,0.5395034551620483
1706174958399,0.5240041613578796,0.5397829115390778
1706174958411,0.5230696797370911,0.5417632758617401
1706174958421,0.5220693349838257,0.536126434803009
1706174958432,0.5206501483917236,0.5325978398323059
1706174958443,0.5282308459281921,0.5294881761074066
1706174958454,0.5658282339572906,0.5602080225944519
1706174958464,0.6073845028877258,0.5910941958427429
1706174958475,0.6797804832458496,0.6790223121643066
1706174958486,nan,nan
1706174958497,nan,nan
1706174958532,nan,nan
1706174958533,nan,nan
1706174958540,nan,nan
1706174958551,nan,nan
1706174958562,nan,nan
1706174958573,nan,nan
1706174958584,nan,nan
1706174958595,nan,nan
1706174958606,nan,nan
1706174958618,nan,nan
1706174958629,nan,nan
1706174958640,nan,nan
1706174958681,nan,nan
1706174958682,nan,nan
1706174958701,nan,nan
1706174958710,nan,nan
1706174958721,nan,nan
1706174958731,nan,nan
1706174958743,nan,nan
1706174958754,nan,nan
1706174958765,nan,nan
1706174958776,nan,nan
1706174958788,nan,nan
1706174958832,nan,nan
1706174958833,nan,nan
1706174958850,nan,nan
1706174958854,nan,nan
1706174958865,nan,nan
1706174958876,nan,nan
1706174958887,nan,nan
1706174958897,nan,nan
1706174958914,nan,nan
1706174958933,nan,nan
1706174958945,nan,nan
1706174958978,nan,nan
1706174958979,nan,nan
1706174958996,nan,nan
1706174959000,nan,nan
1706174959012,nan,nan
1706174959022,nan,nan
1706174959034,nan,nan
1706174959046,nan,nan
1706174959055,nan,nan
1706174959067,nan,nan
1706174959079,nan,nan
1706174959112,nan,nan
1706174959113,nan,nan
1706174959130,nan,nan
1706174959134,nan,nan
1706174959146,nan,nan
1706174959156,nan,nan
1706174959167,nan,nan
1706174959179,nan,nan
1706174959189,nan,nan
1706174959201,nan,nan
1706174959213,nan,nan
1706174959223,nan,nan
1706174959267,nan,nan
1706174959268,nan,nan
1706174959283,nan,nan
1706174959290,nan,nan
1706174959301,nan,nan
1706174959312,nan,nan
1706174959322,nan,nan
1706174959333,nan,nan
1706174959345,nan,nan
1706174959355,nan,nan
1706174959367,nan,nan
1706174959379,nan,nan
1706174959412,nan,nan
1706174959413,nan,nan
1706174959428,nan,nan
1706174959434,nan,nan
1706174959445,nan,nan
1706174959455,nan,nan
1706174959467,nan,nan
1706174959479,nan,nan
1706174959489,nan,nan
1706174959500,nan,nan
1706174959512,nan,nan
1706174959522,nan,nan
1706174959544,nan,nan
1706174959565,nan,nan
1706174959567,nan,nan
1706174959584,nan,nan
1706174959591,nan,nan
1706174959602,nan,nan
1706174959620,nan,nan
1706174959635,nan,nan
1706174959646,nan,nan
1706174959657,nan,nan
1706174959668,nan,nan
1706174959679,nan,nan
1706174959713,nan,nan
1706174959714,nan,nan
1706174959730,nan,nan
1706174959749,nan,nan
1706174959765,nan,nan
1706174959781,nan,nan
1706174959793,nan,nan
1706174959803,nan,nan
1706174959847,0.5359479784965515,0.5313810706138611
1706174959848,nan,nan
1706174959866,nan,nan
1706174959870,nan,nan
1706174959882,0.517108678817749,0.5104087591171265
1706174959892,0.517108678817749,0.5104087591171265
1706174959903,0.517108678817749,0.5104087591171265
1706174959915,0.49932974576950073,0.49301737546920776
1706174959926,0.4938051998615265,0.4942631423473358
1706174959937,0.48913586139678955,0.4889256954193115
1706174959949,0.48953530192375183,0.49278491735458374
1706174959960,0.48859459161758423,0.4868515133857727
1706174960000,0.48825040459632874,0.49354487657546997
1706174960001,0.48928961157798767,0.5015541315078735
1706174960006,0.48083099722862244,0.5152260661125183
1706174960018,0.48251889646053314,0.5198144018650055
1706174960028,0.4826876074075699,0.5145229697227478
1706174960039,0.4813060909509659,0.5172827839851379
1706174960050,0.48167695105075836,0.515477180480957
1706174960060,0.4817715883255005,0.5184351205825806
1706174960071,0.4808695763349533,0.5216941833496094
1706174960083,0.48070886731147766,0.5246785879135132
1706174960094,0.4803490489721298,0.5272154211997986
1706174960105,0.4811369478702545,0.5258991718292236
1706174960146,0.47993552684783936,0.5224032998085022
1706174960150,0.4813304990530014,0.5238668918609619
1706174960161,0.48109251260757446,0.530622810125351
1706174960173,0.47888873517513275,0.5331841707229614
1706174960183,0.4781879335641861,0.5326101183891296
1706174960194,0.48025988042354584,0.5335373282432556
1706174960205,0.48124711215496063,0.5321500897407532
1706174960217,0.482166588306427,0.535851001739502
1706174960227,0.48185357451438904,0.5361358225345612
1706174960239,0.4843211770057678,0.5382280945777893
1706174960250,0.4843965172767639,0.5329082608222961
1706174960261,0.48475998640060425,0.5439403057098389
1706174960298,0.48468415439128876,0.5943727195262909
1706174960299,0.5285934060811996,0.6651413440704346
1706174960304,0.7060285806655884,0.751556396484375
1706174960316,nan,nan
1706174960326,nan,nan
1706174960337,nan,nan
1706174960348,nan,nan
1706174960359,nan,nan
1706174960370,nan,nan
1706174960381,nan,nan
1706174960392,nan,nan
1706174960403,nan,nan
1706174960414,nan,nan
1706174960446,nan,nan
1706174960452,nan,nan
1706174960474,nan,nan
1706174960484,nan,nan
1706174960493,nan,nan
1706174960506,nan,nan
1706174960523,nan,nan
1706174960538,nan,nan
1706174960549,nan,nan
1706174960582,nan,nan
1706174960583,nan,nan
1706174960601,nan,nan
1706174960605,nan,nan
1706174960616,nan,nan
1706174960627,nan,nan
1706174960638,nan,nan
1706174960649,nan,nan
1706174960660,nan,nan
1706174960670,nan,nan
1706174960688,nan,nan
1706174960734,nan,nan
1706174960735,nan,nan
1706174960742,nan,nan
1706174960753,nan,nan
1706174960765,nan,nan
1706174960775,nan,nan
1706174960787,nan,nan
1706174960797,nan,nan
1706174960808,nan,nan
1706174960819,nan,nan
1706174960830,nan,nan
1706174960842,nan,nan
1706174960863,nan,nan
1706174960884,nan,nan
1706174960885,nan,nan
1706174960886,nan,nan
1706174960902,nan,nan
1706174960909,nan,nan
1706174960920,nan,nan
1706174960930,nan,nan
1706174960942,nan,nan
1706174960953,nan,nan
1706174960963,nan,nan
1706174960975,nan,nan
1706174960986,nan,nan
1706174960996,nan,nan
1706174961031,nan,nan
1706174961032,nan,nan
1706174961041,nan,nan
1706174961053,nan,nan
1706174961065,nan,nan
1706174961075,nan,nan
1706174961087,nan,nan
1706174961097,nan,nan
1706174961108,nan,nan
1706174961120,nan,nan
1706174961130,nan,nan
1706174961141,nan,nan
1706174961161,nan,nan
1706174961182,nan,nan
1706174961183,nan,nan
1706174961187,nan,nan
1706174961200,nan,nan
1706174961207,nan,nan
1706174961219,nan,nan
1706174961229,nan,nan
1706174961241,nan,nan
1706174961253,nan,nan
1706174961262,nan,nan
1706174961275,nan,nan
1706174961286,nan,nan
1706174961296,nan,nan
1706174961335,nan,nan
1706174961336,nan,nan
1706174961341,nan,nan
1706174961353,nan,nan
1706174961362,nan,nan
1706174961374,nan,nan
1706174961386,nan,nan
1706174961396,nan,nan
1706174961408,nan,nan
1706174961420,nan,nan
1706174961429,nan,nan
1706174961441,nan,nan
1706174961487,nan,nan
1706174961488,nan,nan
1706174961504,nan,nan
1706174961508,nan,nan
1706174961519,nan,nan
1706174961529,nan,nan
1706174961542,nan,nan
1706174961553,nan,nan
1706174961563,nan,nan
1706174961575,nan,nan
1706174961596,nan,nan
1706174961633,nan,nan
1706174961634,nan,nan
1706174961649,nan,nan
1706174961653,nan,nan
1706174961664,nan,nan
1706174961676,nan,nan
1706174961685,nan,nan
1706174961702,nan,nan
1706174961725,nan,nan
1706174961739,nan,nan
1706174961778,nan,nan
1706174961779,nan,nan
1706174961794,0.5105261206626892,0.5735800266265869
1706174961801,0.5105261206626892,0.5735800266265869
1706174961813,0.5105261206626892,0.5735800266265869
1706174961823,0.508709728717804,0.5816451907157898
1706174961834,0.508709728717804,0.5816451907157898
1706174961844,0.508709728717804,0.5816451907157898
1706174961855,0.4995526671409607,0.5768271684646606
1706174961866,0.4995526671409607,0.5768271684646606
1706174961877,0.4995526671409607,0.5768271684646606
1706174961888,nan,nan
1706174961910,nan,nan
1706174961931,0.5146514773368835,0.6021280288696289
1706174961932,0.5067338943481445,0.5970970988273621
1706174961935,0.5095638632774353,0.5743167996406555
1706174961947,0.5089700520038605,0.5709935426712036
1706174961960,0.5083945691585541,0.569150298833847
1706174961969,0.5105992257595062,0.5662328004837036
1706174961980,0.509451150894165,0.5619651079177856
1706174961991,0.5121917724609375,0.5661101341247559
1706174962001,0.5115570425987244,0.5596660077571869
1706174962012,0.5118065774440765,0.56275475025177
1706174962024,0.513034999370575,0.555460512638092
1706174962066,0.5149325430393219,0.5577833354473114
1706174962067,0.516391932964325,0.5593959987163544
1706174962068,0.5142127573490143,0.5631077587604523
1706174962084,0.5134547352790833,0.5625132620334625
1706174962091,0.5169214606285095,0.562391847372055
1706174962102,0.5402080118656158,0.5601133406162262
1706174962113,0.5509745478630066,0.5584782660007477
1706174962124,0.5589048266410828,0.5501026511192322
1706174962135,0.5564192235469818,0.5459097921848297
1706174962146,0.55569127202034,0.5436218976974487
1706174962157,0.5559352040290833,0.5478939414024353
1706174962168,0.5549152493476868,0.5502793490886688
1706174962180,0.555191308259964,0.5502302050590515
1706174962215,0.5548993349075317,0.5429601073265076
1706174962222,nan,nan
1706174962234,nan,nan
1706174962244,nan,nan
1706174962256,nan,nan
1706174962266,nan,nan
1706174962277,nan,nan
1706174962289,nan,nan
1706174962300,nan,nan
1706174962312,0.21401271224021912,0.46090303361415863
1706174962324,0.21852511912584305,0.382852241396904
1706174962335,0.232554093003273,0.3911667764186859
1706174962369,0.24072931706905365,0.3738211989402771
1706174962370,0.24677234888076782,0.3970497399568558
1706174962386,0.24578656256198883,0.40144918859004974
1706174962393,0.24489250034093857,0.39826439321041107
1706174962403,0.24473285675048828,0.39878225326538086
1706174962412,0.24711793661117554,0.3947967290878296
1706174962424,0.2481960654258728,0.3961256146430969
1706174962434,0.24809473752975464,0.3966473191976547
1706174962445,0.24750807881355286,0.39657162129879
1706174962456,0.24461306631565094,0.39724987745285034
1706174962468,0.24554521590471268,0.3984192758798599
1706174962479,0.2448214292526245,0.3975056856870651
1706174962521,0.24274598062038422,0.3962949216365814
1706174962522,0.24697663635015488,0.38382096588611603
1706174962524,0.26197265088558197,0.36202965676784515
1706174962538,0.26767584681510925,0.35106271505355835
1706174962546,0.2660510540008545,0.3526025861501694
1706174962557,0.2666766792535782,0.34918738901615143
1706174962568,0.2664517015218735,0.349522665143013
1706174962579,0.26615390181541443,0.3501182496547699
1706174962590,0.26720981299877167,0.35337938368320465
1706174962601,0.26724281907081604,0.3519454598426819
1706174962613,0.2679492086172104,0.35152462124824524
1706174962624,0.26832255721092224,0.35015447437763214
1706174962635,0.26600760221481323,0.35129261016845703
1706174962669,0.26464447379112244,0.3504101485013962
1706174962670,0.264634907245636,0.3496994823217392
1706174962679,0.2656473219394684,0.35076719522476196
1706174962690,0.2645571082830429,0.34905166923999786
1706174962702,0.2644585967063904,0.3448742479085922
1706174962713,0.2629842162132263,0.34519094228744507
1706174962724,0.26431775093078613,0.34431691467761993
1706174962735,0.26470597088336945,0.3467826843261719
1706174962746,0.26400429010391235,0.34582947194576263
1706174962758,0.28203538060188293,0.365985706448555
1706174962768,0.356105238199234,0.4161415845155716
1706174962780,0.42200151085853577,0.4599438011646271
1706174962802,0.4761579930782318,0.4862016290426254
1706174962831,0.5249312520027161,0.5085685849189758
1706174962834,0.5252819955348969,0.5041641592979431
1706174962846,0.5253034234046936,0.5030693858861923
1706174962859,0.5285035669803619,0.5051554441452026
1706174962868,0.5291314721107483,0.5071071088314056
1706174962879,0.5303479433059692,0.5108168423175812
1706174962890,0.5285598039627075,0.511419802904129
1706174962901,0.5292388498783112,0.5105684995651245
1706174962913,0.5288524925708771,0.5082367956638336
1706174962924,0.5302538573741913,0.5054762959480286
1706174962935,0.5283948481082916,0.5055135488510132
1706174962946,0.5280775725841522,0.5094038844108582
1706174962987,0.5286001265048981,0.5107768177986145
1706174962988,0.5289601683616638,0.5057998895645142
1706174962990,0.5289050042629242,0.49760185182094574
1706174963003,0.5285818576812744,0.5059044659137726
1706174963013,0.528518408536911,0.5085672438144684
1706174963023,0.5288737118244171,0.5119315683841705
1706174963034,0.5206136107444763,0.5148961842060089
1706174963045,0.512212336063385,0.5244481563568115
1706174963056,0.5020308494567871,0.528958261013031
1706174963067,0.4948008060455322,0.5312439799308777
1706174963079,0.4933310002088547,0.5272447764873505
1706174963090,0.49347081780433655,0.5263075828552246
1706174963101,0.49473410844802856,0.5266156792640686
1706174963136,0.4963468462228775,0.5276359915733337
1706174963137,0.49569782614707947,0.5282796919345856
1706174963153,0.4929841309785843,0.5324625670909882
1706174963157,0.49330392479896545,0.5340613424777985
1706174963168,0.49534933269023895,0.5343070030212402
1706174963179,0.4948381930589676,0.5324941277503967
1706174963190,0.49521441757678986,0.531080573797226
1706174963201,0.4928859919309616,0.5357850790023804
1706174963212,0.4941280335187912,0.5362082421779633
1706174963224,0.4942925125360489,0.5406629145145416
1706174963234,0.49099351465702057,0.5490004420280457
1706174963246,0.48758527636528015,0.5553446710109711
1706174963287,0.48466409742832184,0.55575892329216
1706174963290,0.4860294759273529,0.5468509495258331
1706174963304,0.4851338267326355,0.5518461465835571
1706174963312,0.4868010878562927,0.5530375242233276
1706174963324,0.4855310767889023,0.5520432591438293
1706174963334,0.48662783205509186,0.556185245513916
1706174963346,0.48455531895160675,0.5555417537689209
1706174963357,0.48562295734882355,0.554466038942337
1706174963367,0.48477940261363983,0.5522816777229309
1706174963378,0.4849998503923416,0.5535508394241333
1706174963389,0.4846261292695999,0.5549167990684509
1706174963400,0.4768529385328293,0.5434826016426086
1706174963436,0.4499998837709427,0.5072379112243652
1706174963445,0.26741451025009155,0.3500337153673172
1706174963458,0.2300284579396248,0.3352597802877426
1706174963468,0.19967254996299744,0.32495662569999695
1706174963478,0.19793979078531265,0.3212963789701462
1706174963490,0.19682110846042633,0.3216162621974945
1706174963500,0.1968458965420723,0.324538990855217
1706174963512,0.1962738260626793,0.32406820356845856
1706174963523,0.19664116203784943,0.3239271640777588
1706174963534,0.1973389908671379,0.32206960022449493
1706174963545,0.19696499407291412,0.32237160205841064
1706174963565,0.19642958045005798,0.3246684670448303
1706174963586,0.19676125049591064,0.32752957940101624
1706174963590,0.19675571471452713,0.3218946009874344
1706174963603,0.19663599878549576,0.31694257259368896
1706174963612,0.1968776285648346,0.3180789649486542
1706174963623,0.19784539192914963,0.3200904428958893
1706174963634,0.19710465520620346,0.32152117788791656
1706174963645,0.19620496034622192,0.3170620799064636
1706174963657,0.19581852108240128,0.313830628991127
1706174963668,0.1968793272972107,0.3135775178670883
1706174963679,0.19680644571781158,0.3161102384328842
1706174963690,0.19809852540493011,0.31720052659511566
1706174963701,0.19533147662878036,0.31667958199977875
1706174963734,0.19612562656402588,0.308269739151001
1706174963736,0.19881851971149445,0.28219927847385406
1706174963743,0.22977209091186523,0.3365057110786438
1706174963754,nan,nan
1706174963767,nan,nan
1706174963776,nan,nan
1706174963787,nan,nan
1706174963798,nan,nan
1706174963810,nan,nan
1706174963820,nan,nan
1706174963831,nan,nan
1706174963843,nan,nan
1706174963853,nan,nan
1706174963884,nan,nan
1706174963885,nan,nan
1706174963886,nan,nan
1706174963904,nan,nan
1706174963908,nan,nan
1706174963920,nan,nan
1706174963931,nan,nan
1706174963942,nan,nan
1706174963953,nan,nan
1706174963964,nan,nan
1706174963975,nan,nan
1706174963986,nan,nan
1706174963998,nan,nan
1706174964039,nan,nan
1706174964040,nan,nan
1706174964042,nan,nan
1706174964057,nan,nan
1706174964064,nan,nan
1706174964077,nan,nan
1706174964086,nan,nan
1706174964098,nan,nan
1706174964109,nan,nan
1706174964120,nan,nan
1706174964130,nan,nan
1706174964141,nan,nan
1706174964152,nan,nan
1706174964184,nan,nan
1706174964185,nan,nan
1706174964186,nan,nan
1706174964201,nan,nan
1706174964208,nan,nan
1706174964219,nan,nan
1706174964230,nan,nan
1706174964241,nan,nan
1706174964252,nan,nan
1706174964264,nan,nan
1706174964275,nan,nan
1706174964304,nan,nan
1706174964340,nan,nan
1706174964341,nan,nan
1706174964342,nan,nan
1706174964359,nan,nan
1706174964365,nan,nan
1706174964375,nan,nan
1706174964386,nan,nan
1706174964397,nan,nan
1706174964408,nan,nan
1706174964419,nan,nan
1706174964430,nan,nan
1706174964442,nan,nan
1706174964453,nan,nan
1706174964486,nan,nan
1706174964501,nan,nan
1706174964511,nan,nan
1706174964522,nan,nan
1706174964533,nan,nan
1706174964544,nan,nan
1706174964556,nan,nan
1706174964566,nan,nan
1706174964578,nan,nan
1706174964590,nan,nan
1706174964600,nan,nan
1706174964634,nan,nan
1706174964650,nan,nan
1706174964658,nan,nan
1706174964668,nan,nan
1706174964678,nan,nan
1706174964689,nan,nan
1706174964700,nan,nan
1706174964711,nan,nan
1706174964723,nan,nan
1706174964733,nan,nan
1706174964745,nan,nan
1706174964785,nan,nan
