timestamp,x,y
1706696959863,1407.8787262067087,872.1020616590977
1706696959874,1402.8464761756352,887.3355008661747
1706696959885,1404.026902919019,889.4032403826714
1706696959932,1399.7747310784403,884.7752705216408
1706696959933,1400.408003478056,886.1476339399815
1706696959949,1392.2072495080936,892.0331045985222
1706696959952,1397.2242356120921,887.1949873864651
1706696959964,1398.0771463886472,892.5149641931057
1706696959974,1396.9144261779268,895.0679183006287
1706696959986,1398.5410896850594,895.4502180218697
1706696959997,1398.4285584999145,891.0888075828552
1706696960008,1400.3709559685815,889.8045092821121
1706696960019,1400.1161541536587,890.9636676311493
1706696960031,1399.1323771627542,892.9129913449287
1706696960072,1397.9719279064632,893.4241116046906
1706696960075,1345.3071859744107,933.1954851746559
1706696960087,1313.4119258107655,949.5420187711716
1706696960098,1312.079403286063,950.4030779004097
1706696960108,1315.7830070217203,947.3280608654022
1706696960119,1312.7644253804874,950.3142058849335
1706696960131,1314.5763521525348,951.9600510597229
1706696960141,1316.0425825026996,949.5300427079201
1706696960153,1318.7089820017222,950.7922857999802
1706696960163,1320.298758237183,949.0257456898689
1706696960174,1315.332995639854,952.0487248897552
1706696960185,1312.938060813638,951.110203564167
1706696960225,1310.6754921903275,953.9249464869499
1706696960230,1310.102451244543,963.4914994239807
1706696960243,1314.529353238313,958.548329770565
1706696960252,1312.6629156068693,960.6800973415375
1706696960264,1282.189948917277,943.5202106833458
1706696960274,1200.8080527224897,871.7967286705971
1706696960285,1081.6859055882146,800.784307718277
1706696960296,934.3713430277015,675.4597887396812
1706696960307,679.0803301666035,541.1081209778786
1706696960318,813.3028350062148,612.7165917307138
1706696960330,794.9787446629524,591.7118933051825
1706696960341,789.8826511934616,581.9270744919777
1706696960380,779.847359623904,579.8966716974974
1706696960381,782.4964543861742,582.4145682156086
1706696960386,773.2708213591224,585.0135508924723
1706696960396,773.1319264258449,585.518753901124
1706696960408,785.7025503877154,584.8352830857038
1706696960419,794.2866936413949,591.6068337857723
1706696960430,790.9305183517138,590.753348171711
1706696960441,787.1783097864761,594.2995510995388
1706696960452,788.5021070916051,589.417465031147
1706696960464,783.8973151172547,586.592473089695
1706696960475,789.1260857277556,579.2817659676075
1706696960486,786.8237506716881,577.957009524107
1706696960497,790.9062665565608,577.4063654243946
1706696960508,783.6549536306749,574.6469374746084
1706696960542,747.6507157376057,539.87479172647
1706696960543,746.1903501942993,537.0998274534941
1706696960558,739.0362122744269,551.1198196560144
1706696960563,739.3639111652262,556.8561770021915
1706696960574,847.2189874643641,577.3144993931055
1706696960585,1054.0398600904628,634.91733931005
1706696960596,1207.0518162364488,694.3610459566116
1706696960607,1355.6194420720408,766.3174241781235
1706696960618,1490.1739329970835,847.0263227820396
1706696960630,1512.1508603206496,871.0102297365665
1706696960641,1521.0742866605183,868.6287768185139
1706696960652,1519.9815657402792,870.5051258206367
1706696960691,1513.1262543346284,866.7613178491592
1706696960692,1508.4902581516124,866.4121150970459
1706696960696,1528.5592128505164,877.1168187260628
1706696960709,1527.9731871418678,879.4661797583103
1706696960718,1499.7154853675079,877.1797850728035
1706696960729,1506.4149517391704,887.2094124555588
1706696960741,1487.1483799695166,898.5345497727394
1706696960751,1485.4197012007203,898.2071474194527
1706696960762,1489.8119588441843,897.1608981490135
1706696960774,1497.0107823020758,890.6034655869007
1706696960785,1497.8886470389746,894.3879015743732
1706696960796,1496.045135351896,897.5040137767792
1706696960807,1491.586052823471,910.2422699332237
1706696960819,1503.8580236031269,903.1050741672516
1706696960861,1501.0776834879646,899.5716258883476
1706696960862,1497.008851747915,895.2585726976395
1706696960879,1608.4016281331944,750.5856335163116
1706696960884,1703.4565670966442,609.4184674322605
1706696960898,1719.4935207239091,591.6634157299995
1706696960907,1726.6865773210916,564.9735767394304
1706696960917,1726.6865773210916,564.9735767394304
1706696960929,1710.3173952477707,560.0047845393419
1706696960940,1672.641232130529,564.7251088172197
1706696960951,1672.641232130529,564.7251088172197
1706696960962,1672.641232130529,564.7251088172197
1706696960974,1680.6794918106873,574.9902371317148
1706696961015,1680.6794918106873,574.9902371317148
1706696961016,1671.8951994810238,565.7326977699995
1706696961031,1694.0394775706657,578.3113155514002
1706696961040,1708.08185448543,574.4826275855303
1706696961051,1667.5988203940017,619.0833982080221
1706696961063,1662.915854904218,616.5074050426483
1706696961074,1652.1528287972928,617.9889969527721
1706696961085,1665.2992787327446,608.0215785652399
1706696961096,1669.6218142527755,607.6670814305544
1706696961107,1676.1215617953342,601.0367095470428
1706696961118,1740.1580955390511,594.5789288729429
1706696961140,1763.1432139133765,592.3840746283531
1706696961162,1798.5705239200056,592.7078954875469
1706696961163,1809.5151114181424,585.6463711708784
1706696961182,1818.7584291263508,578.8848429918289
1706696961185,1816.985585727893,583.7372295558453
1706696961196,1816.9770637913477,587.7786908298731
1706696961207,1818.8070322547585,582.9083614051342
1706696961218,1824.3545555938317,574.8571768403053
1706696961229,1824.4294694821276,566.0869613289833
1706696961240,1833.0351161616568,567.6958378404379
1706696961251,1829.9910956175934,574.4891677051783
1706696961263,1832.4078662630145,575.3798626363277
1706696961274,1807.104154881541,570.5437060445547
1706696961285,1623.802767740974,546.0052195936441
1706696961296,1517.044850448463,539.6347749978304
1706696961307,1316.7789615210436,535.0208975374699
1706696961352,1071.182450615565,539.5022667944431
1706696961354,1022.4443640203376,541.7620975524187
1706696961363,983.5530516094761,527.1946216002107
1706696961378,984.7319685494323,514.5022206008434
1706696961384,964.1009856353294,491.5625739842653
1706696961396,951.787398117636,490.05541261285543
1706696961407,956.1192284994174,499.24821611493826
1706696961418,999.351478455451,526.7407344654202
1706696961430,999.6392746703318,530.5228665471077
1706696961440,1032.0132610691992,550.7471779361367
1706696961450,969.5707850516054,526.0993285104632
1706696961463,981.7831210177914,501.52109880000353
1706696961474,971.5504132406165,499.0443045273423
1706696961484,971.5504132406165,499.0443045273423
1706696961519,958.0389033535482,493.3269588276744
1706696961520,943.8479152534688,479.475562274456
1706696961536,946.5476364718791,484.16924122720957
1706696961540,950.6252345444454,494.2918211221695
1706696961550,950.6252345444454,494.2918211221695
1706696961562,956.4202394077491,492.5426010042429
1706696961573,945.543850803392,478.5472474992275
1706696961584,1024.66557628157,542.3761680722237
1706696961596,1075.859899649858,542.755650728941
1706696961607,1198.9695205822964,545.4609669744968
1706696961617,1367.8485248528211,506.67497143149376
1706696961629,1439.4779006509887,501.49942580610514
1706696961640,1486.5323738524844,487.56846133619547
1706696961679,1489.6775761276242,482.9573018476367
1706696961680,1488.6553092551414,477.7573334053159
1706696961684,1496.1517343584653,494.6217078715563
1706696961697,1493.5528880445186,496.7938132584095
1706696961707,1496.335777631833,490.6425865367055
1706696961718,1472.1052117685233,507.81786795705557
1706696961729,1473.09659206788,510.8280960470438
1706696961740,1479.6760669996004,513.1700286641717
1706696961751,1476.67648804104,514.2682733014226
1706696961763,1480.4503469101435,517.2920381650329
1706696961774,1478.796992131163,514.4485618919134
1706696961785,1478.0162057936263,506.70375786721706
1706696961796,1480.5909900773504,502.9186777770519
1706696961843,1481.0362455083855,502.3076543584466
1706696961844,1479.7148707821332,504.20787408947945
1706696961851,1486.1522509075078,504.0747571736574
1706696961863,1483.2144375812356,499.89065900444984
1706696961873,1500.1607270762295,503.2253025099635
1706696961884,1595.4626167425702,494.1020691767335
1706696961895,1655.4233799355538,500.0857088714838
1706696961906,1714.7529051289,495.7969333976507
1706696961917,1741.01229965681,497.9739474132657
1706696961929,1740.853923258809,497.0769813284278
1706696961940,1738.1384261727155,499.5086105540395
1706696961951,1735.8468682192924,500.6691385060549
1706696961962,1733.028311036527,505.075122974813
1706696962004,1737.1603821082817,506.76927231252193
1706696962005,1738.3341291544402,500.68397764116526
1706696962006,1736.2712490865674,492.5116239115596
1706696962024,1736.5849547012776,494.13641542196274
1706696962029,1769.6518539211788,501.3438891619444
1706696962040,1814.0904680358012,505.93374371528625
1706696962051,1869.4246941509853,522.3416121676564
1706696962062,1874.875005794471,523.4682857990265
1706696962073,1874.4364405485921,524.7970838099718
1706696962084,1879.9790899913696,518.6299208551645
1706696962096,1882.9023341212758,515.8544292673469
1706696962107,1886.824471255735,515.2892716228962
1706696962118,1899.847145750253,506.65227212011814
1706696962160,1894.778212723539,505.23433312773705
1706696962161,1894.4834049822086,501.8099682405591
1706696962163,1891.3923393543,502.027989923954
1706696962178,1887.8158489701714,501.6210090368986
1706696962184,1890.9317856365194,502.2692807018757
1706696962196,1881.439525526651,504.1086008772254
1706696962207,1773.5897757767682,501.4010585844517
1706696962218,1470.312670103049,496.95580154657364
1706696962227,1363.0930208857203,500.4930790513754
1706696962240,1045.5172873957258,525.3859316930175
1706696962250,629.7392626937929,533.960173651576
1706696962261,565.409991839133,545.7992553710938
1706696962273,449.76676481727037,572.9204166680574
1706696962316,421.56496784193246,588.338727504015
1706696962317,418.5934003301739,589.3208920955658
1706696962318,415.0133076208587,590.1418965309858
1706696962335,415.9757370025968,588.2406823337078
1706696962341,419.9865718519232,589.6278247237206
1706696962351,424.0588351457556,587.2374251484871
1706696962363,421.9706355808288,587.1502164751291
1706696962373,418.904462066407,585.489472001791
1706696962385,417.2658418051614,587.3134646564722
1706696962396,415.4016694200126,586.98242418468
1706696962407,415.59806405412263,587.1371928602457
1706696962418,410.49494421335606,585.1121835410595
1706696962429,408.2565504279877,584.8480094224215
1706696962440,407.4514347157987,582.0705112069845
1706696962451,403.7189341950848,579.5329306274652
1706696962493,402.6449644875438,576.2038256973028
1706696962494,408.96104733238826,575.5961041897535
1706696962495,399.84758260219405,570.3724171966314
1706696962507,391.6136418068375,569.1619146615267
1706696962517,392.56884518693516,575.60701854527
1706696962530,396.01303866921296,575.1860655844212
1706696962540,436.49903746871587,574.7529029846191
1706696962551,619.847945814475,561.6190828382969
1706696962562,723.6960628748924,556.4355708658695
1706696962573,820.6248995413113,544.3819038569927
1706696962584,877.8726324238655,539.814281463623
1706696962595,881.1579246654403,537.9282001405954
1706696962607,883.5025168588018,532.1518128737807
1706696962618,883.6057972407998,537.401164881885
1706696962628,881.9436299565484,536.6715628653765
1706696962671,883.0779884868103,541.5469035506248
1706696962672,885.740034164194,540.3766751289368
1706696962673,894.5474397755526,538.4945079684258
1706696962687,891.6336720902999,531.1042612418532
1706696962694,890.2264957732136,532.582420296967
1706696962707,885.4950063614872,534.4893606379628
1706696962717,888.362009927765,539.2874266952276
1706696962728,890.2578187535108,540.3286717832088
1706696962740,894.7969575091106,539.5576525479555
1706696962751,887.6530419265044,537.7391878515482
1706696962762,886.8075330543066,536.0995713621378
1706696962773,887.168128763512,537.1834475547075
1706696962794,893.7545658957923,542.9505873471498
1706696962820,911.4977083469615,545.6022802740335
1706696962822,978.9700918647195,546.8892823904753
1706696962828,1136.6855819120424,531.28791898489
1706696962839,1147.7126832282001,524.3955034762621
1706696962850,1153.5472800112734,524.9607920646667
1706696962861,1153.3791267001193,525.7606118917465
1706696962872,1149.8682413161064,526.1655401438475
1706696962883,1150.5534826828948,529.5975457876921
1706696962894,1151.6247561771374,531.3202444463968
1706696962906,1155.5527983041034,535.4505706578493
1706696962917,1152.6345409632809,532.169546931982
1706696962928,1155.9117532179685,535.4897193610668
1706696962939,1154.0501323214403,537.3369988054037
1706696962950,1158.0760579249556,539.9598486721516
1706696962990,1158.6571034616986,537.6022133976221
1706696962991,1182.5837786355992,531.0069061815739
1706696962995,1414.560569722824,529.0648834779859
1706696963007,1525.0775568847205,531.079725176096
1706696963017,1598.8163060211218,539.1450092196465
1706696963029,1604.8497317157933,542.5800371915102
1706696963039,1603.7208826412234,539.965695142746
1706696963050,1601.297842942384,542.2269839793444
1706696963062,1607.233254140307,543.7969665974379
1706696963073,1605.6614725325826,548.1916297227144
1706696963084,1605.4256066016653,548.0280984193087
1706696963095,1605.9565523143194,550.7482502609491
1706696963106,1610.2174179846613,549.6430478990078
1706696963117,1610.2002953321917,554.4103421270847
1706696963160,1607.7553012908102,555.7823657989502
1706696963161,1605.6537871845799,561.6529796272516
1706696963162,1602.3740503263934,564.2433907836676
1706696963173,1569.531157524654,563.421593606472
1706696963185,1512.3304446451946,563.009587302804
1706696963195,1480.4513219226221,569.7131745517254
1706696963205,1471.5991467236313,571.3865108788013
1706696963216,1470.805812195685,577.7405060827732
1706696963228,1468.1344498007259,573.2046995311975
1706696963239,1468.9214999930825,575.4768248647451
1706696963250,1463.40760040015,575.0262927263975
1706696963261,1465.2576997467172,580.6250173598528
1706696963272,1463.388528695639,583.4427047520876
1706696963283,1471.122066888014,586.7355275899172
1706696963294,1470.7763843146172,585.8938410878181
1706696963313,1470.0298004690753,588.5371960699558
1706696963337,1468.163232598499,587.1841911226511
1706696963338,1464.006311993608,589.3838301301003
1706696963339,1462.6444321811423,584.3503162264824
1706696963354,1447.429225902884,590.0097846984863
1706696963360,1448.6249692459821,588.1124492734671
1706696963373,1299.9328755619124,609.2521615326405
1706696963383,1062.762927206512,600.7348377257586
1706696963393,1062.762927206512,600.7348377257586
1706696963404,949.6039861099817,609.3513038009405
1706696963415,980.3306041469765,626.9452307373285
1706696963426,980.3306041469765,626.9452307373285
1706696963438,980.4945578077258,626.6614574939013
1706696963450,988.1359052356222,631.2434200197458
1706696963459,988.1359052356222,631.2434200197458
1706696963472,995.8873973702201,632.0732790976763
1706696963508,999.4198942665064,636.2214773893356
1706696963509,999.4198942665064,636.2214773893356
1706696963516,1003.1298750089693,649.2064531892538
1706696963529,1003.1298750089693,649.2064531892538
1706696963539,1003.3452612655354,651.6022320836782
1706696963550,996.3204494329332,647.583094984293
1706696963560,996.3204494329332,647.583094984293
1706696963572,998.4863305936386,641.2931986153126
1706696963582,985.3802835152759,620.2081643044949
1706696963593,988.6971767429377,620.0574655085802
1706696963605,981.900521144955,629.1954848915339
1706696963615,985.2026072684677,636.722419410944
1706696963627,985.1864087583176,633.4454089403152
1706696963638,996.2198995796973,632.0627611130476
1706696963680,1093.1388282468229,626.3662248849869
1706696963681,1186.2641754344893,631.4855672419071
1706696963682,1587.6043091189633,631.4894247800112
1706696963700,1704.5571066094358,636.9814477860928
1706696963705,1771.4588495258984,631.7505765706301
1706696963716,1750.8652804611365,646.8099310994148
1706696963727,1749.6784472203892,645.4906176775694
1706696963738,1752.1481500468442,646.8576371669769
1706696963749,1767.3282540730047,633.0479692667723
1706696963760,1774.1796474852458,634.6276063472033
1706696963772,1770.5614011350772,634.7595766186714
1706696963783,1737.539504855483,649.7738651931286
1706696963794,1739.1948950893216,654.5897573232651
1706696963805,1741.0363773711692,657.3182754218578
1706696963816,1741.550036567172,657.5767304748297
1706696963828,1737.8613892218455,656.8108074367046
1706696963865,1741.7433692279258,656.7379955202341
1706696963866,1781.7649457048237,638.0718287080526
1706696963872,1769.6961598552925,629.8335216939449
1706696963883,1692.4297552984272,653.2881319522858
1706696963895,1669.240620158052,662.5847704708576
1706696963905,1632.6975733272698,676.0053507983685
1706696963917,1619.0990347569955,687.0842710137367
1706696963928,1609.0527616875256,685.3762309998274
1706696963939,1612.2272475613895,682.3317486792803
1706696963949,1623.9219436846333,689.5936880260706
1706696963959,1624.1026046970346,698.9771671593189
1706696963970,1624.7751343515502,722.5046530365944
1706696963980,nan,nan
1706696964034,nan,nan
1706696964036,nan,nan
1706696964053,nan,nan
1706696964057,nan,nan
1706696964070,nan,nan
1706696964078,nan,nan
1706696964098,nan,nan
1706696964116,nan,nan
1706696964128,nan,nan
1706696964139,nan,nan
1706696964149,nan,nan
1706696964161,nan,nan
1706696964207,nan,nan
1706696964208,nan,nan
1706696964224,nan,nan
1706696964228,nan,nan
1706696964240,nan,nan
1706696964249,nan,nan
1706696964262,nan,nan
1706696964273,nan,nan
1706696964282,nan,nan
1706696964295,nan,nan
1706696964306,nan,nan
1706696964316,nan,nan
1706696964359,nan,nan
1706696964360,nan,nan
1706696964375,nan,nan
1706696964381,nan,nan
1706696964394,nan,nan
1706696964405,nan,nan
1706696964415,nan,nan
1706696964427,nan,nan
1706696964439,nan,nan
1706696964448,nan,nan
1706696964461,nan,nan
1706696964473,nan,nan
1706696964514,nan,nan
1706696964515,nan,nan
1706696964533,nan,nan
1706696964540,nan,nan
1706696964551,nan,nan
1706696964561,nan,nan
1706696964572,nan,nan
1706696964582,nan,nan
1706696964594,nan,nan
1706696964606,nan,nan
1706696964616,nan,nan
1706696964627,nan,nan
1706696964640,nan,nan
1706696964679,nan,nan
1706696964680,nan,nan
1706696964684,nan,nan
1706696964696,nan,nan
1706696964706,nan,nan
1706696964716,nan,nan
1706696964727,nan,nan
1706696964745,nan,nan
1706696964761,nan,nan
1706696964772,nan,nan
1706696964783,nan,nan
1706696964794,nan,nan
1706696964828,nan,nan
1706696964829,nan,nan
1706696964847,nan,nan
1706696964851,nan,nan
1706696964864,nan,nan
1706696964874,1230.426561460536,832.489986717701
1706696964885,1227.45012870747,788.693268597126
1706696964897,1272.112180655303,822.1697486937046
1706696964908,1254.8965101032775,810.8302854001522
1706696964919,1257.4433532501744,806.2483228743076
1706696964931,1269.8088061800095,824.7520342469215
1706696964942,1291.8994293170351,843.7382988631725
1706696964953,1344.4830106062916,882.7291615307331
1706696964970,1341.791517376164,880.2486158907413
1706696964999,1345.2945859876493,873.40157777071
1706696965000,1340.7177672711655,886.9822919368744
1706696965009,1385.5429672135351,894.1816046833992
1706696965025,1385.763648538458,889.579002559185
1706696965031,1376.4214174933086,891.5609419345856
1706696965041,1367.3816502062532,892.9708331823349
1706696965052,1357.287433871928,916.5168210864067
1706696965064,1300.1139926284352,892.7056185901165
1706696965073,1300.1139926284352,892.7056185901165
1706696965085,1300.1139926284352,892.7056185901165
1706696965097,1330.9610155321514,902.9411181807518
1706696965108,1325.5353778451338,903.3237010240555
1706696965119,1326.8618442657119,880.395046621561
1706696965159,1312.3260805714708,856.5190091729164
1706696965164,1339.6429825616103,837.1844619512558
1706696965177,1336.0914299638887,838.6678092181683
1706696965186,1339.3227237145823,844.3346954882145
1706696965197,1339.3316792231676,843.651507794857
1706696965208,1340.455035451043,841.1073729395866
1706696965219,1339.0237065305562,843.7270306050777
1706696965230,1334.8692075532676,843.7676586210728
1706696965241,1334.121885023057,843.7450654804707
1706696965253,1339.1450808156749,845.2738538384438
1706696965264,1341.314226560986,841.6410863399506
1706696965275,1342.0935831479294,838.3461967110634
1706696965315,1337.1556963618837,836.9767919182777
1706696965316,1340.2689829298536,839.0213437378407
1706696965319,1338.0409253328864,842.2704242169857
1706696965332,1339.0848647540934,842.2596514225006
1706696965342,1337.8849113254375,838.7669868767262
1706696965353,1336.6525166266078,840.2567468583584
1706696965364,1334.244808295016,837.9870846867561
1706696965375,1337.5241377790899,839.546662569046
1706696965386,1339.0934582603875,841.3320302963257
1706696965397,1340.7933528738013,842.7239574491978
1706696965409,1341.1232210908872,841.9079713523388
1706696965420,1342.618421854303,839.1024865210056
1706696965431,1341.5509218255559,836.9921088218689
1706696965463,1330.0885652788793,839.5876869559288
1706696965481,1290.7177250274733,850.9647771716118
1706696965486,1290.9314760424504,850.6673291325569
1706696965498,1292.5677245565482,847.0415122807026
1706696965508,1294.41760715245,843.9280048012733
1706696965519,1298.0126980142315,844.364083558321
1706696965530,1297.3707723646914,845.1551973819733
1706696965541,1293.4504073117691,849.3862584233284
1706696965552,1291.6340076804968,845.678336173296
1706696965564,1289.47101263332,847.7986089885235
1706696965575,1289.7606616340438,845.987831056118
1706696965625,1292.2981791228244,849.023126065731
1706696965626,1296.1516032101347,847.369084507227
1706696965630,1298.5442367362218,848.002952337265
1706696965647,1297.8290457979638,846.5526595711708
1706696965653,1294.3028649841228,847.0468632876873
1706696965664,1293.4035801484492,848.9948138594627
1706696965675,1293.4535199348984,856.5442070364952
1706696965686,1369.4605496447377,829.0092416107655
1706696965697,1482.24494220086,805.9762142598629
1706696965708,1610.648129483658,771.6017700731754
1706696965719,1877.7458668873733,730.8221563696861
1706696965731,1943.9921389512433,719.9076876044273
1706696965742,1958.2633160309822,716.3024820387363
1706696965753,1960.541194114421,719.6625605225563
1706696965796,1958.5374279530176,720.0408115983009
1706696965797,1962.2066122668298,716.7913772165775
1706696965808,1958.1000975722968,718.8798695802689
1706696965819,1957.5313753189575,720.2452681958675
1706696965831,1956.6399837081767,724.5327696204185
1706696965841,1955.817142753717,724.2720991373062
1706696965852,1952.693290750867,727.2410020232201
1706696965863,1950.3310273662091,727.7219273149967
1706696965874,1947.9892482763562,726.8123410642147
1706696965885,1945.175569261031,727.6023648679256
1706696965897,1943.6658499459136,730.1245719194412
1706696965908,1940.786381484731,732.8983187675476
1706696965919,1947.959558143348,729.6064302325249
1706696965962,1950.7991994779768,728.1018912792206
1706696965963,1956.1630023604146,725.3995902836323
1706696965975,1940.2413851221058,730.9183470904827
1706696965986,1940.5593442760335,732.2549663484097
1706696966000,1932.3294341374246,731.4500786364079
1706696966008,1912.985233054734,726.9746266305447
1706696966019,1887.0324182861993,720.0712330639362
1706696966030,1882.5382958563155,717.1019196510315
1706696966041,1879.7447613973911,721.7538841068745
1706696966052,1879.4661231174969,720.4586148262024
1706696966064,1876.6574648739363,722.9343190789223
1706696966075,1881.2161390519989,719.3982802331448
1706696966132,1875.5197811132466,724.8648010194302
1706696966133,1878.5295984721029,721.9318971037865
1706696966141,1880.7303909667412,719.4792106747627
1706696966153,1881.4504565316597,717.6867790520191
1706696966165,1880.856405341026,716.6218437254429
1706696966175,1884.5714158511073,712.7287171781063
1706696966186,1879.6590948596054,715.6668163836002
1706696966196,1880.6465955743615,716.1199107766151
1706696966207,1878.9531147817418,720.6338673830032
1706696966219,1876.2184988731733,724.6171541512012
1706696966230,1875.22939298483,726.2749329209328
1706696966241,1884.3059302680338,730.6144297122955
1706696966252,1959.728405015272,750.559289008379
1706696966272,2069.148349166559,793.2413272559643
1706696966293,2138.908112622537,829.3857090175152
1706696966294,nan,nan
1706696966311,nan,nan
1706696966317,nan,nan
1706696966328,nan,nan
1706696966339,nan,nan
1706696966350,nan,nan
1706696966360,nan,nan
1706696966371,nan,nan
1706696966382,nan,nan
1706696966394,nan,nan
1706696966414,nan,nan
1706696966438,nan,nan
1706696966439,nan,nan
1706696966447,nan,nan
1706696966467,nan,nan
1706696966484,nan,nan
1706696966495,nan,nan
1706696966507,nan,nan
1706696966517,nan,nan
1706696966530,nan,nan
1706696966540,nan,nan
1706696966550,nan,nan
1706696966562,nan,nan
1706696966600,nan,nan
1706696966601,nan,nan
1706696966607,nan,nan
1706696966618,nan,nan
1706696966629,nan,nan
1706696966640,nan,nan
1706696966650,nan,nan
1706696966663,nan,nan
1706696966674,nan,nan
1706696966684,nan,nan
1706696966696,nan,nan
1706696966707,nan,nan
1706696966752,nan,nan
1706696966767,nan,nan
1706696966774,nan,nan
1706696966784,nan,nan
1706696966795,nan,nan
1706696966806,nan,nan
1706696966816,nan,nan
1706696966828,nan,nan
1706696966840,nan,nan
1706696966850,nan,nan
1706696966862,nan,nan
1706696966898,nan,nan
1706696966899,nan,nan
1706696966907,nan,nan
1706696966916,nan,nan
1706696966929,nan,nan
1706696966940,nan,nan
1706696966950,nan,nan
1706696966962,nan,nan
1706696966973,nan,nan
1706696966983,nan,nan
1706696966995,nan,nan
1706696967016,nan,nan
1706696967035,nan,nan
1706696967036,nan,nan
1706696967041,nan,nan
1706696967052,nan,nan
1706696967062,nan,nan
1706696967074,nan,nan
1706696967084,nan,nan
1706696967096,nan,nan
1706696967107,nan,nan
1706696967117,nan,nan
1706696967129,nan,nan
1706696967140,nan,nan
1706696967150,nan,nan
1706696967183,nan,nan
1706696967184,nan,nan
1706696967199,nan,nan
1706696967206,nan,nan
1706696967217,nan,nan
1706696967229,nan,nan
1706696967240,nan,nan
1706696967250,nan,nan
1706696967262,nan,nan
1706696967274,nan,nan
1706696967283,nan,nan
1706696967327,nan,nan
1706696967328,nan,nan
1706696967329,nan,nan
1706696967343,nan,nan
1706696967350,nan,nan
1706696967361,nan,nan
1706696967373,nan,nan
1706696967382,nan,nan
1706696967395,nan,nan
1706696967406,nan,nan
1706696967416,nan,nan
1706696967428,nan,nan
1706696967439,nan,nan
1706696967458,nan,nan
1706696967480,nan,nan
1706696967483,nan,nan
1706696967498,nan,nan
1706696967506,nan,nan
1706696967517,nan,nan
1706696967528,nan,nan
1706696967540,nan,nan
1706696967550,nan,nan
1706696967562,nan,nan
1706696967573,nan,nan
1706696967583,nan,nan
1706696967629,nan,nan
1706696967630,nan,nan
1706696967645,nan,nan
1706696967650,nan,nan
1706696967662,nan,nan
1706696967674,nan,nan
1706696967683,nan,nan
1706696967695,nan,nan
1706696967707,nan,nan
1706696967717,nan,nan
1706696967729,nan,nan
1706696967739,nan,nan
1706696967758,nan,nan
1706696967779,nan,nan
1706696967782,nan,nan
1706696967796,nan,nan
1706696967806,nan,nan
1706696967816,nan,nan
1706696967828,nan,nan
1706696967839,nan,nan
1706696967849,nan,nan
1706696967862,nan,nan
1706696967873,nan,nan
1706696967883,nan,nan
1706696967895,nan,nan
1706696967930,nan,nan
1706696967947,nan,nan
1706696967949,nan,nan
1706696967963,nan,nan
1706696967973,nan,nan
1706696967983,nan,nan
1706696967995,nan,nan
1706696968006,nan,nan
1706696968016,nan,nan
1706696968029,nan,nan
1706696968040,nan,nan
1706696968081,nan,nan
1706696968082,nan,nan
1706696968083,nan,nan
1706696968097,nan,nan
1706696968106,nan,nan
1706696968116,nan,nan
1706696968128,nan,nan
1706696968140,nan,nan
1706696968150,nan,nan
1706696968162,nan,nan
1706696968174,nan,nan
1706696968213,nan,nan
1706696968214,nan,nan
1706696968218,nan,nan
1706696968231,nan,nan
1706696968247,nan,nan
1706696968264,nan,nan
1706696968273,nan,nan
1706696968285,nan,nan
1706696968296,nan,nan
1706696968307,nan,nan
1706696968318,nan,nan
1706696968330,nan,nan
1706696968363,1421.881182927598,869.3532720208168
1706696968364,1421.881182927598,869.3532720208168
1706696968381,1440.5355638798621,868.0243253707886
1706696968385,1440.5355638798621,868.0243253707886
1706696968397,1440.5355638798621,868.0243253707886
1706696968408,1424.3919531126437,872.9545846581459
1706696968419,1417.1182476725269,855.8766759932041
1706696968430,1416.2412087843484,859.2161856591702
1706696968442,1414.939646215471,856.0560621321201
1706696968453,1407.1323167377002,862.9267551004887
1706696968464,1419.0368323705914,859.5657423138618
1706696968475,1508.5820782896478,823.7178318202496
1706696968520,1691.1829993083397,774.5784871280193
1706696968521,1944.091856868932,709.2749536037445
1706696968530,1944.091856868932,709.2749536037445
1706696968542,1909.2559245933935,732.8175157308578
1706696968554,1909.2559245933935,732.8175157308578
1706696968563,1909.2559245933935,732.8175157308578
1706696968574,nan,nan
1706696968585,1893.17746319273,780.8441340923309
1706696968597,1870.5821065567793,759.555846452713
1706696968609,1884.7480228272857,742.796266078949
1706696968620,1883.767647280679,747.7400727570057
1706696968631,1886.6046596483657,751.5892162919044
1706696968682,1881.3703019874208,754.5569017529488
1706696968683,1877.1050040898472,757.193560898304
1706696968686,1872.9331708407797,751.654164493084
1706696968698,1871.6169087491974,753.1576134264469
1706696968708,1873.7522370893782,752.556573599577
1706696968720,1867.9485175561445,756.6070310771465
1706696968731,1869.6776837326192,757.2582401335239
1706696968742,1873.3184678524344,758.0782324075699
1706696968753,1872.3565216832917,756.7187935113907
1706696968764,1875.5808065856766,754.3481133878231
1706696968775,1875.159153673455,750.8563548326492
1706696968786,1883.8246011481015,748.074397444725
1706696968798,1877.6244532850865,746.6867454349995
1706696968850,1876.618034895406,747.5176520645618
1706696968853,1872.653445706412,749.5525352656841
1706696968866,1871.2925347086084,749.4466051459312
1706696968875,1874.2490580091624,748.3328454196453
1706696968886,1879.442349063496,746.0648536682129
1706696968897,1883.239740206548,746.3618062436581
1706696968908,1885.022050742938,742.8035140037537
1706696968919,1885.8811270673611,741.9391140341759
1706696968930,1886.3741624244765,738.9855422079563
1706696968941,1890.961461326768,740.5926421284676
1706696968952,1891.87280514249,740.4778502881527
1706696968964,1834.5752222383278,750.0501647591591
1706696968995,1692.0215091388714,770.6656977534294
1706696968996,1432.9907340124453,804.3704591691494
1706696968997,1344.8633407605948,819.0039910376072
1706696969013,1304.3504139957452,834.9632419645786
1706696969019,1300.7615261787955,838.638024777174
1706696969031,1296.6309847830576,845.2131949365139
1706696969041,1296.1997804728771,842.8084269165993
1706696969052,1291.5565906089364,842.3214852809906
1706696969064,1294.081406611162,847.4703006446362
1706696969075,1289.4442178707618,849.6943518519402
1706696969086,1289.8321191609382,849.4409717619419
1706696969097,1288.1747917775776,844.5745281875134
1706696969108,1289.9105159039323,842.8611867129803
1706696969152,1290.714318212515,843.8412845134735
1706696969153,1285.310610941702,846.1946941912174
1706696969170,1290.2877656109076,856.2985137104988
1706696969175,1290.9136723923946,854.6623513102531
1706696969186,1302.148292448683,883.2912720739841
1706696969199,1295.3418974885917,879.5383900403976
1706696969207,1299.2388997652827,883.7090894579887
1706696969218,1318.8349632302698,916.3722589612007
1706696969229,nan,nan
1706696969240,nan,nan
1706696969250,nan,nan
1706696969261,nan,nan
1706696969272,nan,nan
1706696969283,nan,nan
1706696969327,nan,nan
1706696969328,nan,nan
1706696969350,nan,nan
1706696969367,nan,nan
1706696969384,nan,nan
1706696969396,nan,nan
1706696969407,nan,nan
1706696969417,nan,nan
1706696969437,nan,nan
1706696969461,nan,nan
1706696969462,nan,nan
1706696969477,nan,nan
1706696969484,nan,nan
1706696969496,nan,nan
1706696969507,nan,nan
1706696969517,nan,nan
1706696969529,nan,nan
1706696969541,nan,nan
1706696969551,nan,nan
1706696969562,nan,nan
1706696969600,nan,nan
1706696969601,nan,nan
1706696969607,nan,nan
1706696969616,nan,nan
1706696969630,nan,nan
1706696969641,nan,nan
1706696969650,nan,nan
1706696969662,nan,nan
1706696969673,nan,nan
1706696969684,nan,nan
1706696969695,nan,nan
1706696969707,nan,nan
1706696969717,nan,nan
1706696969750,nan,nan
1706696969751,nan,nan
1706696969767,nan,nan
1706696969774,nan,nan
1706696969783,nan,nan
1706696969795,nan,nan
1706696969807,nan,nan
1706696969817,nan,nan
1706696969829,nan,nan
1706696969840,nan,nan
1706696969850,nan,nan
1706696969862,nan,nan
1706696969898,nan,nan
1706696969899,nan,nan
1706696969908,nan,nan
1706696969917,nan,nan
1706696969929,nan,nan
1706696969941,nan,nan
1706696969951,nan,nan
1706696969963,nan,nan
1706696969974,nan,nan
1706696969983,nan,nan
1706696969995,nan,nan
1706696970007,nan,nan
1706696970016,nan,nan
1706696970050,nan,nan
1706696970051,nan,nan
1706696970067,nan,nan
1706696970074,nan,nan
1706696970083,nan,nan
1706696970095,nan,nan
1706696970107,nan,nan
1706696970116,nan,nan
1706696970129,nan,nan
1706696970140,nan,nan
1706696970150,nan,nan
1706696970162,nan,nan
1706696970199,nan,nan
1706696970200,nan,nan
1706696970207,nan,nan
1706696970221,nan,nan
1706696970229,nan,nan
1706696970240,nan,nan
1706696970250,nan,nan
1706696970262,nan,nan
1706696970274,nan,nan
1706696970284,nan,nan
1706696970296,nan,nan
1706696970307,nan,nan
1706696970317,nan,nan
1706696970351,nan,nan
1706696970368,nan,nan
1706696970373,nan,nan
1706696970384,nan,nan
1706696970395,nan,nan
1706696970407,nan,nan
1706696970416,nan,nan
1706696970428,nan,nan
1706696970440,nan,nan
1706696970449,nan,nan
1706696970462,nan,nan
1706696970501,nan,nan
1706696970502,nan,nan
1706696970507,nan,nan
1706696970520,nan,nan
1706696970529,nan,nan
1706696970541,nan,nan
1706696970549,nan,nan
1706696970562,nan,nan
1706696970574,nan,nan
1706696970583,nan,nan
1706696970595,nan,nan
1706696970607,nan,nan
1706696970616,nan,nan
1706696970654,nan,nan
1706696970655,nan,nan
1706696970662,nan,nan
1706696970674,nan,nan
1706696970685,nan,nan
1706696970696,nan,nan
1706696970707,nan,nan
1706696970717,nan,nan
1706696970728,nan,nan
1706696970740,nan,nan
1706696970750,nan,nan
1706696970761,nan,nan
1706696970802,nan,nan
1706696970803,nan,nan
1706696970806,nan,nan
1706696970823,nan,nan
1706696970829,nan,nan
1706696970840,nan,nan
1706696970850,nan,nan
1706696970862,nan,nan
1706696970873,nan,nan
1706696970884,nan,nan
1706696970896,nan,nan
1706696970907,nan,nan
1706696970917,nan,nan
1706696970951,nan,nan
1706696970953,nan,nan
1706696970968,nan,nan
1706696970973,nan,nan
1706696970984,nan,nan
1706696970995,nan,nan
1706696971006,nan,nan
1706696971016,nan,nan
1706696971029,nan,nan
1706696971040,nan,nan
1706696971049,nan,nan
1706696971062,nan,nan
1706696971099,nan,nan
1706696971107,nan,nan
1706696971116,nan,nan
1706696971129,nan,nan
1706696971141,nan,nan
1706696971149,nan,nan
1706696971162,nan,nan
1706696971174,nan,nan
1706696971182,nan,nan
1706696971195,nan,nan
1706696971207,nan,nan
1706696971216,nan,nan
1706696971250,nan,nan
1706696971251,nan,nan
1706696971266,nan,nan
1706696971273,nan,nan
1706696971285,nan,nan
1706696971294,nan,nan
1706696971306,nan,nan
1706696971316,nan,nan
1706696971328,nan,nan
1706696971340,nan,nan
1706696971349,nan,nan
1706696971362,nan,nan
1706696971399,nan,nan
1706696971400,nan,nan
1706696971406,nan,nan
1706696971416,nan,nan
1706696971430,nan,nan
1706696971439,nan,nan
1706696971450,nan,nan
1706696971463,nan,nan
1706696971473,nan,nan
1706696971483,nan,nan
1706696971497,nan,nan
1706696971536,nan,nan
1706696971538,nan,nan
1706696971554,nan,nan
1706696971561,nan,nan
1706696971572,nan,nan
1706696971583,nan,nan
1706696971594,nan,nan
1706696971605,nan,nan
1706696971616,nan,nan
1706696971627,nan,nan
1706696971637,nan,nan
1706696971655,nan,nan
1706696971697,nan,nan
1706696971698,nan,nan
1706696971716,nan,nan
1706696971720,nan,nan
1706696971731,nan,nan
1706696971743,nan,nan
1706696971753,nan,nan
1706696971765,nan,nan
1706696971776,nan,nan
1706696971786,nan,nan
1706696971798,nan,nan
1706696971809,nan,nan
1706696971847,1294.1053623926637,870.0804993510246
1706696971848,1329.6771828154815,904.0308974683285
1706696971854,1322.6617892852996,886.8613421916962
1706696971865,1322.5084970595894,883.3481937646866
1706696971878,1320.0237246604274,882.550299167633
1706696971888,1320.5147243408742,889.2888024449348
1706696971899,1318.047260378338,888.9912977814674
1706696971910,1321.0301811792258,884.5899388194084
1706696971921,1320.474646113067,881.2854796648026
1706696971932,1346.3500746763168,885.9886184334755
1706696971944,1377.8646123656617,888.4217977523804
1706696971955,1431.9462100056653,899.862477183342
1706696971965,1433.099501138649,895.8907276391983
1706696972002,1427.2383487079032,897.9755252599716
1706696972010,1436.802251920818,898.5857665538788
1706696972021,1437.2851343564184,897.9479491710663
1706696972032,1439.5244677906614,895.9927082061768
1706696972043,1438.9009272118149,896.2818041443825
1706696972054,1440.050375864194,897.4637538194656
1706696972066,1435.9772333340347,895.8295732736588
1706696972077,1436.9174199574088,893.6698898673058
1706696972088,1433.9071252584326,891.500523686409
1706696972099,1434.5187741931754,891.4344429969788
1706696972137,1435.9431876715576,891.4722114801407
1706696972138,1444.3749414698323,892.7764981985092
1706696972144,1511.8860715942599,898.3162343502045
1706696972159,1645.110999174394,910.1399213075638
1706696972166,1794.802265644708,918.7600255012512
1706696972177,1888.170229125646,926.0094225406647
1706696972188,1898.3176886253893,933.4129229187965
1706696972199,1896.7144714109602,937.6425683498383
1706696972210,1894.7642196903716,935.153104364872
1706696972221,1893.1489359357665,934.5839723944664
1706696972233,1894.8933495732067,932.2163075208664
1706696972243,1896.2520695544558,932.6271742582321
1706696972254,1900.2155752729448,936.2043932080269
1706696972265,1893.838769063545,940.228633582592
1706696972298,1895.9253503149725,944.9364438652992
1706696972299,1896.3356022503556,941.7424589395523
1706696972316,1900.5355338192967,943.2914763689041
1706696972321,1901.3317983486402,945.0271844863892
1706696972333,1904.3489772656962,937.4290660023689
1706696972343,1904.8543870709007,937.3280480504036
1706696972354,1900.0850172562173,942.1378955245018
1706696972365,1899.5185228600008,944.8894172906876
1706696972376,1900.4694494896676,944.7143629193306
1706696972387,1869.3881467727315,941.5546357631683
1706696972399,1842.7490269418447,941.7460829019547
1706696972437,1812.37277213546,938.6325895786285
1706696972443,1788.754769483731,946.9177603721619
1706696972457,1785.8363967200535,947.4227085709572
1706696972466,1791.2219747923318,941.8491959571838
1706696972477,1790.1244030463247,939.5790666341782
1706696972487,1791.575065938962,936.5636184811592
1706696972499,1789.6473270083086,937.9207640886307
1706696972510,1786.851134575715,939.1063660383224
1706696972521,1781.4975241663087,941.218513250351
1706696972532,1781.9952325707084,947.611890733242
1706696972543,1782.4901712984945,948.0930849909782
1706696972560,1782.2887767872307,945.9819853305817
1706696972586,1778.3705565091693,941.855226457119
1706696972588,1775.1377172640023,945.0135096907616
1706696972604,1781.4635363019966,946.6077134013176
1706696972609,1786.9947245764843,945.6319898366928
1706696972620,1771.5208959418032,1014.2751604318619
1706696972630,nan,nan
1706696972641,nan,nan
1706696972651,nan,nan
1706696972663,nan,nan
1706696972674,nan,nan
1706696972685,nan,nan
1706696972695,nan,nan
1706696972736,nan,nan
1706696972737,nan,nan
1706696972738,nan,nan
1706696972757,nan,nan
1706696972777,nan,nan
1706696972787,nan,nan
1706696972798,nan,nan
1706696972810,nan,nan
1706696972820,nan,nan
1706696972832,nan,nan
1706696972844,nan,nan
1706696972860,nan,nan
1706696972880,nan,nan
1706696972887,nan,nan
1706696972899,nan,nan
1706696972913,nan,nan
1706696972920,nan,nan
1706696972932,nan,nan
1706696972944,nan,nan
1706696972954,nan,nan
1706696972966,nan,nan
1706696972978,nan,nan
1706696973019,nan,nan
1706696973020,nan,nan
1706696973036,nan,nan
1706696973044,nan,nan
1706696973053,nan,nan
1706696973065,nan,nan
1706696973078,nan,nan
1706696973086,nan,nan
1706696973098,nan,nan
1706696973111,nan,nan
1706696973120,nan,nan
1706696973132,nan,nan
1706696973171,nan,nan
1706696973172,nan,nan
1706696973178,nan,nan
1706696973188,nan,nan
1706696973198,nan,nan
1706696973211,nan,nan
1706696973220,nan,nan
1706696973232,nan,nan
1706696973244,nan,nan
1706696973253,nan,nan
1706696973265,nan,nan
1706696973277,nan,nan
1706696973321,nan,nan
1706696973322,nan,nan
1706696973337,nan,nan
1706696973345,nan,nan
1706696973355,nan,nan
1706696973365,nan,nan
1706696973376,nan,nan
1706696973386,nan,nan
1706696973399,nan,nan
1706696973410,nan,nan
1706696973420,nan,nan
1706696973433,nan,nan
1706696973470,nan,nan
1706696973471,nan,nan
1706696973478,nan,nan
1706696973488,nan,nan
1706696973501,nan,nan
1706696973518,nan,nan
1706696973533,nan,nan
1706696973543,nan,nan
1706696973553,nan,nan
1706696973565,nan,nan
1706696973603,nan,nan
1706696973604,nan,nan
1706696973610,1443.9620500273543,1108.4031105041504
1706696973622,1443.9620500273543,1108.4031105041504
1706696973632,1443.9620500273543,1108.4031105041504
1706696973643,1486.4234909443385,1066.0357058048248
1706696973655,1486.4234909443385,1066.0357058048248
1706696973666,1486.4234909443385,1066.0357058048248
1706696973678,1604.2428625987911,1010.7969492673874
1706696973689,1613.6657970564308,996.9655022025108
1706696973700,1613.6657970564308,996.9655022025108
1706696973712,1646.015040925395,963.0741775035858
1706696973733,1647.1245091693518,959.1963961720467
1706696973755,1647.1245091693518,959.1963961720467
1706696973756,1632.6157528987299,967.1041652560234
1706696973771,1628.0886270022436,972.374963760376
1706696973779,1630.678958325774,972.8928506374359
1706696973790,1629.7156844287088,971.8303218483925
1706696973801,1609.2584375332833,963.6849850416183
1706696973812,1535.889463645797,939.3118277192116
1706696973823,1392.9953097485966,901.0069698095322
1706696973834,1384.2951447655105,901.7665863037109
1706696973845,1380.659338313343,901.3254255056381
1706696973857,1380.9855044363242,899.3444487452507
1706696973868,1382.4074537973283,901.347041875124
1706696973900,1379.712505840362,903.3857047557831
1706696973901,1379.865140783213,903.1286157667637
1706696973917,1377.43044697903,903.5987116396427
1706696973923,1375.876884294244,900.7213987410069
1706696973934,1375.6688843489576,897.78161495924
1706696973945,1374.0855084738098,900.6865464150906
1706696973956,1376.234267697711,898.4792985022068
1706696973967,1375.4165636400885,899.9678835272789
1706696973978,1373.3959212353745,898.2467986643314
1706696973989,1369.8874869929948,906.2115460634232
1706696974001,1372.0514992527224,906.0273751616478
1706696974011,1374.4611131466254,903.9664164185524
1706696974052,1374.4563819591845,900.7557980716228
1706696974056,1376.4335595712346,901.6069196164608
1706696974067,1376.4249933451918,898.3553618192673
1706696974078,1377.52451451755,899.9694123864174
1706696974089,1373.920033511983,900.9024694561958
1706696974101,1372.3379028688437,901.9568018615246
1706696974111,1367.7190409924874,901.4692232012749
1706696974122,1371.5198687040684,902.7811117470264
1706696974134,1375.4527337042057,902.5711767375469
1706696974145,1375.0519390003078,906.4133413136005
1706696974156,1371.7514246828462,901.3521946966648
1706696974167,1372.0503724404164,903.0192174017429
1706696974201,1376.695605725938,907.917795330286
1706696974202,1533.3183979926416,955.3016841411591
1706696974217,1832.1579876339185,964.1517400741577
1706696974220,nan,nan
1706696974233,nan,nan
1706696974243,nan,nan
1706696974253,nan,nan
1706696974265,nan,nan
1706696974276,nan,nan
1706696974286,nan,nan
1706696974296,nan,nan
1706696974313,nan,nan
1706696974352,nan,nan
1706696974353,nan,nan
1706696974354,nan,nan
1706696974369,nan,nan
1706696974377,nan,nan
1706696974387,nan,nan
1706696974400,nan,nan
1706696974411,nan,nan
1706696974421,nan,nan
1706696974433,nan,nan
1706696974445,nan,nan
1706696974455,nan,nan
1706696974466,nan,nan
1706696974503,nan,nan
1706696974504,nan,nan
1706696974511,nan,nan
1706696974522,nan,nan
1706696974533,nan,nan
1706696974544,nan,nan
1706696974554,nan,nan
1706696974566,nan,nan
1706696974577,nan,nan
1706696974587,nan,nan
1706696974599,nan,nan
1706696974611,nan,nan
1706696974651,nan,nan
1706696974652,nan,nan
1706696974654,nan,nan
1706696974667,nan,nan
1706696974679,nan,nan
1706696974686,nan,nan
1706696974699,nan,nan
1706696974710,nan,nan
1706696974720,nan,nan
1706696974732,nan,nan
1706696974743,nan,nan
1706696974753,nan,nan
1706696974765,nan,nan
1706696974807,nan,nan
1706696974808,nan,nan
1706696974810,nan,nan
1706696974822,nan,nan
1706696974832,nan,nan
1706696974844,nan,nan
1706696974854,nan,nan
1706696974866,nan,nan
1706696974877,nan,nan
1706696974887,nan,nan
1706696974899,nan,nan
1706696974910,nan,nan
1706696974921,nan,nan
1706696974956,nan,nan
1706696974972,nan,nan
1706696974977,nan,nan
1706696974989,nan,nan
1706696974999,nan,nan
1706696975011,nan,nan
1706696975021,nan,nan
1706696975033,nan,nan
1706696975044,nan,nan
1706696975054,nan,nan
1706696975065,nan,nan
1706696975108,nan,nan
1706696975109,nan,nan
1706696975110,nan,nan
1706696975125,nan,nan
1706696975132,nan,nan
1706696975145,nan,nan
1706696975153,nan,nan
1706696975165,nan,nan
1706696975177,nan,nan
1706696975186,nan,nan
1706696975199,nan,nan
1706696975210,nan,nan
1706696975220,nan,nan
1706696975256,nan,nan
1706696975257,nan,nan
1706696975272,nan,nan
1706696975277,nan,nan
1706696975288,nan,nan
1706696975299,nan,nan
1706696975310,nan,nan
1706696975320,nan,nan
1706696975332,nan,nan
1706696975344,nan,nan
1706696975353,nan,nan
1706696975365,nan,nan
1706696975377,nan,nan
1706696975387,nan,nan
1706696975424,nan,nan
1706696975439,nan,nan
1706696975443,nan,nan
1706696975454,nan,nan
1706696975465,nan,nan
1706696975477,nan,nan
1706696975486,nan,nan
1706696975498,nan,nan
1706696975510,nan,nan
1706696975520,nan,nan
1706696975532,nan,nan
1706696975550,nan,nan
1706696975572,nan,nan
1706696975577,nan,nan
1706696975589,nan,nan
1706696975599,nan,nan
1706696975610,nan,nan
1706696975620,nan,nan
1706696975632,nan,nan
1706696975644,nan,nan
1706696975653,nan,nan
1706696975665,nan,nan
1706696975677,nan,nan
1706696975687,nan,nan
1706696975722,nan,nan
1706696975738,nan,nan
1706696975745,nan,nan
1706696975754,nan,nan
1706696975767,nan,nan
1706696975777,nan,nan
1706696975787,nan,nan
1706696975800,nan,nan
1706696975816,nan,nan
1706696975832,nan,nan
1706696975849,nan,nan
1706696975872,nan,nan
1706696975875,nan,nan
1706696975888,nan,nan
1706696975898,nan,nan
1706696975908,nan,nan
1706696975925,nan,nan
1706696975947,nan,nan
1706696975963,nan,nan
1706696976012,nan,nan
1706696976013,nan,nan
1706696976031,1491.6444616453928,897.4375508725643
1706696976035,1491.6444616453928,897.4375508725643
1706696976047,1455.4978405682873,876.7644733190536
1706696976058,1458.2201475151865,892.4437023699284
1706696976068,1458.2201475151865,892.4437023699284
1706696976080,1449.2830176700122,896.5506002306938
1706696976092,1444.1667045905156,901.11965239048
1706696976102,1445.1122366844656,905.0555020570755
1706696976114,1445.16260549328,903.5316824913025
1706696976125,1445.1752367259148,904.8311844468117
1706696976164,1439.8335777182097,906.6704019904137
1706696976165,1438.0359169885592,906.3236340880394
1706696976170,1441.9037609766115,907.6190024614334
1706696976181,1439.7388579016942,910.9726116061211
1706696976191,1438.7200788735697,911.2096130847931
1706696976202,1434.1511138076555,914.1429558396339
1706696976213,1435.9388874556503,914.5047008991241
1706696976224,1434.4795934314407,913.7261152267456
1706696976235,1436.8437849930876,913.9755740761757
1706696976247,1436.4705152335007,911.5194618701935
1706696976258,1440.213033747011,906.6303685307503
1706696976269,1444.955419264508,910.6888666749
1706696976279,1444.0063160475459,911.2670868635178
1706696976323,1441.0954782148751,914.038710296154
1706696976324,1447.0701436654845,910.4078114032745
1706696976341,1497.1998366994899,913.003134727478
1706696976347,1499.812997019048,912.9798054695129
1706696976358,1504.0564848971248,911.2263455986977
1706696976369,1506.5028847372284,914.0452221035957
1706696976380,1505.5161055474262,911.4701703190804
1706696976391,1505.8747055411134,913.323600590229
1706696976402,1507.442423685235,913.5613948106766
1706696976413,1510.2953817493888,916.5128290653229
1706696976424,1507.4058467176635,912.4032273888588
1706696976436,1512.0316716625757,919.158661365509
1706696976475,1519.1743269666974,919.6411296725273
1706696976479,1456.465330551262,996.7931658029556
1706696976493,1388.5650293120877,1052.2725194692612
1706696976501,nan,nan
1706696976513,nan,nan
1706696976522,nan,nan
1706696976534,nan,nan
1706696976545,nan,nan
1706696976554,nan,nan
1706696976565,nan,nan
1706696976576,nan,nan
1706696976586,nan,nan
1706696976628,nan,nan
1706696976635,nan,nan
1706696976647,nan,nan
1706696976657,nan,nan
1706696976669,nan,nan
1706696976680,nan,nan
1706696976690,nan,nan
1706696976702,nan,nan
1706696976714,nan,nan
1706696976723,nan,nan
1706696976736,nan,nan
1706696976747,nan,nan
1706696976757,nan,nan
1706696976791,nan,nan
1706696976792,nan,nan
1706696976809,nan,nan
1706696976814,nan,nan
1706696976824,nan,nan
1706696976836,nan,nan
1706696976847,nan,nan
1706696976857,nan,nan
1706696976869,nan,nan
1706696976881,nan,nan
1706696976891,nan,nan
1706696976902,nan,nan
1706696976939,nan,nan
1706696976940,nan,nan
1706696976946,nan,nan
1706696976956,nan,nan
1706696976984,nan,nan
1706696976985,nan,nan
1706696976990,nan,nan
1706696977002,nan,nan
1706696977013,nan,nan
1706696977023,nan,nan
1706696977035,nan,nan
1706696977046,nan,nan
1706696977056,nan,nan
1706696977068,nan,nan
1706696977105,nan,nan
1706696977106,nan,nan
1706696977114,nan,nan
1706696977123,nan,nan
1706696977136,nan,nan
1706696977147,nan,nan
1706696977157,nan,nan
1706696977169,nan,nan
1706696977181,nan,nan
1706696977191,nan,nan
1706696977202,nan,nan
1706696977214,nan,nan
1706696977256,nan,nan
1706696977258,nan,nan
1706696977273,nan,nan
1706696977281,nan,nan
1706696977292,nan,nan
1706696977304,nan,nan
1706696977320,nan,nan
1706696977335,nan,nan
1706696977346,nan,nan
1706696977357,nan,nan
1706696977369,nan,nan
1706696977411,2154.483509211771,1172.554549574852
1706696977412,2154.483509211771,1172.554549574852
1706696977414,2053.309568320856,1121.648919582367
1706696977427,2053.309568320856,1121.648919582367
1706696977436,2053.309568320856,1121.648919582367
1706696977447,1869.9342017635784,1069.6669161319733
1706696977459,1874.240310602508,1066.9139504432678
1706696977471,1870.346279767582,1076.0958820581436
1706696977483,1860.4598150198867,1104.2809665203094
1706696977493,1857.9997542303215,1114.02900069952
1706696977504,1858.58098658453,1113.5434463620186
1706696977515,1862.2669997465207,1113.8021633028984
1706696977526,1861.8270809786138,1114.7622868418694
1706696977560,1856.4837888064258,1115.2525126934052
1706696977575,1864.768624997767,1109.6158921718597
1706696977582,1864.8757020728851,1108.9757531881332
1706696977593,1865.0216984515882,1106.1931163072586
1706696977605,1871.0157928048072,1106.31502866745
1706696977615,1868.2045699327011,1104.4971585273743
1706696977627,1871.5872952940351,1104.2848452925682
1706696977637,1871.5669402259964,1100.4161521792412
1706696977649,1834.626934737693,1093.4007555246353
1706696977660,1766.6920685920895,1086.0290497541428
1706696977671,1762.3984641931522,1089.874866604805
1706696977683,1762.7670101875267,1088.392524421215
1706696977694,1760.539620198118,1082.7079430222511
1706696977729,1757.8317884349156,1080.7330816984177
1706696977749,1751.2759332319756,1080.556271970272
1706696977761,1752.1099739611648,1084.2850178480148
1706696977772,1753.0183060557674,1082.61137008667
1706696977782,1750.4218532035018,1079.2315155267715
1706696977794,1752.7688648376402,1078.45788449049
1706696977805,1752.6721850457911,1078.2642856240273
1706696977816,1714.7102751821076,1040.9972116351128
1706696977827,1610.1042715831625,964.1295716166496
1706696977838,1551.0743547978966,925.587061047554
1706696977850,1514.9556920079258,912.1633663773537
1706696977860,1499.0948121090512,905.014406889677
1706696977896,1501.134543148976,905.3390629589558
1706696977897,1501.0343137917803,904.9066364765167
1706696977898,1500.0691764983299,903.4112423658371
1706696977904,1497.780428934898,903.8058437407017
1706696977915,1499.1520924826648,902.0432531833649
1706696977928,1500.7522022436333,902.1730080246925
1706696977937,1500.762041660405,900.2192109823227
1706696977948,1501.4459945973763,900.3442093729973
1706696977960,1502.9664569380411,898.4402701258659
1706696977971,1501.2524596671155,897.0835492014885
1706696977982,1498.540841916149,895.772297680378
1706696977993,1498.9283040193404,896.6264061629772
1706696978004,1502.835089440182,901.0192289948463
1706696978021,1509.4740244006123,900.4621721804142
1706696978045,1534.2245309157918,905.3988583385944
1706696978049,1552.455302552466,911.1676260828972
1706696978063,1551.276732778279,906.9732010364532
1706696978071,1551.662855614662,904.810955375433
1706696978083,1554.1727186935395,906.8232879042625
1706696978093,1554.3475957009164,910.9917789697647
1706696978104,1555.4592159139506,908.1414759159088
1706696978115,1554.5236997976756,908.6084291338921
1706696978126,1556.602711156068,910.110504925251
1706696978138,1554.6366496408552,909.8634101450443
1706696978149,1555.0603316724328,906.8323478102684
1706696978160,1551.7246032100907,903.8371004164219
1706696978171,1557.4404034623965,904.5338071882725
1706696978213,1560.6403598113434,907.0215441286564
1706696978215,1563.1362597886166,902.7065232396126
1706696978230,1560.7772556564512,903.8298666477203
1706696978237,1560.8534720262396,903.77327054739
1706696978250,1563.825252153043,904.8913478851318
1706696978259,1562.070968282358,905.1290288567543
1706696978270,1563.4773398251061,907.0290327072144
1706696978282,1559.274548028386,907.0173397660255
1706696978292,1605.8371803028858,916.7286530137062
1706696978303,1635.5990997394658,910.0866943597794
1706696978313,1731.5310491722144,888.3437693119049
1706696978324,nan,nan
1706696978362,nan,nan
1706696978363,nan,nan
1706696978370,nan,nan
1706696978381,nan,nan
1706696978393,nan,nan
1706696978401,nan,nan
1706696978418,nan,nan
1706696978437,nan,nan
1706696978448,nan,nan
1706696978458,nan,nan
1706696978470,nan,nan
1706696978491,nan,nan
1706696978511,nan,nan
1706696978512,nan,nan
1706696978515,nan,nan
1706696978528,nan,nan
1706696978537,nan,nan
1706696978548,nan,nan
1706696978558,nan,nan
1706696978570,nan,nan
1706696978581,nan,nan
1706696978591,nan,nan
1706696978603,nan,nan
1706696978614,nan,nan
1706696978625,nan,nan
1706696978662,nan,nan
1706696978663,nan,nan
1706696978670,nan,nan
1706696978681,nan,nan
1706696978692,nan,nan
1706696978703,nan,nan
1706696978715,nan,nan
1706696978724,nan,nan
1706696978737,nan,nan
1706696978748,nan,nan
1706696978758,nan,nan
1706696978770,nan,nan
1706696978791,nan,nan
1706696978811,nan,nan
1706696978812,nan,nan
1706696978814,nan,nan
1706696978827,nan,nan
1706696978836,nan,nan
1706696978847,nan,nan
1706696978857,nan,nan
1706696978869,nan,nan
1706696978881,nan,nan
1706696978891,nan,nan
1706696978902,nan,nan
1706696978914,nan,nan
1706696978924,nan,nan
1706696978936,nan,nan
1706696978977,nan,nan
1706696978978,nan,nan
1706696978982,nan,nan
1706696978995,nan,nan
1706696979003,nan,nan
1706696979015,nan,nan
1706696979024,nan,nan
1706696979036,nan,nan
1706696979047,nan,nan
1706696979058,nan,nan
1706696979070,nan,nan
1706696979081,nan,nan
1706696979091,nan,nan
1706696979129,nan,nan
1706696979136,nan,nan
1706696979150,nan,nan
1706696979158,nan,nan
1706696979170,nan,nan
1706696979180,nan,nan
1706696979190,nan,nan
1706696979202,nan,nan
1706696979214,nan,nan
1706696979224,nan,nan
1706696979236,nan,nan
1706696979259,nan,nan
1706696979282,nan,nan
1706696979298,nan,nan
1706696979303,nan,nan
1706696979314,nan,nan
1706696979324,nan,nan
1706696979336,nan,nan
1706696979348,nan,nan
1706696979358,nan,nan
1706696979369,nan,nan
1706696979380,nan,nan
1706696979390,nan,nan
1706696979402,nan,nan
1706696979444,nan,nan
1706696979445,nan,nan
1706696979448,nan,nan
1706696979461,nan,nan
1706696979469,nan,nan
1706696979481,nan,nan
1706696979491,nan,nan
1706696979503,nan,nan
1706696979515,nan,nan
1706696979524,nan,nan
1706696979536,nan,nan
1706696979548,nan,nan
1706696979557,nan,nan
1706696979594,nan,nan
1706696979595,nan,nan
1706696979602,nan,nan
1706696979613,nan,nan
1706696979624,nan,nan
1706696979636,nan,nan
1706696979648,nan,nan
1706696979658,nan,nan
1706696979670,nan,nan
1706696979681,nan,nan
1706696979692,nan,nan
1706696979704,nan,nan
1706696979743,nan,nan
1706696979744,nan,nan
1706696979748,nan,nan
1706696979762,nan,nan
1706696979771,nan,nan
1706696979789,nan,nan
1706696979804,nan,nan
1706696979815,nan,nan
1706696979826,nan,nan
1706696979837,nan,nan
1706696979849,nan,nan
1706696979861,nan,nan
1706696979903,nan,nan
1706696979904,1602.3433617220337,1023.6376106739044
1706696979906,1612.5586898957856,1021.7259138822556
1706696979919,1602.5574970919222,1024.2703035473824
1706696979929,1602.7701741384915,1023.825603723526
1706696979939,1603.9540552380936,1026.01957321167
1706696979950,1606.2364968508991,1021.6464981436729
1706696979962,1605.8604667432624,1019.8544204235077
1706696979972,1610.8728014541718,1016.5783300995827
1706696979983,1607.1751268039282,1023.0074942111969
1706696979994,1584.816992840437,1030.910563468933
1706696980006,1594.817343696564,1034.5168307423592
1706696980017,1606.8387894812145,1025.0706613063812
1706696980063,1613.2786673496635,1022.1434906125069
1706696980064,1608.1222485749558,1021.754452586174
1706696980079,1608.1889178078254,1026.2382000684738
1706696980084,1591.409124082618,996.8937590718269
1706696980096,1538.6073638744617,922.0482334494591
1706696980106,1517.5877943803525,891.5970966219902
1706696980117,1507.4405843432132,886.5847744047642
1706696980128,1503.5722454456038,892.057254910469
1706696980139,1499.7428582581442,892.1374775469303
1706696980150,1496.7641991397777,891.999427229166
1706696980161,1495.866761527178,888.8455606997013
1706696980172,1495.2243728375838,888.3691936731339
1706696980211,1495.6481756184983,887.0728626847267
1706696980212,1496.9423194329938,888.1059467792511
1706696980217,1499.3414703068138,890.0169216096401
1706696980228,1498.886760071675,888.120810687542
1706696980240,1498.9495526647652,883.6732037365437
1706696980251,1497.4959944209518,882.2016343474388
1706696980262,1497.9545628459678,882.7232018113136
1706696980273,1497.0523936366135,885.6721729040146
1706696980284,1496.2048472818615,881.1732642352581
1706696980295,1494.5067204720858,880.1466211676598
1706696980306,1496.9913172706742,879.1584260761738
1706696980316,1503.1993152890636,884.4832867383957
1706696980328,1599.8916565978159,929.3357104063034
1706696980339,1696.7695182249743,962.9488110542297
1706696980378,1822.013280645803,1005.480794608593
1706696980383,1931.683087914869,1050.839950144291
1706696980394,1936.4605657069212,1052.0062148571014
1706696980406,1936.625730465134,1048.6399784684181
1706696980417,1936.9104347256225,1050.2555012702942
1706696980428,1939.5210375102217,1051.99636220932
1706696980439,1941.171974685483,1054.1868776082993
1706696980450,1943.6162634681411,1054.055678844452
1706696980461,1939.2955736974973,1052.103240787983
1706696980473,1940.8231591492522,1050.088346004486
1706696980483,1942.7287512586315,1050.4158899188042
1706696980507,1948.2773501105828,1053.9010375738144
1706696980529,1943.0528256212096,1061.2948268651962
1706696980530,1947.233058315526,1062.7174019813538
1706696980545,1938.9752027350032,1057.7888697385788
1706696980549,1922.3087033385032,1064.3879354000092
1706696980561,1958.390985896704,1029.197108745575
1706696980571,1992.2168327452123,1008.8198512792587
1706696980582,1992.2168327452123,1008.8198512792587
1706696980593,nan,nan
1706696980604,nan,nan
1706696980615,nan,nan
1706696980625,nan,nan
1706696980636,nan,nan
1706696980648,nan,nan
1706696980659,nan,nan
1706696980692,nan,nan
1706696980693,nan,nan
1706696980698,nan,nan
1706696980718,nan,nan
1706696980727,nan,nan
1706696980738,nan,nan
1706696980750,nan,nan
1706696980760,nan,nan
1706696980772,nan,nan
1706696980783,nan,nan
1706696980793,nan,nan
1706696980805,nan,nan
1706696980822,nan,nan
1706696980842,nan,nan
1706696980843,nan,nan
1706696980850,nan,nan
1706696980860,nan,nan
1706696980874,nan,nan
1706696980883,nan,nan
1706696980894,nan,nan
1706696980905,nan,nan
1706696980917,nan,nan
1706696980927,nan,nan
1706696980939,nan,nan
1706696980950,nan,nan
1706696980960,nan,nan
1706696980997,nan,nan
1706696980998,nan,nan
1706696981006,nan,nan
1706696981017,nan,nan
1706696981029,nan,nan
1706696981039,nan,nan
1706696981051,nan,nan
1706696981059,nan,nan
1706696981072,nan,nan
1706696981083,nan,nan
1706696981093,nan,nan
1706696981105,nan,nan
1706696981142,nan,nan
1706696981143,nan,nan
1706696981150,nan,nan
1706696981159,nan,nan
1706696981172,nan,nan
1706696981183,nan,nan
1706696981193,nan,nan
1706696981205,nan,nan
1706696981216,nan,nan
1706696981226,nan,nan
1706696981239,nan,nan
1706696981250,nan,nan
1706696981260,nan,nan
1706696981295,nan,nan
1706696981311,nan,nan
1706696981317,nan,nan
1706696981327,nan,nan
1706696981339,nan,nan
1706696981350,nan,nan
1706696981361,nan,nan
1706696981372,nan,nan
1706696981384,nan,nan
1706696981395,nan,nan
1706696981406,nan,nan
1706696981440,nan,nan
1706696981441,nan,nan
1706696981457,nan,nan
1706696981472,nan,nan
1706696981482,nan,nan
1706696981493,nan,nan
1706696981504,nan,nan
1706696981515,nan,nan
1706696981527,nan,nan
1706696981538,nan,nan
1706696981549,nan,nan
1706696981596,nan,nan
1706696981597,nan,nan
1706696981613,nan,nan
1706696981626,nan,nan
1706696981641,nan,nan
1706696981653,1382.7095686738573,853.3265247941017
1706696981664,1384.388258104861,834.5417015254498
1706696981676,1384.9704469735436,846.0973002016544
1706696981687,1431.4350915259313,854.3919414281845
1706696981698,1516.794453572619,877.9811337590218
1706696981709,1542.7073853008749,883.7417900562286
1706696981745,1542.3890353840218,885.9050691127777
1706696981746,1551.5428117216284,882.0720210671425
1706696981753,1547.9200096905429,878.9620526134968
1706696981765,1543.2876513085487,882.4489273130894
1706696981776,1546.234608757931,880.0596177577972
1706696981787,1544.6177758350052,878.4748136997223
1706696981798,1547.6219727189198,882.9098075628281
1706696981808,1543.8292087985997,889.1387619078159
1706696981820,1545.0004250783693,890.2482323348522
1706696981831,1543.287431944974,891.4266854524612
1706696981842,1542.83694508089,892.4593165516853
1706696981878,1540.3520694621402,892.8938522934914
1706696981879,1545.5661658998365,889.9868823587894
1706696981886,1550.5762659421505,891.1146141588688
1706696981897,1543.4828182461806,890.5277870595455
1706696981909,1541.300679353837,885.4525126516819
1706696981920,1539.016294237165,886.1689247190952
1706696981931,1541.1478740607258,888.9835260808468
1706696981942,1546.9464156015329,891.4072632789612
1706696981953,1545.370335957862,888.6338278651237
1706696981964,1547.1642892850452,883.9595533907413
1706696981975,1545.6888072822999,880.9678874909878
1706696981985,1548.2475322631342,879.3665632605553
1706696982008,1493.033862339869,882.7764004468918
1706696982028,nan,nan
1706696982029,nan,nan
1706696982045,nan,nan
1706696982052,nan,nan
1706696982062,nan,nan
1706696982072,nan,nan
1706696982083,nan,nan
1706696982095,nan,nan
1706696982105,nan,nan
1706696982123,nan,nan
1706696982144,nan,nan
1706696982179,nan,nan
1706696982180,nan,nan
1706696982194,nan,nan
1706696982197,nan,nan
1706696982210,nan,nan
1706696982220,nan,nan
1706696982230,nan,nan
1706696982242,nan,nan
1706696982254,nan,nan
1706696982264,nan,nan
1706696982276,nan,nan
1706696982287,nan,nan
1706696982308,nan,nan
1706696982328,nan,nan
1706696982329,nan,nan
1706696982330,nan,nan
1706696982343,nan,nan
1706696982354,nan,nan
1706696982364,nan,nan
1706696982376,nan,nan
1706696982387,nan,nan
1706696982397,nan,nan
1706696982409,nan,nan
1706696982421,nan,nan
1706696982431,nan,nan
1706696982442,nan,nan
1706696982478,nan,nan
1706696982494,nan,nan
1706696982498,nan,nan
1706696982510,nan,nan
1706696982521,nan,nan
1706696982531,nan,nan
1706696982542,nan,nan
1706696982554,nan,nan
1706696982564,nan,nan
1706696982575,nan,nan
1706696982587,nan,nan
1706696982627,nan,nan
1706696982628,nan,nan
1706696982630,nan,nan
1706696982644,nan,nan
1706696982653,nan,nan
1706696982665,nan,nan
1706696982675,nan,nan
1706696982687,nan,nan
1706696982697,nan,nan
1706696982708,nan,nan
1706696982720,nan,nan
1706696982730,nan,nan
1706696982742,nan,nan
1706696982779,nan,nan
1706696982787,nan,nan
1706696982797,nan,nan
1706696982813,nan,nan
1706696982820,nan,nan
1706696982830,nan,nan
1706696982842,nan,nan
1706696982854,nan,nan
1706696982864,nan,nan
1706696982876,nan,nan
1706696982887,nan,nan
1706696982906,nan,nan
1706696982929,nan,nan
1706696982930,nan,nan
1706696982944,nan,nan
1706696982953,nan,nan
1706696982964,nan,nan
1706696982975,nan,nan
1706696982986,nan,nan
1706696982997,nan,nan
1706696983009,nan,nan
1706696983020,nan,nan
1706696983030,nan,nan
1706696983042,nan,nan
1706696983075,nan,nan
1706696983076,nan,nan
1706696983091,nan,nan
1706696983098,nan,nan
1706696983109,nan,nan
1706696983120,nan,nan
1706696983130,nan,nan
1706696983142,nan,nan
1706696983153,nan,nan
1706696983163,nan,nan
1706696983176,nan,nan
1706696983187,nan,nan
1706696983229,nan,nan
1706696983230,nan,nan
1706696983246,nan,nan
1706696983254,nan,nan
1706696983264,nan,nan
1706696983276,nan,nan
1706696983287,nan,nan
1706696983298,nan,nan
1706696983309,nan,nan
1706696983320,nan,nan
1706696983330,nan,nan
1706696983343,nan,nan
1706696983376,nan,nan
1706696983377,nan,nan
1706696983395,nan,nan
1706696983397,nan,nan
1706696983411,nan,nan
1706696983421,nan,nan
1706696983431,nan,nan
1706696983445,nan,nan
1706696983463,nan,nan
1706696983476,nan,nan
1706696983487,nan,nan
1706696983509,nan,nan
1706696983531,nan,nan
1706696983532,nan,nan
1706696983547,nan,nan
1706696983556,1490.3973684494767,817.5208136439323
1706696983566,1490.3973684494767,817.5208136439323
1706696983577,1490.3973684494767,817.5208136439323
1706696983589,1493.2881492689235,825.9517073631287
1706696983600,1493.8669530371894,821.761217713356
1706696983611,1489.1777073214155,822.8094629943371
1706696983622,1486.4355329613727,820.9147110581398
1706696983633,1487.1644726157438,816.4508245885372
1706696983677,1490.2672072431387,821.6354548931122
1706696983678,1488.2041842931505,822.2142696380615
1706696983694,1486.5440021948325,825.4204288125038
1706696983700,1485.8593185651548,826.4079868793488
1706696983712,1486.5478538641705,833.6125515401363
1706696983722,1482.9350944058665,833.372563123703
1706696983734,1480.917411813876,833.2679070532322
1706696983745,1479.596016830384,828.7503972649574
1706696983756,1479.870970861269,829.0212318301201
1706696983767,1481.9889368570102,832.8832715749741
1706696983778,1479.5540115345716,833.0929800868034
1706696983789,1479.1005837144987,832.7729672193527
1706696983809,1498.2018744147658,842.8115129470825
1706696983831,1542.254698790639,857.025146484375
1706696983832,1630.8640824749177,882.9279415309429
1706696983834,1763.666657019001,915.5082270503044
1706696983847,1802.271280295054,920.2916875481606
1706696983856,1809.2551742964413,918.2043418288231
1706696983867,1814.2866822149274,916.1778673529625
1706696983877,1817.066497906325,917.547045648098
1706696983889,1818.3074659227736,918.5729384422302
1706696983900,1817.8266818937066,918.8078448176384
1706696983911,1817.6683306353718,921.9447523355484
1706696983923,1817.8358369729199,921.9650521874428
1706696983933,1815.715395574016,922.2577437758446
1706696983977,1813.512790446772,923.1314018368721
1706696983978,1808.703457847301,923.2912808656693
1706696983994,1808.0622245143513,922.8424474596977
1706696984000,1806.447803154406,922.9259118437767
1706696984011,1803.112513951382,928.1633868813515
1706696984022,1814.8121907016323,930.0282269716263
1706696984033,1867.379683603285,963.5963395237923
1706696984045,1899.6272866931379,983.6768567562103
1706696984056,1941.1501296671256,1005.8045729994774
1706696984067,1943.6787883405202,1010.2165773510933
1706696984077,1945.1931295847155,1013.2348001003265
1706696984088,1928.5253203210718,1019.1135749220848
1706696984107,1955.528246180102,989.4533395767212
1706696984127,1954.463692279559,974.7621357440948
1706696984133,1910.5801013760515,1019.1226914525032
1706696984145,1919.7427044528238,1018.6198949813843
1706696984155,1919.1020934000157,1018.992568552494
1706696984167,1923.898881961492,1023.0011805891991
1706696984178,1923.6446825261257,1020.8445832133293
1706696984188,1925.60464184434,1020.6889227032661
1706696984200,1926.392627343381,1016.4473578333855
1706696984211,1926.0624766827673,1010.1856604218483
1706696984222,1923.6232489088195,1008.67690294981
1706696984234,1931.529002460734,1004.6770676970482
1706696984244,1931.1640660905996,1013.6055767536163
1706696984278,1931.8618311439734,1014.6302238106728
1706696984288,1940.8584023281055,1014.5155310630798
1706696984298,1933.6887832824102,1026.7992064356804
1706696984310,1973.8391197122344,1003.7328273057938
1706696984320,nan,nan
1706696984331,nan,nan
1706696984342,nan,nan
1706696984353,nan,nan
1706696984364,nan,nan
1706696984374,nan,nan
1706696984386,nan,nan
1706696984397,nan,nan
1706696984430,nan,nan
1706696984431,nan,nan
1706696984437,nan,nan
1706696984457,nan,nan
1706696984468,nan,nan
1706696984479,nan,nan
1706696984490,nan,nan
1706696984500,nan,nan
1706696984512,nan,nan
1706696984523,nan,nan
1706696984534,nan,nan
1706696984546,nan,nan
1706696984557,nan,nan
1706696984597,nan,nan
1706696984598,nan,nan
1706696984600,nan,nan
1706696984615,nan,nan
1706696984623,nan,nan
1706696984633,nan,nan
1706696984645,nan,nan
1706696984656,nan,nan
1706696984666,nan,nan
1706696984678,nan,nan
1706696984689,nan,nan
1706696984700,nan,nan
1706696984712,nan,nan
1706696984747,nan,nan
1706696984748,nan,nan
1706696984756,nan,nan
1706696984767,nan,nan
1706696984779,nan,nan
1706696984790,nan,nan
1706696984800,nan,nan
1706696984812,nan,nan
1706696984823,nan,nan
1706696984833,nan,nan
1706696984845,nan,nan
1706696984857,nan,nan
1706696984898,nan,nan
1706696984900,nan,nan
1706696984916,nan,nan
1706696984923,nan,nan
1706696984935,nan,nan
1706696984945,nan,nan
1706696984957,nan,nan
1706696984967,nan,nan
1706696984979,nan,nan
1706696984990,nan,nan
1706696985000,nan,nan
1706696985012,nan,nan
1706696985046,nan,nan
1706696985047,nan,nan
1706696985057,nan,nan
1706696985066,nan,nan
1706696985081,nan,nan
1706696985090,nan,nan
1706696985100,nan,nan
1706696985112,nan,nan
1706696985124,nan,nan
1706696985133,nan,nan
1706696985146,nan,nan
1706696985158,nan,nan
1706696985167,nan,nan
1706696985213,nan,nan
1706696985214,nan,nan
1706696985228,nan,nan
1706696985235,nan,nan
1706696985247,nan,nan
1706696985258,1092.33323452806,876.0850369930267
1706696985269,1092.33323452806,876.0850369930267
1706696985280,1085.5048732261125,884.5173746347427
1706696985292,1061.602992040327,891.4612263441086
1706696985303,1047.0493528675252,862.2218519449234
1706696985314,1042.528241361198,859.1255724430084
1706696985325,1046.4779022882403,854.3592974543571
1706696985361,1045.825279462947,852.0059019327164
1706696985362,1043.086076813293,848.0744406580925
1706696985369,1048.4404509721212,847.7048248052597
1706696985380,1050.0046057373293,848.6459791660309
1706696985391,1049.061231313216,849.3223011493683
1706696985402,1043.7494031782226,848.4919041395187
1706696985413,1048.8818206853227,850.5367815494537
1706696985424,1048.8595140394873,850.8223384618759
1706696985435,1052.2124199239756,852.3609086871147
1706696985446,1046.5778599484606,852.2932425141335
1706696985458,1048.5268628571253,851.9837900996208
1706696985494,1050.8698304090278,854.4764250516891
1706696985509,1056.904286319195,847.0763504505157
1706696985513,1052.8899603231953,845.6848055124283
1706696985524,1042.5272840518846,844.1126003861427
1706696985535,1046.9164394539669,842.4830913543701
1706696985546,1042.3915873327755,836.119045317173
1706696985557,1042.3915873327755,836.119045317173
1706696985568,nan,nan
1706696985578,nan,nan
1706696985590,nan,nan
1706696985600,nan,nan
1706696985624,nan,nan
1706696985645,nan,nan
1706696985646,nan,nan
1706696985663,nan,nan
1706696985666,nan,nan
1706696985685,nan,nan
1706696985704,nan,nan
1706696985716,nan,nan
1706696985728,nan,nan
1706696985737,nan,nan
1706696985749,nan,nan
1706696985761,nan,nan
1706696985795,nan,nan
1706696985796,nan,nan
1706696985804,nan,nan
1706696985815,nan,nan
1706696985828,nan,nan
1706696985837,nan,nan
1706696985849,nan,nan
1706696985861,nan,nan
1706696985871,nan,nan
1706696985882,nan,nan
1706696985894,nan,nan
1706696985905,nan,nan
1706696985947,nan,nan
1706696985948,nan,nan
1706696985949,nan,nan
1706696985963,nan,nan
1706696985971,nan,nan
1706696985983,nan,nan
1706696985994,nan,nan
1706696986004,nan,nan
1706696986016,nan,nan
1706696986027,nan,nan
1706696986038,nan,nan
1706696986049,nan,nan
1706696986061,nan,nan
1706696986097,nan,nan
1706696986098,nan,nan
1706696986104,nan,nan
1706696986117,nan,nan
1706696986128,nan,nan
1706696986137,nan,nan
1706696986149,nan,nan
1706696986160,nan,nan
1706696986170,nan,nan
1706696986182,nan,nan
1706696986194,nan,nan
1706696986203,nan,nan
1706696986247,nan,nan
1706696986248,nan,nan
1706696986249,nan,nan
1706696986265,nan,nan
1706696986271,nan,nan
1706696986282,nan,nan
1706696986294,nan,nan
1706696986304,nan,nan
1706696986315,nan,nan
1706696986327,nan,nan
1706696986337,nan,nan
1706696986349,nan,nan
1706696986361,nan,nan
1706696986395,nan,nan
1706696986396,nan,nan
1706696986404,nan,nan
1706696986415,nan,nan
1706696986428,nan,nan
1706696986437,nan,nan
1706696986449,nan,nan
1706696986461,nan,nan
1706696986471,nan,nan
1706696986482,nan,nan
1706696986494,nan,nan
1706696986503,nan,nan
1706696986547,nan,nan
1706696986548,nan,nan
1706696986565,nan,nan
1706696986570,nan,nan
1706696986583,nan,nan
1706696986593,nan,nan
1706696986603,nan,nan
1706696986615,nan,nan
1706696986626,nan,nan
1706696986637,nan,nan
1706696986649,nan,nan
1706696986660,nan,nan
1706696986695,nan,nan
1706696986696,nan,nan
1706696986704,nan,nan
1706696986715,nan,nan
1706696986727,nan,nan
1706696986737,nan,nan
1706696986749,nan,nan
1706696986760,nan,nan
1706696986770,nan,nan
1706696986783,nan,nan
1706696986794,nan,nan
1706696986804,nan,nan
1706696986846,nan,nan
1706696986847,nan,nan
1706696986849,nan,nan
1706696986864,nan,nan
1706696986869,nan,nan
1706696986882,nan,nan
1706696986893,nan,nan
1706696986902,nan,nan
1706696986915,nan,nan
1706696986927,nan,nan
1706696986936,nan,nan
1706696986948,nan,nan
1706696986960,nan,nan
1706696986998,nan,nan
1706696986999,nan,nan
1706696987004,nan,nan
1706696987017,nan,nan
1706696987027,nan,nan
1706696987037,nan,nan
1706696987049,nan,nan
1706696987060,nan,nan
1706696987071,nan,nan
1706696987082,nan,nan
1706696987102,nan,nan
1706696987146,nan,nan
1706696987147,nan,nan
1706696987149,nan,nan
1706696987163,nan,nan
1706696987171,nan,nan
1706696987183,nan,nan
1706696987193,nan,nan
1706696987210,nan,nan
1706696987232,nan,nan
1706696987246,nan,nan
1706696987264,nan,nan
1706696987274,nan,nan
1706696987324,nan,nan
1706696987325,nan,nan
1706696987331,1476.4003228595968,874.3070021271706
1706696987341,1482.7560592399816,864.2305888235569
1706696987355,1486.896117566304,865.2738228440285
1706696987364,1487.7021326122242,862.0989203453064
1706696987375,1484.7378731792867,869.1126465797424
1706696987386,1483.042694226825,865.675063431263
1706696987398,1479.7369316678585,866.6431002318859
1706696987409,1480.7440580556267,864.5843639969826
1706696987420,1476.8678359037528,865.9816563129425
1706696987431,1479.78305586618,869.2802973091602
1706696987442,1475.0889692055462,874.4375355541706
1706696987459,1473.406457839666,875.6044797599316
1706696987482,1474.5386278445394,873.2162460684776
1706696987483,1474.1421015322485,869.0881706774235
1706696987486,1475.1363021798493,868.9027823507786
1706696987501,1473.9668916232704,867.1457834541798
1706696987509,1475.1744744088653,867.0462094247341
1706696987520,1473.2674322335017,869.2919194698334
1706696987531,1470.1465886680292,873.1482826173306
1706696987542,1469.484175264487,877.1342732012272
1706696987553,1473.0514577446197,877.7332320809364
1706696987565,1471.4745888738391,878.7491872906685
1706696987576,1473.493041998189,877.5836870074272
1706696987587,1476.0179825367236,878.3456958830357
1706696987628,1478.83573863173,876.8657602369785
1706696987630,1477.6562726008603,874.2168419063091
1706696987644,1464.2078567378373,868.9476996660233
1706696987653,1438.1011560811191,865.9868232905865
1706696987664,1409.4410396756964,863.0745589733124
1706696987675,1377.9495182837948,858.3464063704014
1706696987686,1376.0890037442975,855.0953298807144
1706696987697,1375.9786704274397,853.366756439209
1706696987708,1377.14253315414,847.444961220026
1706696987719,1382.801407533739,849.1243988275528
1706696987731,1386.331495147732,843.1419871747494
1706696987742,1383.2633755071656,846.1854077875614
1706696987780,1380.3623503723134,842.8287975490093
1706696987781,1379.71954170069,846.1696803569794
1706696987786,1380.745754667219,847.2701758146286
1706696987798,1381.035552685532,846.2744355201721
1706696987808,1380.1430748641928,846.4082390069962
1706696987819,1336.5798391411763,866.6149154305458
1706696987831,1206.7315925218622,922.0934480428696
1706696987842,950.4778614702492,1025.365249812603
1706696987852,853.4970886695648,1055.6911617517471
1706696987864,805.5329729546365,1074.2510586977005
1706696987875,773.0507665576124,1085.9777197241783
1706696987886,773.7411108998348,1084.1090857982635
1706696987930,770.5376306988337,1082.0003360509872
1706696987931,774.7886401184766,1084.083916246891
1706696987945,767.2250186083005,1083.1482261419296
1706696987953,766.7135474911154,1085.944651067257
1706696987965,763.9700886189437,1085.632310807705
1706696987975,765.6357189104549,1084.8144561052322
1706696987986,766.7579374001233,1083.9704975485802
1706696987997,768.9116521825495,1086.4867731928825
1706696988008,767.9566948816521,1086.9063317775726
1706696988019,768.9326770998123,1089.7160068154335
1706696988030,769.8440710363653,1090.6945049762726
1706696988041,773.5510792951968,1090.2617812156677
1706696988081,776.315366866919,1089.2397671937943
1706696988086,776.1381047367631,1087.83590644598
1706696988097,778.1374580444466,1092.7409678697586
1706696988108,780.9034590807933,1094.1696301102638
1706696988119,778.385815604732,1097.4557146430016
1706696988130,776.4502298707364,1095.1392099261284
1706696988141,752.7764908449964,1087.0553955435753
1706696988153,739.0048470160651,1080.4751574993134
1706696988164,728.5576302455172,1075.2505645155907
1706696988175,735.4854018568806,1075.987333059311
1706696988186,734.0373993980977,1077.0693972706795
1706696988197,732.2113096152016,1078.6158382892609
1706696988229,725.268404532382,1076.4275595545769
1706696988230,727.9724926208389,1076.2912079691887
1706696988231,728.7710873617259,1074.4294822216034
1706696988246,734.1518843091872,1074.4579076766968
1706696988253,730.3457093405182,1074.366657435894
1706696988264,731.0110624609374,1074.3089854717255
1706696988275,729.0506749451897,1072.219204902649
1706696988286,730.5876300937313,1071.38379663229
1706696988297,728.043046216392,1068.795607984066
1706696988308,726.2085247227118,1070.6006810069084
1706696988320,727.15001838838,1069.134646654129
1706696988331,728.410524445575,1070.0594648718834
1706696988342,725.8301404831097,1065.7181560993195
1706696988383,724.362997811483,1066.150851547718
1706696988385,726.437305128458,1072.160966694355
1706696988399,727.2676836028363,1073.8420888781548
1706696988408,725.7910407147898,1069.7376683354378
1706696988419,725.823370825399,1070.7635894417763
1706696988430,724.0173079945539,1067.472493648529
1706696988441,721.5105392111299,1064.6977558732033
1706696988452,719.575957590037,1061.1595794558525
1706696988463,721.7457435969632,1061.0251247882843
1706696988474,724.3501266401679,1062.190681695938
1706696988486,721.9560337464815,1061.5280628204346
1706696988497,723.7245543614756,1060.5302274227142
1706696988530,719.6290985244443,1059.019148349762
1706696988531,717.4242629831751,1055.8666408061981
1706696988546,711.0325824566748,1053.6521166563034
1706696988553,711.1882266397163,1056.9942310452461
1706696988565,713.5810187314514,1058.306246995926
1706696988575,711.2568797019992,1056.035239994526
1706696988586,713.3021160188647,1056.681041419506
1706696988596,713.3563956339581,1056.021735072136
1706696988607,706.6685847659099,1060.385212302208
1706696988619,707.4335051433284,1058.0340534448624
1706696988630,711.5657105346249,1059.559628367424
1706696988641,731.0520155713276,1063.0944639444351
1706696988682,807.7001638521314,1078.5184726119041
1706696988683,1359.7862498035834,1317.6001340150833
1706696988700,nan,nan
1706696988706,nan,nan
1706696988717,nan,nan
1706696988728,nan,nan
1706696988739,nan,nan
1706696988750,nan,nan
1706696988761,nan,nan
1706696988771,nan,nan
1706696988783,nan,nan
1706696988794,nan,nan
1706696988805,nan,nan
1706696988846,nan,nan
1706696988847,nan,nan
1706696988849,nan,nan
1706696988864,nan,nan
1706696988879,nan,nan
1706696988898,nan,nan
1706696988909,nan,nan
1706696988921,nan,nan
1706696988930,nan,nan
1706696988941,nan,nan
1706696988953,nan,nan
1706696988964,nan,nan
1706696988996,nan,nan
1706696988997,nan,nan
1706696989012,nan,nan
1706696989020,nan,nan
1706696989032,nan,nan
1706696989041,nan,nan
1706696989053,nan,nan
1706696989064,nan,nan
1706696989075,nan,nan
1706696989086,nan,nan
1706696989098,nan,nan
1706696989108,nan,nan
1706696989152,nan,nan
1706696989167,nan,nan
1706696989175,nan,nan
1706696989188,nan,nan
1706696989197,nan,nan
1706696989208,nan,nan
1706696989219,nan,nan
1706696989230,nan,nan
1706696989242,nan,nan
1706696989254,nan,nan
1706696989298,nan,nan
1706696989313,nan,nan
1706696989320,nan,nan
1706696989332,nan,nan
1706696989342,nan,nan
1706696989353,nan,nan
1706696989364,nan,nan
1706696989375,nan,nan
1706696989387,nan,nan
1706696989398,nan,nan
1706696989409,nan,nan
1706696989449,nan,nan
1706696989454,nan,nan
1706696989465,887.716586689366,1031.3565373420715
1706696989477,887.716586689366,1031.3565373420715
1706696989487,887.716586689366,1031.3565373420715
1706696989499,888.1497911107567,1021.4430183172226
1706696989510,844.7384405160061,1008.3453387022018
1706696989521,846.948086063186,1009.9034160375595
1706696989533,847.7661100799305,1009.6626490354538
1706696989544,850.3764482996424,1007.0362955331802
1706696989555,843.5443995349436,1004.0268212556839
1706696989597,881.6348050365917,1020.5930575728416
1706696989598,877.0351259117983,1017.8077876567841
1706696989600,877.7341185631199,1018.1693345308304
1706696989614,877.085956817353,1019.268499314785
1706696989622,879.8666690780874,1018.6391189694405
1706696989634,880.4650826060168,1019.3021908402443
1706696989644,882.4214936859577,1022.355917096138
1706696989656,890.6674494097072,1020.2436000108719
1706696989667,989.9508185887414,969.9668124318123
1706696989677,1201.288619397573,887.0271809399128
1706696989688,1344.213383286289,831.1826422810555
1706696989699,1431.5810015793559,805.3301721811295
1706696989710,1474.038656144021,793.6300113797188
1706696989747,1476.277161503736,801.490131020546
1706696989748,1474.0284803709585,807.3932684957981
1706696989755,1480.1834923582687,807.7766299247742
1706696989766,1481.2190620108406,805.55140376091
1706696989778,1477.9802733859196,809.2987932264805
1706696989789,1479.5245344637324,807.6929248869419
1706696989799,1477.657751347503,809.8197236657143
1706696989810,1480.0605202497613,810.0662663578987
1706696989822,1480.968104889579,807.0706225931644
1706696989833,1483.810081544772,805.7529583573341
1706696989844,1482.456001135295,809.0353906154633
1706696989855,1479.0511805851093,814.4743211567402
1706696989898,1476.547252283998,813.073206692934
1706696989900,1475.759940293415,812.6365050673485
1706696989916,1449.4585629920557,815.3675712645054
1706696989923,1434.3830628781886,819.6183659136295
1706696989933,1415.065921789625,825.7750675082207
1706696989944,1414.6833771043796,831.5702930092812
1706696989955,1413.793133118097,829.8363260924816
1706696989966,1415.6081763638529,828.8060165941715
1706696989977,1420.8950526618717,823.4327986836433
1706696989989,1421.453965942567,823.3530290424824
1706696990000,1418.3562365306213,827.0859651267529
1706696990011,1413.694522340745,831.3793696463108
1706696990049,1415.2188182881584,832.8969605267048
1706696990050,1414.5781336816422,829.6533301472664
1706696990054,1411.6951811643623,834.5232702791691
1706696990066,1413.6481936945072,836.5202009677887
1706696990077,1416.1694283893144,836.8206784129143
1706696990088,1417.4088870498294,837.9828944802284
1706696990099,1416.2802011970782,838.4354509413242
1706696990110,1413.230455549623,835.2546595036983
1706696990121,1412.3725751222823,836.1969888210297
1706696990132,1409.958333002556,832.6694294810295
1706696990144,1409.2874779818549,834.3150906264782
1706696990155,1406.8374712818493,832.5874797999859
1706696990166,1407.0103178858017,839.7919736802578
1706696990199,1409.439551980046,842.8159721195698
1706696990200,1410.3669576855707,846.4206114411354
1706696990217,1403.0924250806195,842.9369360208511
1706696990222,1406.3247720420143,843.176344037056
1706696990233,1405.5132661393118,842.3986785113811
1706696990244,1413.9044087799182,854.5584738254547
1706696990255,1425.160862005172,861.7208391427994
1706696990266,1437.551821603099,872.4709130823612
1706696990277,1445.3466957174983,876.9924573600292
1706696990288,1439.3695548038081,879.2332269251347
1706696990300,1437.5854601124427,880.5593848228455
1706696990311,1439.5660820699334,883.4671899676323
1706696990331,1445.1129414704728,884.4590090215206
1706696990354,1448.1787124254802,887.3264126479626
1706696990355,1445.4803721186474,885.5367839336395
1706696990371,1415.5595333001322,879.229886084795
1706696990377,1418.7922564343576,880.5089890956879
1706696990387,1377.0366233846266,852.9845699667931
1706696990398,1524.134666971557,862.2299775481224
1706696990408,nan,nan
1706696990419,nan,nan
1706696990430,nan,nan
1706696990441,nan,nan
1706696990452,nan,nan
1706696990463,nan,nan
1706696990474,nan,nan
1706696990518,nan,nan
1706696990519,nan,nan
1706696990521,nan,nan
1706696990534,nan,nan
1706696990543,nan,nan
1706696990555,nan,nan
1706696990566,nan,nan
1706696990576,nan,nan
1706696990588,nan,nan
1706696990599,nan,nan
1706696990609,nan,nan
1706696990621,nan,nan
1706696990632,nan,nan
1706696990668,nan,nan
1706696990669,nan,nan
1706696990676,nan,nan
1706696990687,nan,nan
1706696990699,nan,nan
1706696990709,nan,nan
1706696990721,nan,nan
1706696990732,nan,nan
1706696990742,nan,nan
1706696990755,nan,nan
1706696990765,nan,nan
1706696990776,nan,nan
1706696990820,nan,nan
1706696990821,nan,nan
1706696990835,nan,nan
1706696990842,nan,nan
1706696990855,nan,nan
1706696990866,nan,nan
1706696990875,nan,nan
1706696990888,nan,nan
1706696990899,nan,nan
1706696990909,nan,nan
1706696990921,nan,nan
1706696990932,nan,nan
1706696990968,nan,nan
1706696990969,nan,nan
1706696990975,nan,nan
1706696990988,nan,nan
1706696990999,nan,nan
1706696991010,nan,nan
1706696991021,nan,nan
1706696991032,nan,nan
1706696991042,nan,nan
1706696991054,nan,nan
1706696991066,nan,nan
1706696991076,nan,nan
1706696991115,nan,nan
1706696991116,nan,nan
1706696991120,nan,nan
1706696991134,nan,nan
1706696991143,nan,nan
1706696991154,nan,nan
1706696991166,nan,nan
1706696991175,nan,nan
1706696991186,nan,nan
1706696991199,nan,nan
1706696991208,nan,nan
1706696991220,nan,nan
1706696991232,nan,nan
1706696991267,nan,nan
1706696991268,nan,nan
1706696991276,nan,nan
1706696991287,nan,nan
1706696991299,nan,nan
1706696991309,nan,nan
1706696991321,nan,nan
1706696991332,nan,nan
1706696991343,nan,nan
1706696991354,nan,nan
1706696991364,nan,nan
1706696991375,nan,nan
1706696991419,nan,nan
1706696991420,nan,nan
1706696991436,nan,nan
1706696991442,nan,nan
1706696991455,nan,nan
1706696991465,nan,nan
1706696991475,nan,nan
1706696991487,nan,nan
1706696991498,nan,nan
1706696991508,nan,nan
1706696991521,nan,nan
1706696991532,nan,nan
1706696991568,nan,nan
1706696991569,nan,nan
1706696991575,nan,nan
1706696991587,nan,nan
1706696991599,nan,nan
1706696991608,nan,nan
1706696991620,nan,nan
1706696991632,nan,nan
1706696991642,nan,nan
1706696991654,nan,nan
1706696991665,nan,nan
1706696991675,nan,nan
1706696991693,nan,nan
1706696991718,nan,nan
1706696991720,nan,nan
1706696991737,nan,nan
1706696991742,nan,nan
1706696991754,nan,nan
1706696991765,nan,nan
1706696991775,nan,nan
1706696991787,nan,nan
1706696991798,nan,nan
1706696991808,nan,nan
1706696991820,nan,nan
1706696991831,nan,nan
1706696991866,nan,nan
1706696991867,nan,nan
1706696991883,nan,nan
1706696991887,nan,nan
1706696991900,nan,nan
1706696991909,nan,nan
1706696991920,nan,nan
1706696991931,nan,nan
1706696991941,nan,nan
1706696991953,nan,nan
1706696991964,nan,nan
1706696991975,nan,nan
1706696992017,nan,nan
1706696992018,nan,nan
1706696992019,nan,nan
1706696992035,nan,nan
1706696992041,nan,nan
1706696992053,nan,nan
1706696992064,nan,nan
1706696992074,nan,nan
1706696992086,nan,nan
1706696992098,nan,nan
1706696992108,nan,nan
1706696992120,nan,nan
1706696992131,nan,nan
1706696992169,nan,nan
1706696992170,nan,nan
1706696992174,nan,nan
1706696992186,nan,nan
1706696992198,nan,nan
1706696992208,nan,nan
1706696992220,nan,nan
1706696992232,nan,nan
1706696992241,nan,nan
1706696992253,nan,nan
1706696992265,nan,nan
1706696992274,nan,nan
1706696992286,nan,nan
1706696992298,nan,nan
1706696992334,nan,nan
1706696992335,nan,nan
1706696992341,nan,nan
1706696992353,nan,nan
1706696992365,nan,nan
1706696992374,nan,nan
1706696992386,nan,nan
1706696992398,nan,nan
1706696992408,nan,nan
1706696992419,nan,nan
1706696992431,nan,nan
1706696992441,nan,nan
1706696992453,nan,nan
1706696992486,nan,nan
1706696992487,nan,nan
1706696992503,nan,nan
1706696992507,nan,nan
1706696992520,nan,nan
1706696992530,nan,nan
1706696992541,nan,nan
1706696992553,nan,nan
1706696992563,nan,nan
1706696992574,nan,nan
1706696992586,nan,nan
1706696992597,nan,nan
1706696992637,nan,nan
1706696992642,nan,nan
1706696992655,nan,nan
1706696992664,nan,nan
1706696992675,nan,nan
1706696992686,nan,nan
1706696992698,nan,nan
1706696992707,nan,nan
1706696992720,nan,nan
1706696992732,nan,nan
1706696992741,nan,nan
1706696992754,nan,nan
1706696992787,nan,nan
1706696992788,nan,nan
1706696992806,nan,nan
1706696992808,nan,nan
1706696992821,nan,nan
1706696992839,nan,nan
1706696992854,nan,nan
1706696992864,nan,nan
1706696992875,nan,nan
1706696992886,nan,nan
1706696992897,nan,nan
1706696992936,nan,nan
1706696992937,nan,nan
1706696992954,nan,nan
1706696992969,nan,nan
1706696992984,nan,nan
1706696993001,nan,nan
1706696993012,1384.4944958100716,961.4374488592148
1706696993024,1390.1594166508344,966.9592916965485
1706696993035,1379.4739036231217,967.2545313835144
1706696993047,1359.7512021942175,939.1275152564049
1706696993086,1363.3584528132928,940.6732484698296
1706696993091,1363.6950711570123,938.0978286266327
1706696993110,1362.152259346253,937.2824937105179
1706696993114,1363.6513953914757,931.313006579876
1706696993125,1362.0456595668143,929.9401193857193
1706696993136,1364.0043800492888,923.6420974135399
1706696993147,1363.3783984399936,925.9968519210815
1706696993158,1359.1192223854275,921.7240303754807
1706696993169,1363.5224783491926,918.9773216843605
1706696993180,1361.2494503926137,909.0657562017441
1706696993192,1364.5678783737096,915.9009173512459
1706696993203,1364.7414823891077,916.2090957164764
1706696993214,1363.0761366598276,914.8015826940536
1706696993256,1363.582597827664,915.311598777771
1706696993257,1367.4707706014588,914.9392366409302
1706696993272,1361.678240918944,911.436054110527
1706696993279,1361.362153832414,913.7186124920845
1706696993291,1362.1069621681572,913.8308987021446
1706696993302,1365.3700287079657,914.9575263261795
1706696993313,1369.1974156748229,912.5029996037483
1706696993324,1368.673082598341,911.3988235592842
1706696993336,1371.7082150339393,907.9374298453331
1706696993347,1369.8913032201708,905.2729964256287
1706696993358,1368.1539267704272,911.3199174404144
1706696993369,1368.504592384444,913.8969793915749
1706696993403,1365.2126737699261,916.3897275924683
1706696993414,1319.0427711750663,900.3608003258705
1706696993424,1267.7321822425463,899.093970656395
1706696993435,1079.0948944101087,911.5683287382126
1706696993446,801.6066747316685,932.4351891875267
1706696993457,776.0612867084228,934.2367798089981
1706696993468,753.0674639872339,935.3132948279381
1706696993480,754.3641061799972,932.2287932038307
1706696993491,750.1496958353897,932.1000009775162
1706696993502,748.4116670570374,924.7473210096359
1706696993536,750.0621575800179,927.6708677411079
1706696993537,749.5051185029338,927.585506439209
1706696993553,736.1452668601814,927.0093530416489
1706696993557,732.5756294900577,925.7388710975647
1706696993570,735.0121662289409,924.1871640086174
1706696993580,733.4376675527238,922.7831333875656
1706696993591,729.8119858281937,923.8703787326813
1706696993602,729.7745465112114,924.5262026786804
1706696993613,728.4638273247564,926.4579728245735
1706696993624,743.2771388682312,930.1356434822083
1706696993636,751.363076221204,931.7618682980537
1706696993647,764.5782874766212,935.8424782752991
1706696993685,759.9024164506959,936.9669824838638
1706696993691,762.6552599422777,936.9181722402573
1706696993702,757.7461934331193,933.063805103302
1706696993713,761.1042545215391,937.1935933828354
1706696993724,766.199999551369,941.896279156208
1706696993736,767.9794683855611,944.3057894706726
1706696993747,774.4444369246637,945.3913927078247
1706696993757,786.6210491115576,944.0021693706512
1706696993768,937.6181242879053,1035.9467953443527
1706696993778,1309.7002909025614,1288.4048134088516
1706696993789,nan,nan
1706696993799,nan,nan
1706696993836,nan,nan
1706696993837,nan,nan
1706696993844,nan,nan
1706696993855,nan,nan
1706696993866,nan,nan
1706696993875,nan,nan
1706696993895,nan,nan
1706696993912,nan,nan
1706696993925,nan,nan
1706696993936,nan,nan
1706696993946,nan,nan
1706696993986,nan,nan
1706696993987,nan,nan
1706696993991,nan,nan
1706696994003,nan,nan
1706696994013,nan,nan
1706696994024,nan,nan
1706696994035,nan,nan
1706696994048,nan,nan
1706696994058,nan,nan
1706696994069,nan,nan
1706696994081,nan,nan
1706696994091,nan,nan
1706696994102,nan,nan
1706696994137,nan,nan
1706696994138,nan,nan
1706696994154,nan,nan
1706696994158,nan,nan
1706696994169,nan,nan
1706696994181,nan,nan
1706696994191,nan,nan
1706696994209,nan,nan
1706696994224,nan,nan
1706696994235,nan,nan
1706696994246,nan,nan
1706696994287,nan,nan
1706696994288,nan,nan
1706696994290,nan,nan
1706696994305,nan,nan
1706696994313,nan,nan
1706696994324,nan,nan
1706696994335,nan,nan
1706696994346,nan,nan
1706696994357,nan,nan
1706696994367,nan,nan
1706696994378,nan,nan
1706696994390,nan,nan
1706696994401,nan,nan
1706696994437,nan,nan
1706696994438,nan,nan
1706696994453,nan,nan
1706696994458,1558.3959186479935,947.6169019937515
1706696994469,1492.5335136213619,909.1687560081482
1706696994481,1387.8277188701886,867.6103442907333
1706696994492,1284.471136210986,833.9513212442398
1706696994504,1205.1048818868871,815.3383813798428
1706696994515,1170.7074207704268,798.6184664070606
1706696994526,1170.5877435463103,800.8075520396233
1706696994537,1160.421007630487,797.8240258991718
1706696994548,1166.9121536223083,807.5424455106258
1706696994565,1164.5324172707378,806.7744769155979
1706696994587,1170.2154826276303,813.6968962848186
1706696994593,1157.849657933353,808.4405936300755
1706696994606,1160.7328868748716,813.0669355392456
1706696994615,1159.1485469618929,805.2822254598141
1706696994627,1159.4785378121123,805.7603053748608
1706696994638,1156.295717433729,801.6099199652672
1706696994648,1156.3141706542065,803.460830450058
1706696994660,1152.9327397522216,803.2732762396336
1706696994671,1155.6955630402385,804.3755695223808
1706696994682,1180.5742556003215,803.6187700927258
1706696994693,1229.3046692492132,806.3333585858345
1706696994704,1274.9946350766857,807.1548655629158
1706696994716,1310.2663450248997,809.3212589621544
1706696994753,1308.2136469602144,811.0084541141987
1706696994754,1306.0777233149295,811.6649433970451
1706696994759,1303.883106374054,818.7486007809639
1706696994770,1304.7007219587392,819.5810787379742
1706696994781,1305.1686830162364,817.604561150074
1706696994793,1308.0524232407706,823.6979991197586
1706696994804,1307.9679811712124,824.082025885582
1706696994815,1309.1407499207392,825.1777790486813
1706696994826,1306.614262422707,819.9918180704117
1706696994837,1306.1608723902652,820.9742657840252
1706696994848,1302.0395088419123,825.1589089632034
1706696994859,1306.4109650110752,828.7340186536312
1706696994881,1303.8777886886055,830.7286277413368
1706696994903,1307.4010531368028,831.706814467907
1706696994904,1338.4056395171704,842.4615316092968
1706696994921,1722.5059520945179,977.1430790424347
1706696994924,1901.6205227657438,1028.9180919528008
1706696994935,2008.9525689149445,1077.9382705688477
1706696994946,nan,nan
1706696994958,nan,nan
1706696994968,nan,nan
1706696994979,nan,nan
1706696994991,nan,nan
1706696995002,nan,nan
1706696995012,nan,nan
1706696995055,nan,nan
1706696995056,nan,nan
1706696995061,nan,nan
1706696995071,nan,nan
1706696995081,nan,nan
