timestamp,x,y
1706696959863,0.5606504678726196,0.49694953858852386
1706696959874,0.5585499107837677,0.5129847377538681
1706696959885,0.5591698884963989,0.5151613056659698
1706696959932,0.5570011734962463,0.5102897584438324
1706696959933,0.5573385059833527,0.51173435151577
1706696959949,0.5534721910953522,0.5179295837879181
1706696959952,0.5558131337165833,0.512836828827858
1706696959964,0.5563411712646484,0.5184368044137955
1706696959974,0.555828869342804,0.5211241245269775
1706696959986,0.5566300749778748,0.5215265452861786
1706696959997,0.5564818382263184,0.5169355869293213
1706696960008,0.5573996603488922,0.5155836939811707
1706696960019,0.5573007464408875,0.5168038606643677
1706696960031,0.5568637251853943,0.5188557803630829
1706696960072,0.556309312582016,0.519393801689148
1706696960075,0.5311643481254578,0.5612584054470062
1706696960087,0.5155433416366577,0.5784652829170227
1706696960098,0.5148883163928986,0.5793716609477997
1706696960108,0.5167022943496704,0.5761348009109497
1706696960119,0.5152278542518616,0.5792781114578247
1706696960131,0.5161410868167877,0.5810105800628662
1706696960141,0.5168494284152985,0.5784526765346527
1706696960153,0.5181844532489777,0.5797813534736633
1706696960163,0.5189581513404846,0.5779218375682831
1706696960174,0.5165178179740906,0.5811039209365845
1706696960185,0.5153203159570694,0.5801160037517548
1706696960225,0.5142172574996948,0.5830788910388947
1706696960230,0.5140029191970825,0.593148946762085
1706696960243,0.5161711871623993,0.5879456102848053
1706696960252,0.5152582824230194,0.5901895761489868
1706696960264,0.500025063753128,0.5721265375614166
1706696960274,0.46047352254390717,0.49662813544273376
1706696960285,0.40490278601646423,0.42187821865081787
1706696960296,0.341392457485199,0.2899576723575592
1706696960307,0.23612837493419647,0.1485348641872406
1706696960318,0.2903378903865814,0.22391220182180405
1706696960330,0.2835106998682022,0.20180199295282364
1706696960341,0.2818783074617386,0.191502183675766
1706696960380,0.2775804102420807,0.18936491757631302
1706696960381,0.27858658134937286,0.19201533496379852
1706696960386,0.27434268593788147,0.1947511062026024
1706696960396,0.27424801886081696,0.19528289884328842
1706696960408,0.2798466086387634,0.19456345587968826
1706696960419,0.28321097791194916,0.2016914039850235
1706696960430,0.2817796468734741,0.20079299807548523
1706696960441,0.27989089488983154,0.20452584326267242
1706696960452,0.28079044818878174,0.1993868052959442
1706696960464,0.2789357453584671,0.19641312956809998
1706696960475,0.281712606549263,0.18871764838695526
1706696960486,0.28078173100948334,0.1873231679201126
1706696960497,0.28261642158031464,0.18674354255199432
1706696960508,0.27959708869457245,0.1838388815522194
1706696960542,0.2661099284887314,0.14723662286996841
1706696960543,0.26566097140312195,0.14431560784578323
1706696960558,0.2615814357995987,0.15907349437475204
1706696960563,0.2613282799720764,0.16511176526546478
1706696960574,0.3074440360069275,0.18664684146642685
1706696960585,0.39695100486278534,0.24728140980005264
1706696960596,0.4650922566652298,0.309853732585907
1706696960607,0.5339107811450958,0.385597288608551
1706696960618,0.5995742678642273,0.47055402398109436
1706696960630,0.6110540926456451,0.4958002418279648
1706696960641,0.6152727603912354,0.4932934492826462
1706696960652,0.6148207187652588,0.4952685534954071
1706696960691,0.6113584339618683,0.491327702999115
1706696960692,0.609106034040451,0.49096012115478516
1706696960696,0.6192460358142853,0.5022282302379608
1706696960709,0.6190607845783234,0.504701241850853
1706696960718,0.6052706837654114,0.502294510602951
1706696960729,0.6089050769805908,0.5128520131111145
1706696960741,0.5999426543712616,0.5247732102870941
1706696960751,0.59908726811409,0.5244285762310028
1706696960762,0.6011927127838135,0.5233272612094879
1706696960774,0.604459136724472,0.5164247006177902
1706696960785,0.6050285398960114,0.5204083174467087
1706696960796,0.6042463481426239,0.5236884355545044
1706696960807,0.6025395095348358,0.5370971262454987
1706696960819,0.6082750856876373,0.5295842885971069
1706696960861,0.6067807376384735,0.5258648693561554
1706696960862,0.6046323478221893,0.5213248133659363
1706696960879,0.6512687504291534,0.3690375089645386
1706696960884,0.6867433190345764,0.22044049203395844
1706696960898,0.6927972137928009,0.2017509639263153
1706696960907,0.6943482160568237,0.1736563965678215
1706696960917,0.6943482160568237,0.1736563965678215
1706696960929,0.686869204044342,0.16842608898878098
1706696960940,0.6706008613109589,0.1733948513865471
1706696960951,0.6706008613109589,0.1733948513865471
1706696960962,0.6706008613109589,0.1733948513865471
1706696960974,0.6746931076049805,0.1842002496123314
1706696961015,0.6746931076049805,0.1842002496123314
1706696961016,0.6703271567821503,0.17445547133684158
1706696961031,0.6807664930820465,0.18769612163305283
1706696961040,0.6867334544658661,0.1836659237742424
1706696961051,0.6713100969791412,0.2306141033768654
1706696961063,0.6690804958343506,0.22790253162384033
1706696961074,0.6643573641777039,0.22946210205554962
1706696961085,0.6696842610836029,0.21897008270025253
1706696961096,0.6715880334377289,0.2185969278216362
1706696961107,0.6741125881671906,0.2116175889968872
1706696961118,0.7021307349205017,0.2048199251294136
1706696961140,0.712168961763382,0.2025095522403717
1706696961162,0.7278791964054108,0.20285041630268097
1706696961163,0.7322126030921936,0.19541723281145096
1706696961182,0.7357994019985199,0.18829983472824097
1706696961185,0.735373467206955,0.19340761005878448
1706696961196,0.7356669008731842,0.19766177982091904
1706696961207,0.7361168265342712,0.19253511726856232
1706696961218,0.7379687130451202,0.18406018614768982
1706696961229,0.737354040145874,0.17482838034629822
1706696961240,0.7412548661231995,0.176521934568882
1706696961251,0.740423858165741,0.18367280811071396
1706696961263,0.7415551245212555,0.18461038172245026
1706696961274,0.7300615608692169,0.17951969057321548
1706696961285,0.6482777893543243,0.1536897048354149
1706696961296,0.6014529466629028,0.14698397368192673
1706696961307,0.5141405612230301,0.14212726056575775
1706696961352,0.4071350693702698,0.14684449136257172
1706696961354,0.38582251965999603,0.14922326058149338
1706696961363,0.3693959414958954,0.1338890753686428
1706696961378,0.3703676760196686,0.12052865326404572
1706696961384,0.3623254597187042,0.09638165682554245
1706696961396,0.35709455609321594,0.09479517117142677
1706696961407,0.35859379172325134,0.10447180643677711
1706696961418,0.3762716054916382,0.13341129943728447
1706696961430,0.3762661814689636,0.13739249110221863
1706696961440,0.3897205591201782,0.1586812399327755
1706696961450,0.36336649954319,0.13273613527417183
1706696961463,0.36956363916397095,0.1068643145263195
1706696961474,0.36524680256843567,0.10425716266036034
1706696961484,0.36524680256843567,0.10425716266036034
1706696961519,0.35965193808078766,0.09823890402913094
1706696961520,0.3541143238544464,0.08365848660469055
1706696961536,0.3550815284252167,0.08859920129179955
1706696961540,0.35642626881599426,0.0992545485496521
1706696961550,0.35642626881599426,0.0992545485496521
1706696961562,0.35898683965206146,0.09741326421499252
1706696961573,0.3548778146505356,0.0826813131570816
1706696961584,0.38677187263965607,0.1498696506023407
1706696961596,0.40909284353256226,0.15026910603046417
1706696961607,0.4627741277217865,0.15311680734157562
1706696961617,0.5359989404678345,0.1122894436120987
1706696961629,0.5667996406555176,0.10684150084853172
1706696961640,0.5866892337799072,0.09217732772231102
1706696961679,0.587909609079361,0.08732347562909126
1706696961680,0.5873265862464905,0.0818498246371746
1706696961684,0.5910220146179199,0.09960179775953293
1706696961697,0.5899667739868164,0.10188822448253632
1706696961707,0.5909856259822845,0.09541324898600578
1706696961718,0.5810250639915466,0.11349249258637428
1706696961729,0.5815324187278748,0.11666115373373032
1706696961740,0.5844393372535706,0.119126345962286
1706696961751,0.5831717848777771,0.12028239294886589
1706696961763,0.5848870575428009,0.12346530333161354
1706696961774,0.5840939283370972,0.12047217041254044
1706696961785,0.5835470259189606,0.11231974512338638
1706696961796,0.5845551788806915,0.1083354502916336
1706696961843,0.584730476140976,0.10769226774573326
1706696961844,0.5842124223709106,0.10969249904155731
1706696961851,0.5869849920272827,0.10955237597227097
1706696961863,0.5856028497219086,0.1051480621099472
1706696961873,0.5930010378360748,0.10865821316838264
1706696961884,0.6337099969387054,0.09905480965971947
1706696961895,0.6597875952720642,0.10535337775945663
1706696961906,0.6851002275943756,0.10083887726068497
1706696961917,0.6965281069278717,0.10313047096133232
1706696961929,0.6964060068130493,0.10218629613518715
1706696961940,0.6953827440738678,0.10474590584635735
1706696961951,0.6944649517536163,0.10596751421689987
1706696961962,0.693511962890625,0.1106053926050663
1706696962004,0.6953960359096527,0.11238870769739151
1706696962005,0.6955374181270599,0.10598313435912132
1706696962006,0.6941623985767365,0.09738065674901009
1706696962024,0.6943937838077545,0.09909096360206604
1706696962029,0.7090721428394318,0.10667777806520462
1706696962040,0.7285409569740295,0.11150920391082764
1706696962051,0.7536835968494415,0.12878064438700676
1706696962062,0.7561350166797638,0.1299666166305542
1706696962073,0.7560487985610962,0.1313653513789177
1706696962084,0.7579674124717712,0.12487360090017319
1706696962096,0.7590141594409943,0.12195203080773354
1706696962107,0.7606666088104248,0.12135712802410126
1706696962118,0.7656025886535645,0.11226554960012436
1706696962160,0.763301432132721,0.1107729822397232
1706696962161,0.7629007399082184,0.10716838762164116
1706696962163,0.7615858912467957,0.1073978841304779
1706696962178,0.760012298822403,0.10696948319673538
1706696962184,0.7614065408706665,0.10765187442302704
1706696962196,0.7574589252471924,0.10958800092339516
1706696962207,0.7107727229595184,0.10673795640468597
1706696962218,0.5799698829650879,0.10205873847007751
1706696962227,0.5338706374168396,0.10578218847513199
1706696962240,0.39635370671749115,0.13198519125580788
1706696962250,0.21520540118217468,0.14101070910692215
1706696962261,0.1861369013786316,0.153472900390625
1706696962273,0.13272956013679504,0.18202149122953415
1706696962316,0.11857954412698746,0.19825129210948944
1706696962317,0.11715385690331459,0.19928514957427979
1706696962318,0.11547642573714256,0.20014936476945877
1706696962335,0.11611883714795113,0.19814808666706085
1706696962341,0.1177353784441948,0.1996082365512848
1706696962351,0.11980660632252693,0.19709202647209167
1706696962363,0.11889324709773064,0.19700022786855698
1706696962373,0.11772587522864342,0.19525207579135895
1706696962385,0.11679473146796227,0.19717206805944443
1706696962396,0.1160082295536995,0.1968236044049263
1706696962407,0.11607743799686432,0.19698651880025864
1706696962418,0.11405307054519653,0.19485493004322052
1706696962429,0.11309437826275826,0.19457685202360153
1706696962440,0.11305709555745125,0.19165316969156265
1706696962451,0.11170120164752007,0.1889820322394371
1706696962493,0.11160998046398163,0.18547771126031876
1706696962494,0.11446231231093407,0.18483800441026688
1706696962495,0.1110476441681385,0.17933938652276993
1706696962507,0.1075659953057766,0.17806517332792282
1706696962517,0.10723935067653656,0.18484949320554733
1706696962530,0.10880538076162338,0.18440638482570648
1706696962540,0.12668728828430176,0.18395042419433594
1706696962551,0.20856539905071259,0.170125350356102
1706696962562,0.25449445843696594,0.16466902196407318
1706696962573,0.2976550757884979,0.1519809514284134
1706696962584,0.32287196815013885,0.1471729278564453
1706696962595,0.32439832389354706,0.14518757909536362
1706696962607,0.32570648193359375,0.13910717144608498
1706696962618,0.3254908472299576,0.14463280513882637
1706696962628,0.32480332255363464,0.14386480301618576
1706696962671,0.325054332613945,0.1489967405796051
1706696962672,0.3262731730937958,0.1477649211883545
1706696962673,0.330203577876091,0.1457836925983429
1706696962687,0.32929322123527527,0.13800448551774025
1706696962694,0.32860951125621796,0.13956044241786003
1706696962707,0.32645758986473083,0.14156774803996086
1706696962717,0.32746972143650055,0.1466183438897133
1706696962728,0.3282449543476105,0.14771439135074615
1706696962740,0.3302609324455261,0.14690279215574265
1706696962751,0.32723696529865265,0.14498861879110336
1706696962762,0.32694947719573975,0.14326270669698715
1706696962773,0.32705311477184296,0.1444036290049553
1706696962794,0.32964205741882324,0.15047430247068405
1706696962820,0.33726002275943756,0.1532655581831932
1706696962822,0.36667078733444214,0.15462029725313187
1706696962828,0.43582068383693695,0.13819780945777893
1706696962839,0.44072048366069794,0.13094263523817062
1706696962850,0.4432436525821686,0.13153767585754395
1706696962861,0.4431590139865875,0.13237959146499634
1706696962872,0.4416290670633316,0.13280583173036575
1706696962883,0.4418751150369644,0.13641846925020218
1706696962894,0.442315012216568,0.13823183625936508
1706696962906,0.44396334886550903,0.142579548060894
1706696962917,0.4427414983510971,0.13912583887577057
1706696962928,0.44411903619766235,0.1426207572221756
1706696962939,0.44328171014785767,0.14456526190042496
1706696962950,0.4449981600046158,0.14732615649700165
1706696962990,0.44528448581695557,0.1448444351553917
1706696962991,0.45577798783779144,0.13790200650691986
1706696962995,0.5565843880176544,0.13585777208209038
1706696963007,0.6046672165393829,0.137978658080101
1706696963017,0.6370704472064972,0.14646843075752258
1706696963029,0.6398507356643677,0.1500842496752739
1706696963039,0.6392436623573303,0.1473323106765747
1706696963050,0.6382859647274017,0.14971261471509933
1706696963062,0.6409444510936737,0.151365227997303
1706696963073,0.6404529511928558,0.15599118918180466
1706696963084,0.640342652797699,0.15581905096769333
1706696963095,0.6406953036785126,0.15868236869573593
1706696963106,0.6425088346004486,0.15751899778842926
1706696963117,0.6427158117294312,0.16253720223903656
1706696963160,0.6417068839073181,0.16398143768310547
1706696963161,0.6410481929779053,0.17016103118658066
1706696963162,0.6397239565849304,0.17288777977228165
1706696963173,0.6252713203430176,0.1720227301120758
1706696963185,0.6001499593257904,0.17158903926610947
1706696963195,0.5863477885723114,0.17864544689655304
1706696963205,0.5825002193450928,0.180406853556633
1706696963216,0.5823233425617218,0.1870952695608139
1706696963228,0.5810243189334869,0.182320736348629
1706696963239,0.5814318060874939,0.18471244722604752
1706696963250,0.5789909362792969,0.18423820286989212
1706696963261,0.5799537599086761,0.19013159722089767
1706696963272,0.5792029500007629,0.1930975839495659
1706696963283,0.5827080309391022,0.1965637132525444
1706696963294,0.5825322568416595,0.1956777274608612
1706696963313,0.5822742283344269,0.19846020638942719
1706696963337,0.5814121961593628,0.1970359906554222
1706696963338,0.5796325206756592,0.19935140013694763
1706696963339,0.5788981020450592,0.19405296444892883
1706696963354,0.57231405377388,0.2000102996826172
1706696963360,0.5727969110012054,0.19801310449838638
1706696963373,0.5071363747119904,0.2202654331922531
1706696963383,0.4018133878707886,0.211299829185009
1706696963393,0.4018133878707886,0.211299829185009
1706696963404,0.3512105345726013,0.22036979347467422
1706696963415,0.3642001152038574,0.23888971656560898
1706696963426,0.3642001152038574,0.23888971656560898
1706696963438,0.36428460478782654,0.2385910078883171
1706696963450,0.36752864718437195,0.24341412633657455
1706696963459,0.36752864718437195,0.24341412633657455
1706696963472,0.3709710091352463,0.2442876622080803
1706696963508,0.37240169942379,0.24865418672561646
1706696963509,0.37240169942379,0.24865418672561646
1706696963516,0.373593270778656,0.2623225823044777
1706696963529,0.373593270778656,0.2623225823044777
1706696963539,0.37360264360904694,0.26484445482492447
1706696963550,0.37058617174625397,0.2606137841939926
1706696963560,0.37058617174625397,0.2606137841939926
1706696963572,0.37179508805274963,0.25399284064769745
1706696963582,0.3667188137769699,0.23179806768894196
1706696963593,0.368205726146698,0.23163943737745285
1706696963605,0.36481478810310364,0.241258405148983
1706696963615,0.366002157330513,0.24918149411678314
1706696963627,0.3661218732595444,0.24573200941085815
1706696963638,0.371120423078537,0.24427659064531326
1706696963680,0.4146936386823654,0.23828023672103882
1706696963681,0.45630183815956116,0.24366901814937592
1706696963682,0.6361449062824249,0.24367307871580124
1706696963700,0.6888832151889801,0.24945415556430817
1706696963705,0.7185494303703308,0.24394797533750534
1706696963716,0.7103272974491119,0.25979992747306824
1706696963727,0.7097046077251434,0.2584111765027046
1706696963738,0.7109080851078033,0.2598501443862915
1706696963749,0.7167876362800598,0.24531365185976028
1706696963760,0.7199695706367493,0.24697642773389816
1706696963772,0.718355804681778,0.2471153438091278
1706696963783,0.704521507024765,0.2629198580980301
1706696963794,0.7055841684341431,0.26798921823501587
1706696963805,0.706595778465271,0.27086134254932404
1706696963816,0.7068449258804321,0.2711334004998207
1706696963828,0.7051283121109009,0.270327165722847
1706696963865,0.7068766355514526,0.27025052160024643
1706696963866,0.723616361618042,0.2506019249558449
1706696963872,0.7176270484924316,0.2419300228357315
1706696963883,0.6844017207622528,0.26661908626556396
1706696963895,0.674463301897049,0.2764050215482712
1706696963905,0.6586214303970337,0.2905319482088089
1706696963917,0.6529968976974487,0.3021939694881439
1706696963928,0.6483339071273804,0.30039603263139725
1706696963939,0.64963099360466,0.2971913143992424
1706696963949,0.6553231477737427,0.3048354610800743
1706696963959,0.655884712934494,0.3147128075361252
1706696963970,0.6574085652828217,0.33947858214378357
1706696963980,nan,nan
1706696964034,nan,nan
1706696964036,nan,nan
1706696964053,nan,nan
1706696964057,nan,nan
1706696964070,nan,nan
1706696964078,nan,nan
1706696964098,nan,nan
1706696964116,nan,nan
1706696964128,nan,nan
1706696964139,nan,nan
1706696964149,nan,nan
1706696964161,nan,nan
1706696964207,nan,nan
1706696964208,nan,nan
1706696964224,nan,nan
1706696964228,nan,nan
1706696964240,nan,nan
1706696964249,nan,nan
1706696964262,nan,nan
1706696964273,nan,nan
1706696964282,nan,nan
1706696964295,nan,nan
1706696964306,nan,nan
1706696964316,nan,nan
1706696964359,nan,nan
1706696964360,nan,nan
1706696964375,nan,nan
1706696964381,nan,nan
1706696964394,nan,nan
1706696964405,nan,nan
1706696964415,nan,nan
1706696964427,nan,nan
1706696964439,nan,nan
1706696964448,nan,nan
1706696964461,nan,nan
1706696964473,nan,nan
1706696964514,nan,nan
1706696964515,nan,nan
1706696964533,nan,nan
1706696964540,nan,nan
1706696964551,nan,nan
1706696964561,nan,nan
1706696964572,nan,nan
1706696964582,nan,nan
1706696964594,nan,nan
1706696964606,nan,nan
1706696964616,nan,nan
1706696964627,nan,nan
1706696964640,nan,nan
1706696964679,nan,nan
1706696964680,nan,nan
1706696964684,nan,nan
1706696964696,nan,nan
1706696964706,nan,nan
1706696964716,nan,nan
1706696964727,nan,nan
1706696964745,nan,nan
1706696964761,nan,nan
1706696964772,nan,nan
1706696964783,nan,nan
1706696964794,nan,nan
1706696964828,nan,nan
1706696964829,nan,nan
1706696964847,nan,nan
1706696964851,nan,nan
1706696964864,nan,nan
1706696964874,0.4750262498855591,0.45525261759757996
1706696964885,0.4738687574863434,0.4091508090496063
1706696964897,0.49492378532886505,0.444389209151268
1706696964908,0.48675084114074707,0.4324529320001602
1706696964919,0.4879649579524994,0.42762981355190277
1706696964931,0.49382881820201874,0.4471074044704437
1706696964942,0.5044262558221817,0.46709294617176056
1706696964953,0.5301128029823303,0.5081359595060349
1706696964970,0.5287760198116302,0.5055248588323593
1706696964999,0.5303888320922852,0.4983174502849579
1706696965000,0.5283356606960297,0.5126129388809204
1706696965009,0.5502681136131287,0.5201911628246307
1706696965025,0.5502866804599762,0.5153463184833527
1706696965031,0.5457759201526642,0.5174325704574585
1706696965041,0.541397213935852,0.518916666507721
1706696965052,0.5368291139602661,0.5437019169330597
1706696965064,0.5086255073547363,0.5186374932527542
1706696965073,0.5086255073547363,0.5186374932527542
1706696965085,0.5086255073547363,0.5186374932527542
1706696965097,0.5237589776515961,0.5294117033481598
1706696965108,0.5211106836795807,0.5298144221305847
1706696965119,0.5215349793434143,0.5056789964437485
1706696965159,0.514308899641037,0.48054632544517517
1706696965164,0.5272345244884491,0.4601941704750061
1706696965177,0.5255520641803741,0.46175558865070343
1706696965186,0.5271629095077515,0.46772073209285736
1706696965197,0.5271593928337097,0.4670015871524811
1706696965208,0.527668297290802,0.4643235504627228
1706696965219,0.5270126461982727,0.46708108484745026
1706696965230,0.5250218510627747,0.4671238511800766
1706696965241,0.5246634185314178,0.4671000689268112
1706696965253,0.527088463306427,0.4687093198299408
1706696965264,0.5280860066413879,0.4648853540420532
1706696965275,0.5284202992916107,0.4614170491695404
1706696965315,0.526042640209198,0.45997557044029236
1706696965316,0.5275551080703735,0.4621277302503586
1706696965319,0.5265252590179443,0.4655478149652481
1706696965332,0.5270252525806427,0.4655364751815796
1706696965342,0.5264113545417786,0.4618599861860275
1706696965353,0.5258379876613617,0.46342815458774567
1706696965364,0.5246612429618835,0.4610390365123749
1706696965375,0.5262473821640015,0.4626806974411011
1706696965386,0.527018815279007,0.46456003189086914
1706696965397,0.5278491377830505,0.4660252183675766
1706696965409,0.5279976427555084,0.46516628563404083
1706696965420,0.5286804139614105,0.4622131437063217
1706696965431,0.5281447768211365,0.4599916934967041
1706696965463,0.5226888358592987,0.46272388100624084
1706696965481,0.5038873106241226,0.4746997654438019
1706696965486,0.5039888620376587,0.47438666224479675
1706696965498,0.5047600567340851,0.47057001292705536
1706696965508,0.5056340396404266,0.4672926366329193
1706696965519,0.5073594152927399,0.4677516669034958
1706696965530,0.5070555061101913,0.46858441829681396
1706696965541,0.5051935017108917,0.4730381667613983
1706696965552,0.5043066740036011,0.4691350907087326
1706696965564,0.5032769292593002,0.4713669568300247
1706696965575,0.5034093409776688,0.4694608747959137
1706696965625,0.504638746380806,0.47265592217445374
1706696965626,0.5064811855554581,0.470914825797081
1706696965630,0.5076325237751007,0.4715820550918579
1706696965647,0.5072821229696274,0.4700554311275482
1706696965653,0.5055926293134689,0.47057564556598663
1706696965664,0.5051693618297577,0.47262611985206604
1706696965675,0.5052253752946854,0.4805728495121002
1706696965686,0.5413641035556793,0.4515886753797531
1706696965697,0.5943940579891205,0.42734338343143463
1706696965708,0.6533908545970917,0.3911597579717636
1706696965719,0.774761438369751,0.3482338488101959
1706696965731,0.804302453994751,0.33674493432044983
1706696965742,0.8105141222476959,0.3329499810934067
1706696965753,0.8119001388549805,0.33648690581321716
1706696965796,0.8110152781009674,0.3368850648403168
1706696965797,0.8123775720596313,0.3334646075963974
1706696965808,0.8106973469257355,0.3356630206108093
1706696965819,0.8105723857879639,0.3371002823114395
1706696965831,0.8105918765068054,0.34161344170570374
1706696965841,0.8101861774921417,0.3413390517234802
1706696965852,0.8090421259403229,0.3444642126560211
1706696965863,0.8079995214939117,0.3449704498052597
1706696965874,0.8068278729915619,0.3440129905939102
1706696965885,0.805607259273529,0.34484459459781647
1706696965897,0.8051594793796539,0.3474995493888855
1706696965908,0.80410236120224,0.350419282913208
1706696965919,0.8070919513702393,0.3469541370868683
1706696965962,0.8082536160945892,0.34537041187286377
1706696965963,0.8104588985443115,0.3425258845090866
1706696965975,0.8036552369594574,0.3483351022005081
1706696965986,0.8039339184761047,0.3497420698404312
1706696966000,0.8000501096248627,0.3488948196172714
1706696966008,0.7906854152679443,0.3441838175058365
1706696966019,0.7780819535255432,0.33691708743572235
1706696966030,0.7757466435432434,0.33379149436950684
1706696966041,0.7748749852180481,0.33868829905986786
1706696966052,0.7746312618255615,0.337324857711792
1706696966064,0.7735568583011627,0.33993086218833923
1706696966075,0.7753428518772125,0.3362087160348892
1706696966132,0.7732034027576447,0.34196294844150543
1706696966133,0.7743307948112488,0.3388756811618805
1706696966141,0.7751263678073883,0.33629390597343445
1706696966153,0.775298148393631,0.33440713584423065
1706696966165,0.774929940700531,0.3332861512899399
1706696966175,0.7762912213802338,0.32918812334537506
1706696966186,0.7742942571640015,0.33228085935115814
1706696966196,0.7747887670993805,0.3327578008174896
1706696966207,0.7744105160236359,0.3375093340873718
1706696966219,0.7735037505626678,0.34170226752758026
1706696966230,0.7731944620609283,0.3434472978115082
1706696966241,0.7777746319770813,0.3480151891708374
1706696966252,0.8146643042564392,0.3690097779035568
1706696966272,0.870693176984787,0.4139382392168045
1706696966293,0.9084362387657166,0.4519849568605423
1706696966294,1.196812391281128,0.7163103818893433
1706696966311,nan,nan
1706696966317,nan,nan
1706696966328,nan,nan
1706696966339,nan,nan
1706696966350,nan,nan
1706696966360,nan,nan
1706696966371,nan,nan
1706696966382,nan,nan
1706696966394,nan,nan
1706696966414,nan,nan
1706696966438,nan,nan
1706696966439,nan,nan
1706696966447,nan,nan
1706696966467,nan,nan
1706696966484,nan,nan
1706696966495,nan,nan
1706696966507,nan,nan
1706696966517,nan,nan
1706696966530,nan,nan
1706696966540,nan,nan
1706696966550,nan,nan
1706696966562,nan,nan
1706696966600,nan,nan
1706696966601,nan,nan
1706696966607,nan,nan
1706696966618,nan,nan
1706696966629,nan,nan
1706696966640,nan,nan
1706696966650,nan,nan
1706696966663,nan,nan
1706696966674,nan,nan
1706696966684,nan,nan
1706696966696,nan,nan
1706696966707,nan,nan
1706696966752,nan,nan
1706696966767,nan,nan
1706696966774,nan,nan
1706696966784,nan,nan
1706696966795,nan,nan
1706696966806,nan,nan
1706696966816,nan,nan
1706696966828,nan,nan
1706696966840,nan,nan
1706696966850,nan,nan
1706696966862,nan,nan
1706696966898,nan,nan
1706696966899,nan,nan
1706696966907,nan,nan
1706696966916,nan,nan
1706696966929,nan,nan
1706696966940,nan,nan
1706696966950,nan,nan
1706696966962,nan,nan
1706696966973,nan,nan
1706696966983,nan,nan
1706696966995,nan,nan
1706696967016,nan,nan
1706696967035,nan,nan
1706696967036,nan,nan
1706696967041,nan,nan
1706696967052,nan,nan
1706696967062,nan,nan
1706696967074,nan,nan
1706696967084,nan,nan
1706696967096,nan,nan
1706696967107,nan,nan
1706696967117,nan,nan
1706696967129,nan,nan
1706696967140,nan,nan
1706696967150,nan,nan
1706696967183,nan,nan
1706696967184,nan,nan
1706696967199,nan,nan
1706696967206,nan,nan
1706696967217,nan,nan
1706696967229,nan,nan
1706696967240,nan,nan
1706696967250,nan,nan
1706696967262,nan,nan
1706696967274,nan,nan
1706696967283,nan,nan
1706696967327,nan,nan
1706696967328,nan,nan
1706696967329,nan,nan
1706696967343,nan,nan
1706696967350,nan,nan
1706696967361,nan,nan
1706696967373,nan,nan
1706696967382,nan,nan
1706696967395,nan,nan
1706696967406,nan,nan
1706696967416,nan,nan
1706696967428,nan,nan
1706696967439,nan,nan
1706696967458,nan,nan
1706696967480,nan,nan
1706696967483,nan,nan
1706696967498,nan,nan
1706696967506,nan,nan
1706696967517,nan,nan
1706696967528,nan,nan
1706696967540,nan,nan
1706696967550,nan,nan
1706696967562,nan,nan
1706696967573,nan,nan
1706696967583,nan,nan
1706696967629,nan,nan
1706696967630,nan,nan
1706696967645,nan,nan
1706696967650,nan,nan
1706696967662,nan,nan
1706696967674,nan,nan
1706696967683,nan,nan
1706696967695,nan,nan
1706696967707,nan,nan
1706696967717,nan,nan
1706696967729,nan,nan
1706696967739,nan,nan
1706696967758,nan,nan
1706696967779,nan,nan
1706696967782,nan,nan
1706696967796,nan,nan
1706696967806,nan,nan
1706696967816,nan,nan
1706696967828,nan,nan
1706696967839,nan,nan
1706696967849,nan,nan
1706696967862,nan,nan
1706696967873,nan,nan
1706696967883,nan,nan
1706696967895,nan,nan
1706696967930,nan,nan
1706696967947,nan,nan
1706696967949,nan,nan
1706696967963,nan,nan
1706696967973,nan,nan
1706696967983,nan,nan
1706696967995,nan,nan
1706696968006,nan,nan
1706696968016,nan,nan
1706696968029,nan,nan
1706696968040,nan,nan
1706696968081,nan,nan
1706696968082,nan,nan
1706696968083,nan,nan
1706696968097,nan,nan
1706696968106,nan,nan
1706696968116,nan,nan
1706696968128,nan,nan
1706696968140,nan,nan
1706696968150,nan,nan
1706696968162,nan,nan
1706696968174,nan,nan
1706696968213,nan,nan
1706696968214,nan,nan
1706696968218,nan,nan
1706696968231,nan,nan
1706696968247,nan,nan
1706696968264,nan,nan
1706696968273,nan,nan
1706696968285,nan,nan
1706696968296,nan,nan
1706696968307,nan,nan
1706696968318,nan,nan
1706696968330,nan,nan
1706696968363,0.567356526851654,0.4940560758113861
1706696968364,0.567356526851654,0.4940560758113861
1706696968381,0.5763363242149353,0.4926571846008301
1706696968385,0.5763363242149353,0.4926571846008301
1706696968397,0.5763363242149353,0.4926571846008301
1706696968408,0.5686610639095306,0.49784693121910095
1706696968419,0.5647315382957458,0.47987018525600433
1706696968430,0.5643887519836426,0.48338545858860016
1706696968442,0.5636873841285706,0.48005901277065277
1706696968453,0.5600835084915161,0.4872913211584091
1706696968464,0.5657439827919006,0.48375341296195984
1706696968475,0.607525110244751,0.4460187703371048
1706696968520,0.6912886798381805,0.3942931443452835
1706696968521,0.8033062815666199,0.3255525827407837
1706696968530,0.8033062815666199,0.3255525827407837
1706696968542,0.7895123660564423,0.3503342270851135
1706696968554,0.7895123660564423,0.3503342270851135
1706696968563,0.7895123660564423,0.3503342270851135
1706696968574,nan,nan
1706696968585,0.7865480780601501,0.4008885622024536
1706696968597,0.7740101516246796,0.37847983837127686
1706696968609,0.7790836095809937,0.3608381748199463
1706696968620,0.7790788114070892,0.3660421818494797
1706696968631,0.7807500660419464,0.3700939118862152
1706696968682,0.778585284948349,0.37321779131889343
1706696968683,0.7768380641937256,0.3759932219982147
1706696968686,0.7743954062461853,0.3701622784137726
1706696968698,0.7739177942276001,0.3717448562383652
1706696968708,0.7748576402664185,0.3711121827363968
1706696968720,0.7725180983543396,0.37537582218647003
1706696968731,0.7733822166919708,0.3760613054037094
1706696968742,0.7751530706882477,0.37692445516586304
1706696968753,0.7745822072029114,0.37549346685409546
1706696968764,0.7758703827857971,0.3729980140924454
1706696968775,0.7753591537475586,0.3693224787712097
1706696968786,0.7791357636451721,0.3663941025733948
1706696968798,0.7761292159557343,0.36493341624736786
1706696968850,0.7757365703582764,0.36580805480480194
1706696968853,0.7740767598152161,0.36795003712177277
1706696968866,0.7734345495700836,0.3678385317325592
1706696968875,0.7747090458869934,0.36666615307331085
1706696968886,0.7769173979759216,0.36427879333496094
1706696968897,0.7787080109119415,0.3645913749933243
1706696968908,0.7792114019393921,0.36084580421447754
1706696968919,0.7795311510562897,0.3599359095096588
1706696968930,0.7794906497001648,0.35682688653469086
1706696968941,0.7817637920379639,0.3585185706615448
1706696968952,0.782175749540329,0.3583977371454239
1706696968964,0.7564146220684052,0.3684738576412201
1706696968995,0.6914318203926086,0.39017441868782043
1706696968996,0.5710344910621643,0.4256531149148941
1706696968997,0.5295099318027496,0.44105683267116547
1706696969013,0.510342076420784,0.45785604417324066
1706696969019,0.5086465030908585,0.4617242366075516
1706696969031,0.5067010372877121,0.46864546835422516
1706696969041,0.5064830780029297,0.4661141335964203
1706696969052,0.5042563825845718,0.4656015634536743
1706696969064,0.5054882019758224,0.471021369099617
1706696969075,0.5032708942890167,0.4733624756336212
1706696969086,0.503456249833107,0.47309575974941254
1706696969097,0.502643883228302,0.46797318756580353
1706696969108,0.5034697651863098,0.46616967022418976
1706696969152,0.5038586258888245,0.4672013521194458
1706696969153,0.5012754797935486,0.4696786254644394
1706696969170,0.5037007182836533,0.4803142249584198
1706696969175,0.5039956569671631,0.4785919487476349
1706696969186,0.5095623135566711,0.5087276548147202
1706696969199,0.5062397867441177,0.5047772526741028
1706696969207,0.5081517249345779,0.5091674625873566
1706696969218,0.5179470926523209,0.5435497462749481
1706696969229,nan,nan
1706696969240,nan,nan
1706696969250,nan,nan
1706696969261,nan,nan
1706696969272,nan,nan
1706696969283,nan,nan
1706696969327,nan,nan
1706696969328,nan,nan
1706696969350,nan,nan
1706696969367,nan,nan
1706696969384,nan,nan
1706696969396,nan,nan
1706696969407,nan,nan
1706696969417,nan,nan
1706696969437,nan,nan
1706696969461,nan,nan
1706696969462,nan,nan
1706696969477,nan,nan
1706696969484,nan,nan
1706696969496,nan,nan
1706696969507,nan,nan
1706696969517,nan,nan
1706696969529,nan,nan
1706696969541,nan,nan
1706696969551,nan,nan
1706696969562,nan,nan
1706696969600,nan,nan
1706696969601,nan,nan
1706696969607,nan,nan
1706696969616,nan,nan
1706696969630,nan,nan
1706696969641,nan,nan
1706696969650,nan,nan
1706696969662,nan,nan
1706696969673,nan,nan
1706696969684,nan,nan
1706696969695,nan,nan
1706696969707,nan,nan
1706696969717,nan,nan
1706696969750,nan,nan
1706696969751,nan,nan
1706696969767,nan,nan
1706696969774,nan,nan
1706696969783,nan,nan
1706696969795,nan,nan
1706696969807,nan,nan
1706696969817,nan,nan
1706696969829,nan,nan
1706696969840,nan,nan
1706696969850,nan,nan
1706696969862,nan,nan
1706696969898,nan,nan
1706696969899,nan,nan
1706696969908,nan,nan
1706696969917,nan,nan
1706696969929,nan,nan
1706696969941,nan,nan
1706696969951,nan,nan
1706696969963,nan,nan
1706696969974,nan,nan
1706696969983,nan,nan
1706696969995,nan,nan
1706696970007,nan,nan
1706696970016,nan,nan
1706696970050,nan,nan
1706696970051,nan,nan
1706696970067,nan,nan
1706696970074,nan,nan
1706696970083,nan,nan
1706696970095,nan,nan
1706696970107,nan,nan
1706696970116,nan,nan
1706696970129,nan,nan
1706696970140,nan,nan
1706696970150,nan,nan
1706696970162,nan,nan
1706696970199,nan,nan
1706696970200,nan,nan
1706696970207,nan,nan
1706696970221,nan,nan
1706696970229,nan,nan
1706696970240,nan,nan
1706696970250,nan,nan
1706696970262,nan,nan
1706696970274,nan,nan
1706696970284,nan,nan
1706696970296,nan,nan
1706696970307,nan,nan
1706696970317,nan,nan
1706696970351,nan,nan
1706696970368,nan,nan
1706696970373,nan,nan
1706696970384,nan,nan
1706696970395,nan,nan
1706696970407,nan,nan
1706696970416,nan,nan
1706696970428,nan,nan
1706696970440,nan,nan
1706696970449,nan,nan
1706696970462,nan,nan
1706696970501,nan,nan
1706696970502,nan,nan
1706696970507,nan,nan
1706696970520,nan,nan
1706696970529,nan,nan
1706696970541,nan,nan
1706696970549,nan,nan
1706696970562,nan,nan
1706696970574,nan,nan
1706696970583,nan,nan
1706696970595,nan,nan
1706696970607,nan,nan
1706696970616,nan,nan
1706696970654,nan,nan
1706696970655,nan,nan
1706696970662,nan,nan
1706696970674,nan,nan
1706696970685,nan,nan
1706696970696,nan,nan
1706696970707,nan,nan
1706696970717,nan,nan
1706696970728,nan,nan
1706696970740,nan,nan
1706696970750,nan,nan
1706696970761,nan,nan
1706696970802,nan,nan
1706696970803,nan,nan
1706696970806,nan,nan
1706696970823,nan,nan
1706696970829,nan,nan
1706696970840,nan,nan
1706696970850,nan,nan
1706696970862,nan,nan
1706696970873,nan,nan
1706696970884,nan,nan
1706696970896,nan,nan
1706696970907,nan,nan
1706696970917,nan,nan
1706696970951,nan,nan
1706696970953,nan,nan
1706696970968,nan,nan
1706696970973,nan,nan
1706696970984,nan,nan
1706696970995,nan,nan
1706696971006,nan,nan
1706696971016,nan,nan
1706696971029,nan,nan
1706696971040,nan,nan
1706696971049,nan,nan
1706696971062,nan,nan
1706696971099,nan,nan
1706696971107,nan,nan
1706696971116,nan,nan
1706696971129,nan,nan
1706696971141,nan,nan
1706696971149,nan,nan
1706696971162,nan,nan
1706696971174,nan,nan
1706696971182,nan,nan
1706696971195,nan,nan
1706696971207,nan,nan
1706696971216,nan,nan
1706696971250,nan,nan
1706696971251,nan,nan
1706696971266,nan,nan
1706696971273,nan,nan
1706696971285,nan,nan
1706696971294,nan,nan
1706696971306,nan,nan
1706696971316,nan,nan
1706696971328,nan,nan
1706696971340,nan,nan
1706696971349,nan,nan
1706696971362,nan,nan
1706696971399,nan,nan
1706696971400,nan,nan
1706696971406,nan,nan
1706696971416,nan,nan
1706696971430,nan,nan
1706696971439,nan,nan
1706696971450,nan,nan
1706696971463,nan,nan
1706696971473,nan,nan
1706696971483,nan,nan
1706696971497,nan,nan
1706696971536,nan,nan
1706696971538,nan,nan
1706696971554,nan,nan
1706696971561,nan,nan
1706696971572,nan,nan
1706696971583,nan,nan
1706696971594,nan,nan
1706696971605,nan,nan
1706696971616,nan,nan
1706696971627,nan,nan
1706696971637,nan,nan
1706696971655,nan,nan
1706696971697,nan,nan
1706696971698,nan,nan
1706696971716,nan,nan
1706696971720,nan,nan
1706696971731,nan,nan
1706696971743,nan,nan
1706696971753,nan,nan
1706696971765,nan,nan
1706696971776,nan,nan
1706696971786,nan,nan
1706696971798,nan,nan
1706696971809,nan,nan
1706696971847,0.5055983662605286,0.49482157826423645
1706696971848,0.5231426954269409,0.5305588394403458
1706696971854,0.5195558965206146,0.5124856233596802
1706696971865,0.5194496512413025,0.5087875723838806
1706696971878,0.5182361602783203,0.5079476833343506
1706696971888,0.5185332298278809,0.5150408446788788
1706696971899,0.5173301696777344,0.5147276818752289
1706696971910,0.5187426805496216,0.5100946724414825
1706696971921,0.5184440910816193,0.5066162943840027
1706696971932,0.5310612320899963,0.5115669667720795
1706696971944,0.5464220643043518,0.5141282081604004
1706696971955,0.5730360746383667,0.5261710286140442
1706696971965,0.5734914839267731,0.5219902396202087
1706696972002,0.5706878900527954,0.5241847634315491
1706696972010,0.5753717720508575,0.5248271226882935
1706696972021,0.5755897164344788,0.5241557359695435
1706696972032,0.5766274034976959,0.5220975875854492
1706696972043,0.5763314366340637,0.52240189909935
1706696972054,0.5769253969192505,0.5236460566520691
1706696972066,0.5748930871486664,0.5219258666038513
1706696972077,0.5752917528152466,0.5196525156497955
1706696972088,0.5737659931182861,0.5173689723014832
1706696972099,0.5740620195865631,0.5172994136810303
1706696972137,0.5747566223144531,0.5173391699790955
1706696972138,0.5788998305797577,0.5187121033668518
1706696972144,0.6120075881481171,0.5245434045791626
1706696972159,0.6777577698230743,0.5369893908500671
1706696972166,0.7518514692783356,0.5460631847381592
1706696972177,0.798477441072464,0.5536941289901733
1706696972188,0.8042543232440948,0.5614872872829437
1706696972199,0.8039079308509827,0.5659395456314087
1706696972210,0.8026820421218872,0.563319057226181
1706696972221,0.8018243610858917,0.5627199709415436
1706696972233,0.8024379312992096,0.5602276921272278
1706696972243,0.8031517565250397,0.560660183429718
1706696972254,0.8054869174957275,0.5644256770610809
1706696972265,0.8027574717998505,0.5686617195606232
1706696972298,0.8042876422405243,0.5736173093318939
1706696972299,0.804153174161911,0.5702552199363708
1706696972316,0.8063978850841522,0.5718857645988464
1706696972321,0.8069775700569153,0.5737128257751465
1706696972333,0.8076606094837189,0.5657148063182831
1706696972343,0.8078997433185577,0.5656084716320038
1706696972354,0.8060519695281982,0.5706714689731598
1706696972365,0.8060639500617981,0.573567807674408
1706696972376,0.806516706943512,0.5733835399150848
1706696972387,0.7907894551753998,0.5700575113296509
1706696972399,0.7776167690753937,0.5702590346336365
1706696972437,0.7622892260551453,0.5669816732406616
1706696972443,0.7513319849967957,0.5757029056549072
1706696972457,0.7499283850193024,0.5762344300746918
1706696972466,0.7521089613437653,0.5703675746917725
1706696972477,0.751366138458252,0.5679779648780823
1706696972487,0.7518190443515778,0.564803808927536
1706696972499,0.7509848177433014,0.5662323832511902
1706696972510,0.7497051656246185,0.5674803853034973
1706696972521,0.7472386360168457,0.5697036981582642
1706696972532,0.7480389475822449,0.5764335691928864
1706696972543,0.7483263611793518,0.5769400894641876
1706696972560,0.7480430901050568,0.5747178792953491
1706696972586,0.745745062828064,0.570373922586441
1706696972588,0.7444138526916504,0.5736984312534332
1706696972604,0.7476880550384521,0.5753765404224396
1706696972609,0.7503462433815002,0.5743494629859924
1706696972620,0.7486431002616882,0.6466054320335388
1706696972630,nan,nan
1706696972641,nan,nan
1706696972651,nan,nan
1706696972663,nan,nan
1706696972674,nan,nan
1706696972685,nan,nan
1706696972695,nan,nan
1706696972736,nan,nan
1706696972737,nan,nan
1706696972738,nan,nan
1706696972757,nan,nan
1706696972777,nan,nan
1706696972787,nan,nan
1706696972798,nan,nan
1706696972810,nan,nan
1706696972820,nan,nan
1706696972832,nan,nan
1706696972844,nan,nan
1706696972860,nan,nan
1706696972880,nan,nan
1706696972887,nan,nan
1706696972899,nan,nan
1706696972913,nan,nan
1706696972920,nan,nan
1706696972932,nan,nan
1706696972944,nan,nan
1706696972954,nan,nan
1706696972966,nan,nan
1706696972978,nan,nan
1706696973019,nan,nan
1706696973020,nan,nan
1706696973036,nan,nan
1706696973044,nan,nan
1706696973053,nan,nan
1706696973065,nan,nan
1706696973078,nan,nan
1706696973086,nan,nan
1706696973098,nan,nan
1706696973111,nan,nan
1706696973120,nan,nan
1706696973132,nan,nan
1706696973171,nan,nan
1706696973172,nan,nan
1706696973178,nan,nan
1706696973188,nan,nan
1706696973198,nan,nan
1706696973211,nan,nan
1706696973220,nan,nan
1706696973232,nan,nan
1706696973244,nan,nan
1706696973253,nan,nan
1706696973265,nan,nan
1706696973277,nan,nan
1706696973321,nan,nan
1706696973322,nan,nan
1706696973337,nan,nan
1706696973345,nan,nan
1706696973355,nan,nan
1706696973365,nan,nan
1706696973376,nan,nan
1706696973386,nan,nan
1706696973399,nan,nan
1706696973410,nan,nan
1706696973420,nan,nan
1706696973433,nan,nan
1706696973470,nan,nan
1706696973471,nan,nan
1706696973478,nan,nan
1706696973488,nan,nan
1706696973501,nan,nan
1706696973518,nan,nan
1706696973533,nan,nan
1706696973543,nan,nan
1706696973553,nan,nan
1706696973565,nan,nan
1706696973603,nan,nan
1706696973604,nan,nan
1706696973610,0.5853882431983948,0.7456874847412109
1706696973622,0.5853882431983948,0.7456874847412109
1706696973632,0.5853882431983948,0.7456874847412109
1706696973643,0.6059452295303345,0.7010902166366577
1706696973655,0.6059452295303345,0.7010902166366577
1706696973666,0.6059452295303345,0.7010902166366577
1706696973678,0.6635108888149261,0.6429441571235657
1706696973689,0.6674485802650452,0.6283847391605377
1706696973700,0.6674485802650452,0.6283847391605377
1706696973712,0.6815591156482697,0.5927096605300903
1706696973733,0.6818616688251495,0.5886277854442596
1706696973755,0.6818616688251495,0.5886277854442596
1706696973756,0.6751267611980438,0.5969517529010773
1706696973771,0.6731912791728973,0.6024999618530273
1706696973779,0.674519807100296,0.6030451059341431
1706696973790,0.6739715933799744,0.6019266545772552
1706696973801,0.663259893655777,0.5933526158332825
1706696973812,0.6255459189414978,0.5676966607570648
1706696973823,0.5540405809879303,0.5273757576942444
1706696973834,0.5498054027557373,0.5281753540039062
1706696973845,0.548020750284195,0.5277109742164612
1706696973857,0.5481431186199188,0.5256257355213165
1706696973868,0.5488751530647278,0.5277337282896042
1706696973900,0.547596275806427,0.5298796892166138
1706696973901,0.5476661324501038,0.5296090692281723
1706696973917,0.5464845299720764,0.5301039069890976
1706696973923,0.5456736385822296,0.5270751565694809
1706696973934,0.5455197691917419,0.5239806473255157
1706696973945,0.5447980761528015,0.5270384699106216
1706696973956,0.5458081066608429,0.5247150510549545
1706696973967,0.5454354286193848,0.5262819826602936
1706696973978,0.5444187819957733,0.5244703143835068
1706696973989,0.542840987443924,0.5328542590141296
1706696974001,0.5438967049121857,0.5326603949069977
1706696974011,0.5450393259525299,0.5304909646511078
1706696974052,0.5449804365634918,0.527111366391182
1706696974056,0.5459614098072052,0.5280072838068008
1706696974067,0.545898973941803,0.5245845913887024
1706696974078,0.5464647710323334,0.5262835919857025
1706696974089,0.5447210371494293,0.5272657573223114
1706696974101,0.5439664423465729,0.528375580906868
1706696974111,0.5417014956474304,0.5278623402118683
1706696974122,0.5435808598995209,0.5292432755231857
1706696974134,0.5454993546009064,0.529022291302681
1706696974145,0.5453716516494751,0.5330666750669479
1706696974156,0.5436694920063019,0.5277391523122787
1706696974167,0.5438442528247833,0.5294939130544662
1706696974201,0.5462031364440918,0.5346503108739853
1706696974202,0.6249920129776001,0.5845280885696411
1706696974217,0.774514377117157,0.593843936920166
1706696974220,nan,nan
1706696974233,nan,nan
1706696974243,nan,nan
1706696974253,nan,nan
1706696974265,nan,nan
1706696974276,nan,nan
1706696974286,nan,nan
1706696974296,nan,nan
1706696974313,nan,nan
1706696974352,nan,nan
1706696974353,nan,nan
1706696974354,nan,nan
1706696974369,nan,nan
1706696974377,nan,nan
1706696974387,nan,nan
1706696974400,nan,nan
1706696974411,nan,nan
1706696974421,nan,nan
1706696974433,nan,nan
1706696974445,nan,nan
1706696974455,nan,nan
1706696974466,nan,nan
1706696974503,nan,nan
1706696974504,nan,nan
1706696974511,nan,nan
1706696974522,nan,nan
1706696974533,nan,nan
1706696974544,nan,nan
1706696974554,nan,nan
1706696974566,nan,nan
1706696974577,nan,nan
1706696974587,nan,nan
1706696974599,nan,nan
1706696974611,nan,nan
1706696974651,nan,nan
1706696974652,nan,nan
1706696974654,nan,nan
1706696974667,nan,nan
1706696974679,nan,nan
1706696974686,nan,nan
1706696974699,nan,nan
1706696974710,nan,nan
1706696974720,nan,nan
1706696974732,nan,nan
1706696974743,nan,nan
1706696974753,nan,nan
1706696974765,nan,nan
1706696974807,nan,nan
1706696974808,nan,nan
1706696974810,nan,nan
1706696974822,nan,nan
1706696974832,nan,nan
1706696974844,nan,nan
1706696974854,nan,nan
1706696974866,nan,nan
1706696974877,nan,nan
1706696974887,nan,nan
1706696974899,nan,nan
1706696974910,nan,nan
1706696974921,nan,nan
1706696974956,nan,nan
1706696974972,nan,nan
1706696974977,nan,nan
1706696974989,nan,nan
1706696974999,nan,nan
1706696975011,nan,nan
1706696975021,nan,nan
1706696975033,nan,nan
1706696975044,nan,nan
1706696975054,nan,nan
1706696975065,nan,nan
1706696975108,nan,nan
1706696975109,nan,nan
1706696975110,nan,nan
1706696975125,nan,nan
1706696975132,nan,nan
1706696975145,nan,nan
1706696975153,nan,nan
1706696975165,nan,nan
1706696975177,nan,nan
1706696975186,nan,nan
1706696975199,nan,nan
1706696975210,nan,nan
1706696975220,nan,nan
1706696975256,nan,nan
1706696975257,nan,nan
1706696975272,nan,nan
1706696975277,nan,nan
1706696975288,nan,nan
1706696975299,nan,nan
1706696975310,nan,nan
1706696975320,nan,nan
1706696975332,nan,nan
1706696975344,nan,nan
1706696975353,nan,nan
1706696975365,nan,nan
1706696975377,nan,nan
1706696975387,nan,nan
1706696975424,nan,nan
1706696975439,nan,nan
1706696975443,nan,nan
1706696975454,nan,nan
1706696975465,nan,nan
1706696975477,nan,nan
1706696975486,nan,nan
1706696975498,nan,nan
1706696975510,nan,nan
1706696975520,nan,nan
1706696975532,nan,nan
1706696975550,nan,nan
1706696975572,nan,nan
1706696975577,nan,nan
1706696975589,nan,nan
1706696975599,nan,nan
1706696975610,nan,nan
1706696975620,nan,nan
1706696975632,nan,nan
1706696975644,nan,nan
1706696975653,nan,nan
1706696975665,nan,nan
1706696975677,nan,nan
1706696975687,nan,nan
1706696975722,nan,nan
1706696975738,nan,nan
1706696975745,nan,nan
1706696975754,nan,nan
1706696975767,nan,nan
1706696975777,nan,nan
1706696975787,nan,nan
1706696975800,nan,nan
1706696975816,nan,nan
1706696975832,nan,nan
1706696975849,nan,nan
1706696975872,nan,nan
1706696975875,nan,nan
1706696975888,nan,nan
1706696975898,nan,nan
1706696975908,nan,nan
1706696975925,nan,nan
1706696975947,nan,nan
1706696975963,nan,nan
1706696976012,nan,nan
1706696976013,nan,nan
1706696976031,0.602096825838089,0.5236184746026993
1706696976035,0.602096825838089,0.5236184746026993
1706696976047,0.5838297009468079,0.501857340335846
1706696976058,0.5856339037418365,0.5183617919683456
1706696976068,0.5856339037418365,0.5183617919683456
1706696976080,0.5814027786254883,0.5226848423480988
1706696976092,0.5790395736694336,0.5274943709373474
1706696976102,0.5796163082122803,0.5316373705863953
1706696976114,0.5795964300632477,0.5300333499908447
1706696976125,0.5796405673027039,0.5314012467861176
1706696976164,0.5770801603794098,0.533337265253067
1706696976165,0.5761906504631042,0.5329722464084625
1706696976170,0.5781205594539642,0.5343357920646667
1706696976181,0.5771560370922089,0.5378659069538116
1706696976191,0.5766634345054626,0.538115382194519
1706696976202,0.5745048522949219,0.541203111410141
1706696976213,0.5753920674324036,0.5415838956832886
1706696976224,0.5746544897556305,0.540764331817627
1706696976235,0.5758212506771088,0.5410269200801849
1706696976247,0.5755694806575775,0.53844153881073
1706696976258,0.5772647261619568,0.5332951247692108
1706696976269,0.5797043740749359,0.5375672280788422
1706696976279,0.5792561173439026,0.5381758809089661
1706696976323,0.5779089331626892,0.5410933792591095
1706696976324,0.5807323753833771,0.5372713804244995
1706696976341,0.6053948402404785,0.5400032997131348
1706696976347,0.606675535440445,0.5399787425994873
1706696976358,0.6086882054805756,0.5381329953670502
1706696976369,0.6099985539913177,0.5411002337932587
1706696976380,0.609413206577301,0.538389652967453
1706696976391,0.6096619367599487,0.5403406322002411
1706696976402,0.6104403138160706,0.5405909419059753
1706696976413,0.6119582951068878,0.543697714805603
1706696976424,0.6103764772415161,0.5393718183040619
1706696976436,0.6129180490970612,0.5464828014373779
1706696976475,0.6164484620094299,0.5469906628131866
1706696976479,0.5881108045578003,0.6282033324241638
1706696976493,0.555048406124115,0.6866026520729065
1706696976501,nan,nan
1706696976513,nan,nan
1706696976522,nan,nan
1706696976534,nan,nan
1706696976545,nan,nan
1706696976554,nan,nan
1706696976565,nan,nan
1706696976576,nan,nan
1706696976586,nan,nan
1706696976628,nan,nan
1706696976635,nan,nan
1706696976647,nan,nan
1706696976657,nan,nan
1706696976669,nan,nan
1706696976680,nan,nan
1706696976690,nan,nan
1706696976702,nan,nan
1706696976714,nan,nan
1706696976723,nan,nan
1706696976736,nan,nan
1706696976747,nan,nan
1706696976757,nan,nan
1706696976791,nan,nan
1706696976792,nan,nan
1706696976809,nan,nan
1706696976814,nan,nan
1706696976824,nan,nan
1706696976836,nan,nan
1706696976847,nan,nan
1706696976857,nan,nan
1706696976869,nan,nan
1706696976881,nan,nan
1706696976891,nan,nan
1706696976902,nan,nan
1706696976939,nan,nan
1706696976940,nan,nan
1706696976946,nan,nan
1706696976956,nan,nan
1706696976984,nan,nan
1706696976985,nan,nan
1706696976990,nan,nan
1706696977002,nan,nan
1706696977013,nan,nan
1706696977023,nan,nan
1706696977035,nan,nan
1706696977046,nan,nan
1706696977056,nan,nan
1706696977068,nan,nan
1706696977105,nan,nan
1706696977106,nan,nan
1706696977114,nan,nan
1706696977123,nan,nan
1706696977136,nan,nan
1706696977147,nan,nan
1706696977157,nan,nan
1706696977169,nan,nan
1706696977181,nan,nan
1706696977191,nan,nan
1706696977202,nan,nan
1706696977214,nan,nan
1706696977256,nan,nan
1706696977258,nan,nan
1706696977273,nan,nan
1706696977281,nan,nan
1706696977292,nan,nan
1706696977304,nan,nan
1706696977320,nan,nan
1706696977335,nan,nan
1706696977346,nan,nan
1706696977357,nan,nan
1706696977369,nan,nan
1706696977411,0.969294548034668,0.8132153153419495
1706696977412,0.969294548034668,0.8132153153419495
1706696977414,0.9071782231330872,0.7596304416656494
1706696977427,0.9071782231330872,0.7596304416656494
1706696977436,0.9071782231330872,0.7596304416656494
1706696977447,0.8046157360076904,0.704912543296814
1706696977459,0.8065384030342102,0.702014684677124
1706696977471,0.8055422902107239,0.7116798758506775
1706696977483,0.803526759147644,0.741348385810852
1706696977493,0.8033246397972107,0.7516094744205475
1706696977504,0.8035759329795837,0.7510983645915985
1706696977515,0.8055432736873627,0.7513706982135773
1706696977526,0.8054201006889343,0.7523813545703888
1706696977560,0.8026640117168427,0.7528973817825317
1706696977575,0.806385725736618,0.7469640970230103
1706696977582,0.8063697218894958,0.7462902665138245
1706696977593,0.8061327040195465,0.7433611750602722
1706696977605,0.8092900812625885,0.7434895038604736
1706696977615,0.807610034942627,0.7415759563446045
1706696977627,0.8093588352203369,0.7413524687290192
1706696977637,0.8089089691638947,0.7372801601886749
1706696977649,0.7888315320014954,0.7298955321311951
1706696977660,0.7526813447475433,0.7221358418464661
1706696977671,0.7507999539375305,0.726184070110321
1706696977683,0.7508553862571716,0.7246237099170685
1706696977694,0.7491740584373474,0.7186399400234222
1706696977729,0.7475864589214325,0.7165611386299133
1706696977749,0.7441636323928833,0.7163750231266022
1706696977761,0.7449319660663605,0.720300018787384
1706696977772,0.7452538907527924,0.7185382843017578
1706696977782,0.7436014413833618,0.7149805426597595
1706696977794,0.7447510957717896,0.7141661942005157
1706696977805,0.7446835339069366,0.7139624059200287
1706696977816,0.7219323813915253,0.6747339069843292
1706696977827,0.6637079119682312,0.5938206017017365
1706696977838,0.6324084997177124,0.5532495379447937
1706696977850,0.6140686571598053,0.5391193330287933
1706696977860,0.6060193777084351,0.5315941125154495
1706696977896,0.607029527425766,0.5319358557462692
1706696977897,0.6069639027118683,0.5314806699752808
1706696977898,0.6064347326755524,0.5299065709114075
1706696977904,0.605330765247345,0.530321940779686
1706696977915,0.6059344112873077,0.5284665822982788
1706696977928,0.6067212522029877,0.5286031663417816
1706696977937,0.6066513657569885,0.5265465378761292
1706696977948,0.6069901585578918,0.5266781151294708
1706696977960,0.6076593101024628,0.5246739685535431
1706696977971,0.606770932674408,0.5232458412647247
1706696977982,0.6053986251354218,0.521865576505661
1706696977993,0.6056198477745056,0.5227646380662918
1706696978004,0.6076945662498474,0.5273886620998383
1706696978021,0.6109154224395752,0.5268022865056992
1706696978045,0.6232190728187561,0.531998798251152
1706696978049,0.6324078738689423,0.5380711853504181
1706696978063,0.6316342353820801,0.5336560010910034
1706696978071,0.6317222714424133,0.5313799530267715
1706696978083,0.6330446004867554,0.5334981977939606
1706696978093,0.6333270370960236,0.5378860831260681
1706696978104,0.6337366700172424,0.5348857641220093
1706696978115,0.6333006620407104,0.5353772938251495
1706696978126,0.6343902945518494,0.5369584262371063
1706696978138,0.6334153115749359,0.5366983264684677
1706696978149,0.6334794461727142,0.5335077345371246
1706696978160,0.6317070424556732,0.530354842543602
1706696978171,0.6345348358154297,0.5310882180929184
1706696978213,0.6362195611000061,0.5337068885564804
1706696978215,0.6372317671775818,0.5291647613048553
1706696978230,0.6361328363418579,0.5303472280502319
1706696978237,0.6361673772335052,0.5302876532077789
1706696978250,0.6376747190952301,0.5314645767211914
1706696978259,0.6368281841278076,0.5317147672176361
1706696978270,0.6376084983348846,0.533714771270752
1706696978282,0.635550856590271,0.5337024629116058
1706696978292,0.6588828563690186,0.5439248979091644
1706696978303,0.6730940341949463,0.5369333624839783
1706696978313,0.718448281288147,0.5140460729598999
1706696978324,nan,nan
1706696978362,nan,nan
1706696978363,nan,nan
1706696978370,nan,nan
1706696978381,nan,nan
1706696978393,nan,nan
1706696978401,nan,nan
1706696978418,nan,nan
1706696978437,nan,nan
1706696978448,nan,nan
1706696978458,nan,nan
1706696978470,nan,nan
1706696978491,nan,nan
1706696978511,nan,nan
1706696978512,nan,nan
1706696978515,nan,nan
1706696978528,nan,nan
1706696978537,nan,nan
1706696978548,nan,nan
1706696978558,nan,nan
1706696978570,nan,nan
1706696978581,nan,nan
1706696978591,nan,nan
1706696978603,nan,nan
1706696978614,nan,nan
1706696978625,nan,nan
1706696978662,nan,nan
1706696978663,nan,nan
1706696978670,nan,nan
1706696978681,nan,nan
1706696978692,nan,nan
1706696978703,nan,nan
1706696978715,nan,nan
1706696978724,nan,nan
1706696978737,nan,nan
1706696978748,nan,nan
1706696978758,nan,nan
1706696978770,nan,nan
1706696978791,nan,nan
1706696978811,nan,nan
1706696978812,nan,nan
1706696978814,nan,nan
1706696978827,nan,nan
1706696978836,nan,nan
1706696978847,nan,nan
1706696978857,nan,nan
1706696978869,nan,nan
1706696978881,nan,nan
1706696978891,nan,nan
1706696978902,nan,nan
1706696978914,nan,nan
1706696978924,nan,nan
1706696978936,nan,nan
1706696978977,nan,nan
1706696978978,nan,nan
1706696978982,nan,nan
1706696978995,nan,nan
1706696979003,nan,nan
1706696979015,nan,nan
1706696979024,nan,nan
1706696979036,nan,nan
1706696979047,nan,nan
1706696979058,nan,nan
1706696979070,nan,nan
1706696979081,nan,nan
1706696979091,nan,nan
1706696979129,nan,nan
1706696979136,nan,nan
1706696979150,nan,nan
1706696979158,nan,nan
1706696979170,nan,nan
1706696979180,nan,nan
1706696979190,nan,nan
1706696979202,nan,nan
1706696979214,nan,nan
1706696979224,nan,nan
1706696979236,nan,nan
1706696979259,nan,nan
1706696979282,nan,nan
1706696979298,nan,nan
1706696979303,nan,nan
1706696979314,nan,nan
1706696979324,nan,nan
1706696979336,nan,nan
1706696979348,nan,nan
1706696979358,nan,nan
1706696979369,nan,nan
1706696979380,nan,nan
1706696979390,nan,nan
1706696979402,nan,nan
1706696979444,nan,nan
1706696979445,nan,nan
1706696979448,nan,nan
1706696979461,nan,nan
1706696979469,nan,nan
1706696979481,nan,nan
1706696979491,nan,nan
1706696979503,nan,nan
1706696979515,nan,nan
1706696979524,nan,nan
1706696979536,nan,nan
1706696979548,nan,nan
1706696979557,nan,nan
1706696979594,nan,nan
1706696979595,nan,nan
1706696979602,nan,nan
1706696979613,nan,nan
1706696979624,nan,nan
1706696979636,nan,nan
1706696979648,nan,nan
1706696979658,nan,nan
1706696979670,nan,nan
1706696979681,nan,nan
1706696979692,nan,nan
1706696979704,nan,nan
1706696979743,nan,nan
1706696979744,nan,nan
1706696979748,nan,nan
1706696979762,nan,nan
1706696979771,nan,nan
1706696979789,nan,nan
1706696979804,nan,nan
1706696979815,nan,nan
1706696979826,nan,nan
1706696979837,nan,nan
1706696979849,nan,nan
1706696979861,nan,nan
1706696979903,nan,nan
1706696979904,0.6633095145225525,0.6564606428146362
1706696979906,0.6683953404426575,0.6544483304023743
1706696979919,0.6634563207626343,0.6571266353130341
1706696979929,0.6635381281375885,0.6566585302352905
1706696979939,0.664272665977478,0.6589679718017578
1706696979950,0.6651725172996521,0.6543647348880768
1706696979962,0.6648734211921692,0.6524783372879028
1706696979972,0.6672236323356628,0.6490298211574554
1706696979983,0.6657324731349945,0.6557973623275757
1706696979994,0.6547943651676178,0.664116382598877
1706696980006,0.6601123809814453,0.6679124534130096
1706696980017,0.6656858325004578,0.6579691171646118
1706696980063,0.6687874794006348,0.6548878848552704
1706696980064,0.6661388874053955,0.6544783711433411
1706696980079,0.6664447486400604,0.6591981053352356
1706696980084,0.656212568283081,0.6283092200756073
1706696980096,0.6261087357997894,0.5495244562625885
1706696980106,0.614516019821167,0.5174706280231476
1706696980117,0.6093794405460358,0.512194499373436
1706696980128,0.6077089905738831,0.5179550051689148
1706696980139,0.6058470606803894,0.5180394500494003
1706696980150,0.6043912172317505,0.5178941339254379
1706696980161,0.6038369536399841,0.5145742744207382
1706696980172,0.6035068035125732,0.514072835445404
1706696980211,0.60366490483284,0.5127082765102386
1706696980212,0.6043326258659363,0.5137957334518433
1706696980217,0.6055715382099152,0.5158072859048843
1706696980228,0.6052789092063904,0.5138113796710968
1706696980240,0.6051424443721771,0.5091296881437302
1706696980251,0.6043817102909088,0.5075806677341461
1706696980262,0.6046237647533417,0.5081296861171722
1706696980273,0.6042954623699188,0.5112338662147522
1706696980284,0.6037169098854065,0.506498172879219
1706696980295,0.6028552055358887,0.5054174959659576
1706696980306,0.604023814201355,0.5043772906064987
1706696980316,0.607237309217453,0.5099824070930481
1706696980328,0.6566594541072845,0.5571954846382141
1706696980339,0.7068671882152557,0.5925776958465576
1706696980378,0.7734188139438629,0.6373482048511505
1706696980383,0.8342995941638947,0.6850946843624115
1706696980394,0.8368976712226868,0.6863223314285278
1706696980406,0.8365747332572937,0.682778924703598
1706696980417,0.8369167447090149,0.6844794750213623
1706696980428,0.8384708762168884,0.6863119602203369
1706696980439,0.839587926864624,0.6886177659034729
1706696980450,0.8408302068710327,0.6884796619415283
1706696980461,0.8383679091930389,0.6864244639873505
1706696980473,0.8389079570770264,0.6843035221099854
1706696980483,0.8399276435375214,0.6846483051776886
1706696980507,0.8432106375694275,0.6883168816566467
1706696980529,0.8414303660392761,0.6960998177528381
1706696980530,0.8437644243240356,0.6975972652435303
1706696980545,0.8388967216014862,0.692409336566925
1706696980549,0.831093966960907,0.6993557214736938
1706696980561,0.8453450798988342,0.6623127460479736
1706696980571,0.8599914312362671,0.6408630013465881
1706696980582,0.8599914312362671,0.6408630013465881
1706696980593,nan,nan
1706696980604,nan,nan
1706696980615,nan,nan
1706696980625,nan,nan
1706696980636,nan,nan
1706696980648,nan,nan
1706696980659,nan,nan
1706696980692,nan,nan
1706696980693,nan,nan
1706696980698,nan,nan
1706696980718,nan,nan
1706696980727,nan,nan
1706696980738,nan,nan
1706696980750,nan,nan
1706696980760,nan,nan
1706696980772,nan,nan
1706696980783,nan,nan
1706696980793,nan,nan
1706696980805,nan,nan
1706696980822,nan,nan
1706696980842,nan,nan
1706696980843,nan,nan
1706696980850,nan,nan
1706696980860,nan,nan
1706696980874,nan,nan
1706696980883,nan,nan
1706696980894,nan,nan
1706696980905,nan,nan
1706696980917,nan,nan
1706696980927,nan,nan
1706696980939,nan,nan
1706696980950,nan,nan
1706696980960,nan,nan
1706696980997,nan,nan
1706696980998,nan,nan
1706696981006,nan,nan
1706696981017,nan,nan
1706696981029,nan,nan
1706696981039,nan,nan
1706696981051,nan,nan
1706696981059,nan,nan
1706696981072,nan,nan
1706696981083,nan,nan
1706696981093,nan,nan
1706696981105,nan,nan
1706696981142,nan,nan
1706696981143,nan,nan
1706696981150,nan,nan
1706696981159,nan,nan
1706696981172,nan,nan
1706696981183,nan,nan
1706696981193,nan,nan
1706696981205,nan,nan
1706696981216,nan,nan
1706696981226,nan,nan
1706696981239,nan,nan
1706696981250,nan,nan
1706696981260,nan,nan
1706696981295,nan,nan
1706696981311,nan,nan
1706696981317,nan,nan
1706696981327,nan,nan
1706696981339,nan,nan
1706696981350,nan,nan
1706696981361,nan,nan
1706696981372,nan,nan
1706696981384,nan,nan
1706696981395,nan,nan
1706696981406,nan,nan
1706696981440,nan,nan
1706696981441,nan,nan
1706696981457,nan,nan
1706696981472,nan,nan
1706696981482,nan,nan
1706696981493,nan,nan
1706696981504,nan,nan
1706696981515,nan,nan
1706696981527,nan,nan
1706696981538,nan,nan
1706696981549,nan,nan
1706696981596,nan,nan
1706696981597,nan,nan
1706696981613,nan,nan
1706696981626,nan,nan
1706696981641,nan,nan
1706696981653,0.5481267869472504,0.47718581557273865
1706696981664,0.5485861301422119,0.45741231739521027
1706696981676,0.5490788221359253,0.4695761054754257
1706696981687,0.5715822279453278,0.47830730676651
1706696981698,0.6135795712471008,0.5031380355358124
1706696981709,0.6263968050479889,0.5092018842697144
1706696981745,0.626338541507721,0.5114790201187134
1706696981746,0.6306111514568329,0.5074442327022552
1706696981753,0.6287117600440979,0.5041705816984177
1706696981765,0.6266209185123444,0.5078409761190414
1706696981776,0.6279439032077789,0.5053259134292603
1706696981787,0.627088725566864,0.5036576986312866
1706696981798,0.6287459433078766,0.5083261132240295
1706696981808,0.6271835267543793,0.5148829072713852
1706696981820,0.6278034150600433,0.5160507708787918
1706696981831,0.6270225346088409,0.517291247844696
1706696981842,0.6268494725227356,0.5183782279491425
1706696981878,0.6256584525108337,0.5188356339931488
1706696981879,0.6280669569969177,0.515775665640831
1706696981886,0.6305571794509888,0.5169627517461777
1706696981897,0.6270773112773895,0.5163450390100479
1706696981909,0.6257894933223724,0.5110026448965073
1706696981920,0.6247109472751617,0.5117567628622055
1706696981931,0.6258720457553864,0.5147195011377335
1706696981942,0.6288032531738281,0.5172708034515381
1706696981953,0.6279105544090271,0.5143513977527618
1706696981964,0.6285712420940399,0.5094311088323593
1706696981975,0.6277199685573578,0.5062819868326187
1706696981985,0.6288889050483704,0.5045963823795319
1706696982008,0.6022366881370544,0.5081856846809387
1706696982028,nan,nan
1706696982029,nan,nan
1706696982045,nan,nan
1706696982052,nan,nan
1706696982062,nan,nan
1706696982072,nan,nan
1706696982083,nan,nan
1706696982095,nan,nan
1706696982105,nan,nan
1706696982123,nan,nan
1706696982144,nan,nan
1706696982179,nan,nan
1706696982180,nan,nan
1706696982194,nan,nan
1706696982197,nan,nan
1706696982210,nan,nan
1706696982220,nan,nan
1706696982230,nan,nan
1706696982242,nan,nan
1706696982254,nan,nan
1706696982264,nan,nan
1706696982276,nan,nan
1706696982287,nan,nan
1706696982308,nan,nan
1706696982328,nan,nan
1706696982329,nan,nan
1706696982330,nan,nan
1706696982343,nan,nan
1706696982354,nan,nan
1706696982364,nan,nan
1706696982376,nan,nan
1706696982387,nan,nan
1706696982397,nan,nan
1706696982409,nan,nan
1706696982421,nan,nan
1706696982431,nan,nan
1706696982442,nan,nan
1706696982478,nan,nan
1706696982494,nan,nan
1706696982498,nan,nan
1706696982510,nan,nan
1706696982521,nan,nan
1706696982531,nan,nan
1706696982542,nan,nan
1706696982554,nan,nan
1706696982564,nan,nan
1706696982575,nan,nan
1706696982587,nan,nan
1706696982627,nan,nan
1706696982628,nan,nan
1706696982630,nan,nan
1706696982644,nan,nan
1706696982653,nan,nan
1706696982665,nan,nan
1706696982675,nan,nan
1706696982687,nan,nan
1706696982697,nan,nan
1706696982708,nan,nan
1706696982720,nan,nan
1706696982730,nan,nan
1706696982742,nan,nan
1706696982779,nan,nan
1706696982787,nan,nan
1706696982797,nan,nan
1706696982813,nan,nan
1706696982820,nan,nan
1706696982830,nan,nan
1706696982842,nan,nan
1706696982854,nan,nan
1706696982864,nan,nan
1706696982876,nan,nan
1706696982887,nan,nan
1706696982906,nan,nan
1706696982929,nan,nan
1706696982930,nan,nan
1706696982944,nan,nan
1706696982953,nan,nan
1706696982964,nan,nan
1706696982975,nan,nan
1706696982986,nan,nan
1706696982997,nan,nan
1706696983009,nan,nan
1706696983020,nan,nan
1706696983030,nan,nan
1706696983042,nan,nan
1706696983075,nan,nan
1706696983076,nan,nan
1706696983091,nan,nan
1706696983098,nan,nan
1706696983109,nan,nan
1706696983120,nan,nan
1706696983130,nan,nan
1706696983142,nan,nan
1706696983153,nan,nan
1706696983163,nan,nan
1706696983176,nan,nan
1706696983187,nan,nan
1706696983229,nan,nan
1706696983230,nan,nan
1706696983246,nan,nan
1706696983254,nan,nan
1706696983264,nan,nan
1706696983276,nan,nan
1706696983287,nan,nan
1706696983298,nan,nan
1706696983309,nan,nan
1706696983320,nan,nan
1706696983330,nan,nan
1706696983343,nan,nan
1706696983376,nan,nan
1706696983377,nan,nan
1706696983395,nan,nan
1706696983397,nan,nan
1706696983411,nan,nan
1706696983421,nan,nan
1706696983431,nan,nan
1706696983445,nan,nan
1706696983463,nan,nan
1706696983476,nan,nan
1706696983487,nan,nan
1706696983509,nan,nan
1706696983531,nan,nan
1706696983532,nan,nan
1706696983547,nan,nan
1706696983556,0.5986513793468475,0.43949559330940247
1706696983566,0.5986513793468475,0.43949559330940247
1706696983577,0.5986513793468475,0.43949559330940247
1706696983589,0.6003212034702301,0.44837021827697754
1706696983600,0.60044926404953,0.44395917654037476
1706696983611,0.5982539653778076,0.445062592625618
1706696983622,0.5968840718269348,0.44306811690330505
1706696983633,0.5970786213874817,0.4383692890405655
1706696983677,0.5987319052219391,0.4438267946243286
1706696983678,0.597770094871521,0.44443607330322266
1706696983694,0.5970893502235413,0.44781097769737244
1706696983700,0.5967967808246613,0.44885051250457764
1706696983712,0.5973717570304871,0.4564342647790909
1706696983722,0.5956377983093262,0.4561816453933716
1706696983734,0.5946705043315887,0.45607148110866547
1706696983745,0.5938893556594849,0.4513162076473236
1706696983756,0.5940294861793518,0.4516012966632843
1706696983767,0.5951693952083588,0.45566660165786743
1706696983778,0.5940134525299072,0.4558873474597931
1706696983789,0.5937862694263458,0.45555049180984497
1706696983809,0.6032726466655731,0.46611738204956055
1706696983831,0.624998927116394,0.4810791015625
1706696983832,0.6691638827323914,0.5083452016115189
1706696983834,0.7362851202487946,0.5426402390003204
1706696983847,0.7556572556495667,0.5476754605770111
1706696983856,0.7589036226272583,0.5454782545566559
1706696983867,0.7611924111843109,0.5433451235294342
1706696983877,0.7626815438270569,0.5447863638401031
1706696983889,0.7633845508098602,0.5458662509918213
1706696983900,0.7631697058677673,0.546113520860672
1706696983911,0.7633777856826782,0.5494155287742615
1706696983923,0.7634620368480682,0.5494368970394135
1706696983933,0.7624455690383911,0.5497449934482574
1706696983977,0.7614411115646362,0.550664633512497
1706696983978,0.7590887546539307,0.5508329272270203
1706696983994,0.7587329149246216,0.5503604710102081
1706696984000,0.7579459846019745,0.5504483282566071
1706696984011,0.7567711174488068,0.5559614598751068
1706696984022,0.7627084851264954,0.5579244494438171
1706696984033,0.7920332252979279,0.5932593047618866
1706696984045,0.8103015124797821,0.6143966913223267
1706696984056,0.8337574601173401,0.6376890242099762
1706696984067,0.835561990737915,0.6423332393169403
1706696984077,0.8366902768611908,0.6455103158950806
1706696984088,0.8289183974266052,0.651698499917984
1706696984107,0.8390718698501587,0.6204771995544434
1706696984127,0.836793065071106,0.6050127744674683
1706696984133,0.8197934925556183,0.6517080962657928
1706696984145,0.8243950009346008,0.6511788368225098
1706696984155,0.8241122961044312,0.651571124792099
1706696984167,0.8270184099674225,0.6557907164096832
1706696984178,0.8266377449035645,0.6535206139087677
1706696984188,0.8276169002056122,0.6533567607402802
1706696984200,0.8275228440761566,0.64889195561409
1706696984211,0.8266273736953735,0.6423006951808929
1706696984222,0.82521653175354,0.6407125294208527
1706696984234,0.8287558555603027,0.6365021765232086
1706696984244,0.8296138644218445,0.6459006071090698
1706696984278,0.8300882279872894,0.6469791829586029
1706696984288,0.834642618894577,0.6468584537506104
1706696984298,0.8324538767337799,0.6597886383533478
1706696984310,0.8500479459762573,0.6355082392692566
1706696984320,nan,nan
1706696984331,nan,nan
1706696984342,nan,nan
1706696984353,nan,nan
1706696984364,nan,nan
1706696984374,nan,nan
1706696984386,nan,nan
1706696984397,nan,nan
1706696984430,nan,nan
1706696984431,nan,nan
1706696984437,nan,nan
1706696984457,nan,nan
1706696984468,nan,nan
1706696984479,nan,nan
1706696984490,nan,nan
1706696984500,nan,nan
1706696984512,nan,nan
1706696984523,nan,nan
1706696984534,nan,nan
1706696984546,nan,nan
1706696984557,nan,nan
1706696984597,nan,nan
1706696984598,nan,nan
1706696984600,nan,nan
1706696984615,nan,nan
1706696984623,nan,nan
1706696984633,nan,nan
1706696984645,nan,nan
1706696984656,nan,nan
1706696984666,nan,nan
1706696984678,nan,nan
1706696984689,nan,nan
1706696984700,nan,nan
1706696984712,nan,nan
1706696984747,nan,nan
1706696984748,nan,nan
1706696984756,nan,nan
1706696984767,nan,nan
1706696984779,nan,nan
1706696984790,nan,nan
1706696984800,nan,nan
1706696984812,nan,nan
1706696984823,nan,nan
1706696984833,nan,nan
1706696984845,nan,nan
1706696984857,nan,nan
1706696984898,nan,nan
1706696984900,nan,nan
1706696984916,nan,nan
1706696984923,nan,nan
1706696984935,nan,nan
1706696984945,nan,nan
1706696984957,nan,nan
1706696984967,nan,nan
1706696984979,nan,nan
1706696984990,nan,nan
1706696985000,nan,nan
1706696985012,nan,nan
1706696985046,nan,nan
1706696985047,nan,nan
1706696985057,nan,nan
1706696985066,nan,nan
1706696985081,nan,nan
1706696985090,nan,nan
1706696985100,nan,nan
1706696985112,nan,nan
1706696985124,nan,nan
1706696985133,nan,nan
1706696985146,nan,nan
1706696985158,nan,nan
1706696985167,nan,nan
1706696985213,nan,nan
1706696985214,nan,nan
1706696985228,nan,nan
1706696985235,nan,nan
1706696985247,nan,nan
1706696985258,0.40787920355796814,0.501142144203186
1706696985269,0.40787920355796814,0.501142144203186
1706696985280,0.404325395822525,0.5100182890892029
1706696985292,0.3924836218357086,0.517327606678009
1706696985303,0.3864285945892334,0.4865493178367615
1706696985314,0.3843587040901184,0.48329007625579834
1706696985325,0.38642770051956177,0.478272944688797
1706696985361,0.38619598746299744,0.4757956862449646
1706696985362,0.3850182294845581,0.47165730595588684
1706696985369,0.38760092854499817,0.4712682366371155
1706696985380,0.3883194625377655,0.47225892543792725
1706696985391,0.38784337043762207,0.4729708433151245
1706696985402,0.3853219449520111,0.4720967411994934
1706696985413,0.38771548867225647,0.4742492437362671
1706696985424,0.38769495487213135,0.4745498299598694
1706696985435,0.3892536163330078,0.4761693775653839
1706696985446,0.38654768466949463,0.4760981500148773
1706696985458,0.38749513030052185,0.4757724106311798
1706696985494,0.38853609561920166,0.4783962368965149
1706696985509,0.3916836678981781,0.4706066846847534
1706696985513,0.38980433344841003,0.4691419005393982
1706696985524,0.38488978147506714,0.4674869477748871
1706696985535,0.38705000281333923,0.4657716751098633
1706696985546,0.38510578870773315,0.45907267928123474
1706696985557,0.38510578870773315,0.45907267928123474
1706696985568,nan,nan
1706696985578,nan,nan
1706696985590,nan,nan
1706696985600,nan,nan
1706696985624,nan,nan
1706696985645,nan,nan
1706696985646,nan,nan
1706696985663,nan,nan
1706696985666,nan,nan
1706696985685,nan,nan
1706696985704,nan,nan
1706696985716,nan,nan
1706696985728,nan,nan
1706696985737,nan,nan
1706696985749,nan,nan
1706696985761,nan,nan
1706696985795,nan,nan
1706696985796,nan,nan
1706696985804,nan,nan
1706696985815,nan,nan
1706696985828,nan,nan
1706696985837,nan,nan
1706696985849,nan,nan
1706696985861,nan,nan
1706696985871,nan,nan
1706696985882,nan,nan
1706696985894,nan,nan
1706696985905,nan,nan
1706696985947,nan,nan
1706696985948,nan,nan
1706696985949,nan,nan
1706696985963,nan,nan
1706696985971,nan,nan
1706696985983,nan,nan
1706696985994,nan,nan
1706696986004,nan,nan
1706696986016,nan,nan
1706696986027,nan,nan
1706696986038,nan,nan
1706696986049,nan,nan
1706696986061,nan,nan
1706696986097,nan,nan
1706696986098,nan,nan
1706696986104,nan,nan
1706696986117,nan,nan
1706696986128,nan,nan
1706696986137,nan,nan
1706696986149,nan,nan
1706696986160,nan,nan
1706696986170,nan,nan
1706696986182,nan,nan
1706696986194,nan,nan
1706696986203,nan,nan
1706696986247,nan,nan
1706696986248,nan,nan
1706696986249,nan,nan
1706696986265,nan,nan
1706696986271,nan,nan
1706696986282,nan,nan
1706696986294,nan,nan
1706696986304,nan,nan
1706696986315,nan,nan
1706696986327,nan,nan
1706696986337,nan,nan
1706696986349,nan,nan
1706696986361,nan,nan
1706696986395,nan,nan
1706696986396,nan,nan
1706696986404,nan,nan
1706696986415,nan,nan
1706696986428,nan,nan
1706696986437,nan,nan
1706696986449,nan,nan
1706696986461,nan,nan
1706696986471,nan,nan
1706696986482,nan,nan
1706696986494,nan,nan
1706696986503,nan,nan
1706696986547,nan,nan
1706696986548,nan,nan
1706696986565,nan,nan
1706696986570,nan,nan
1706696986583,nan,nan
1706696986593,nan,nan
1706696986603,nan,nan
1706696986615,nan,nan
1706696986626,nan,nan
1706696986637,nan,nan
1706696986649,nan,nan
1706696986660,nan,nan
1706696986695,nan,nan
1706696986696,nan,nan
1706696986704,nan,nan
1706696986715,nan,nan
1706696986727,nan,nan
1706696986737,nan,nan
1706696986749,nan,nan
1706696986760,nan,nan
1706696986770,nan,nan
1706696986783,nan,nan
1706696986794,nan,nan
1706696986804,nan,nan
1706696986846,nan,nan
1706696986847,nan,nan
1706696986849,nan,nan
1706696986864,nan,nan
1706696986869,nan,nan
1706696986882,nan,nan
1706696986893,nan,nan
1706696986902,nan,nan
1706696986915,nan,nan
1706696986927,nan,nan
1706696986936,nan,nan
1706696986948,nan,nan
1706696986960,nan,nan
1706696986998,nan,nan
1706696986999,nan,nan
1706696987004,nan,nan
1706696987017,nan,nan
1706696987027,nan,nan
1706696987037,nan,nan
1706696987049,nan,nan
1706696987060,nan,nan
1706696987071,nan,nan
1706696987082,nan,nan
1706696987102,nan,nan
1706696987146,nan,nan
1706696987147,nan,nan
1706696987149,nan,nan
1706696987163,nan,nan
1706696987171,nan,nan
1706696987183,nan,nan
1706696987193,nan,nan
1706696987210,nan,nan
1706696987232,nan,nan
1706696987246,nan,nan
1706696987264,nan,nan
1706696987274,nan,nan
1706696987324,nan,nan
1706696987325,nan,nan
1706696987331,0.5938751399517059,0.4992705285549164
1706696987341,0.5966041386127472,0.48866377770900726
1706696987355,0.598638504743576,0.48976191878318787
1706696987364,0.5989157855510712,0.4864199161529541
1706696987375,0.5977303683757782,0.4938027858734131
1706696987386,0.5967922806739807,0.4901842772960663
1706696987398,0.5952292680740356,0.49120326340198517
1706696987409,0.5956453382968903,0.4890361726284027
1706696987420,0.5938215255737305,0.49050700664520264
1706696987431,0.5953413248062134,0.4939792603254318
1706696987442,0.5932446122169495,0.49940793216228485
1706696987459,0.5924687087535858,0.5006362944841385
1706696987482,0.5929374396800995,0.49812236428260803
1706696987483,0.5926084220409393,0.4937770217657089
1706696987486,0.5930827558040619,0.4935818761587143
1706696987501,0.5924594104290009,0.4917324036359787
1706696987509,0.5930393636226654,0.4916275888681412
1706696987520,0.5921924114227295,0.493991494178772
1706696987531,0.5908095836639404,0.49805082380771637
1706696987542,0.590618759393692,0.5022466033697128
1706696987553,0.5923673510551453,0.5028770864009857
1706696987565,0.5916365087032318,0.5039465129375458
1706696987576,0.592576414346695,0.5027196705341339
1706696987587,0.5938258469104767,0.5035217851400375
1706696987628,0.5951414108276367,0.5019639581441879
1706696987630,0.5944801568984985,0.49917562305927277
1706696987644,0.5878026187419891,0.4936291575431824
1706696987653,0.5751043856143951,0.4905124455690384
1706696987664,0.5612004399299622,0.4874469041824341
1706696987675,0.5459266602993011,0.48246990144252777
1706696987686,0.5449742078781128,0.4790477156639099
1706696987697,0.5448912084102631,0.47722816467285156
1706696987708,0.5453474819660187,0.47099469602108
1706696987719,0.5480938255786896,0.4727625250816345
1706696987731,0.5496760308742523,0.4664652496576309
1706696987742,0.5482616126537323,0.46966885030269623
1706696987780,0.5468100011348724,0.46613557636737823
1706696987781,0.5465614199638367,0.46965229511260986
1706696987786,0.5470734536647797,0.4708107113838196
1706696987798,0.5471945703029633,0.46976256370544434
1706696987808,0.546768844127655,0.4699034094810486
1706696987819,0.526094913482666,0.4911735951900482
1706696987831,0.46284860372543335,0.5495720505714417
1706696987842,0.3311871886253357,0.6582792103290558
1706696987852,0.2795103043317795,0.6902012228965759
1706696987864,0.2532401829957962,0.7097379565238953
1706696987875,0.23532935976982117,0.7220818102359772
1706696987886,0.23585950583219528,0.7201148271560669
1706696987930,0.23438632488250732,0.7178950905799866
1706696987931,0.2364068403840065,0.7200883328914642
1706696987945,0.2325579598546028,0.7191033959388733
1706696987953,0.2320329025387764,0.7220470011234283
1706696987965,0.23063363134860992,0.7217182219028473
1706696987975,0.23157670348882675,0.7208573222160339
1706696987986,0.23223891109228134,0.7199689447879791
1706696987997,0.23312729597091675,0.7226176559925079
1706696988008,0.2325911745429039,0.7230592966079712
1706696988019,0.2328397035598755,0.7260168492794037
1706696988030,0.23322442919015884,0.7270468473434448
1706696988041,0.23519746214151382,0.7265913486480713
1706696988081,0.2367321029305458,0.7255155444145203
1706696988086,0.23676764965057373,0.7240377962589264
1706696988097,0.2373635396361351,0.7292010188102722
1706696988108,0.2386777624487877,0.7307048738002777
1706696988119,0.2370634227991104,0.734163910150528
1706696988130,0.236263670027256,0.7317254841327667
1706696988141,0.2246706485748291,0.7232162058353424
1706696988153,0.21814051270484924,0.7162896394729614
1706696988164,0.21323013305664062,0.7107900679111481
1706696988175,0.2167513519525528,0.7115656137466431
1706696988186,0.2158939391374588,0.7127046287059784
1706696988197,0.21479377895593643,0.7143324613571167
1706696988229,0.21140675991773605,0.7120290100574493
1706696988230,0.21282342076301575,0.7118854820728302
1706696988231,0.21342211216688156,0.7099257707595825
1706696988246,0.21620940417051315,0.7099556922912598
1706696988253,0.2142447903752327,0.7098596394062042
1706696988264,0.2145954668521881,0.7097989320755005
1706696988275,0.21378549188375473,0.7075991630554199
1706696988286,0.2146640419960022,0.7067197859287262
1706696988297,0.21360167860984802,0.7039953768253326
1706696988308,0.21247348189353943,0.7058954536914825
1706696988320,0.21310602873563766,0.7043522596359253
1706696988331,0.2136671543121338,0.7053257524967194
1706696988342,0.21276112645864487,0.7007559537887573
1706696988383,0.2119598165154457,0.7012114226818085
1706696988385,0.2124372348189354,0.7075378596782684
1706696988399,0.21270082890987396,0.709307461977005
1706696988408,0.21234290301799774,0.7049870193004608
1706696988419,0.21225787699222565,0.7060669362545013
1706696988430,0.21164987981319427,0.7026026248931885
1706696988441,0.21062986552715302,0.6996818482875824
1706696988452,0.20998336374759674,0.6959574520587921
1706696988463,0.21111653000116348,0.695815920829773
1706696988474,0.21234535425901413,0.6970428228378296
1706696988486,0.2111751288175583,0.696345329284668
1706696988497,0.21218668669462204,0.695294976234436
1706696988530,0.2102239951491356,0.69370436668396
1706696988531,0.20940164476633072,0.6903859376907349
1706696988546,0.20633229613304138,0.6880548596382141
1706696988553,0.2060755044221878,0.6915728747844696
1706696988565,0.20717669278383255,0.6929539442062378
1706696988575,0.20620762556791306,0.6905634105205536
1706696988586,0.20719635486602783,0.6912432014942169
1706696988596,0.20729057490825653,0.6905491948127747
1706696988607,0.20340093225240707,0.6951423287391663
1706696988619,0.20403486490249634,0.6926674246788025
1706696988630,0.206011064350605,0.6942732930183411
1706696988641,0.2157171219587326,0.6979941725730896
1706696988682,0.2540030851960182,0.7142299711704254
1706696988683,0.545180544257164,0.965894877910614
1706696988700,nan,nan
1706696988706,nan,nan
1706696988717,nan,nan
1706696988728,nan,nan
1706696988739,nan,nan
1706696988750,nan,nan
1706696988761,nan,nan
1706696988771,nan,nan
1706696988783,nan,nan
1706696988794,nan,nan
1706696988805,nan,nan
1706696988846,nan,nan
1706696988847,nan,nan
1706696988849,nan,nan
1706696988864,nan,nan
1706696988879,nan,nan
1706696988898,nan,nan
1706696988909,nan,nan
1706696988921,nan,nan
1706696988930,nan,nan
1706696988941,nan,nan
1706696988953,nan,nan
1706696988964,nan,nan
1706696988996,nan,nan
1706696988997,nan,nan
1706696989012,nan,nan
1706696989020,nan,nan
1706696989032,nan,nan
1706696989041,nan,nan
1706696989053,nan,nan
1706696989064,nan,nan
1706696989075,nan,nan
1706696989086,nan,nan
1706696989098,nan,nan
1706696989108,nan,nan
1706696989152,nan,nan
1706696989167,nan,nan
1706696989175,nan,nan
1706696989188,nan,nan
1706696989197,nan,nan
1706696989208,nan,nan
1706696989219,nan,nan
1706696989230,nan,nan
1706696989242,nan,nan
1706696989254,nan,nan
1706696989298,nan,nan
1706696989313,nan,nan
1706696989320,nan,nan
1706696989332,nan,nan
1706696989342,nan,nan
1706696989353,nan,nan
1706696989364,nan,nan
1706696989375,nan,nan
1706696989387,nan,nan
1706696989398,nan,nan
1706696989409,nan,nan
1706696989449,nan,nan
1706696989454,nan,nan
1706696989465,0.2987964153289795,0.6645858287811279
1706696989477,0.2987964153289795,0.6645858287811279
1706696989487,0.2987964153289795,0.6645858287811279
1706696989499,0.29968494176864624,0.6541505455970764
1706696989510,0.27856531739234924,0.6403635144233704
1706696989521,0.27956992387771606,0.64200359582901
1706696989533,0.28000232577323914,0.641750156879425
1706696989544,0.2815174460411072,0.6389855742454529
1706696989555,0.27828076481819153,0.6358177065849304
1706696989597,0.29642707109451294,0.6532558500766754
1706696989598,0.29427874088287354,0.6503239870071411
1706696989600,0.2946091890335083,0.650704562664032
1706696989614,0.2942039370536804,0.6518615782260895
1706696989622,0.29566119611263275,0.651199072599411
1706696989634,0.29592016339302063,0.6518970429897308
1706696989644,0.29670730233192444,0.6551114916801453
1706696989656,0.3010462075471878,0.6528880000114441
1706696989667,0.3539769798517227,0.5999650657176971
1706696989677,0.4605458825826645,0.5126601904630661
1706696989688,0.5293476581573486,0.45387646555900574
1706696989699,0.5703916847705841,0.426663339138031
1706696989710,0.5901177525520325,0.414347380399704
1706696989747,0.5914246737957001,0.4226211905479431
1706696989748,0.5905492007732391,0.42883501946926117
1706696989755,0.5934771001338959,0.42923855781555176
1706696989766,0.5938943922519684,0.42689621448516846
1706696989778,0.5924828350543976,0.4308408349752426
1706696989789,0.5931622087955475,0.42915044724941254
1706696989799,0.5923468768596649,0.431389182806015
1706696989810,0.5934939384460449,0.43164870142936707
1706696989822,0.5938255488872528,0.428495392203331
1706696989833,0.5951276123523712,0.42710837721824646
1706696989844,0.594595342874527,0.4305635690689087
1706696989855,0.5931596457958221,0.4362887591123581
1706696989898,0.5919255912303925,0.4348139017820358
1706696989900,0.5915379226207733,0.4343542158603668
1706696989916,0.5791360139846802,0.4372290223836899
1706696989923,0.5720871686935425,0.44170354306697845
1706696989933,0.5630428791046143,0.4481842815876007
1706696989944,0.5629941523075104,0.45428451895713806
1706696989955,0.5625293850898743,0.45245929062366486
1706696989966,0.563371479511261,0.45137475430965424
1706696989977,0.565764307975769,0.4457187354564667
1706696989989,0.566028505563736,0.44563476741313934
1706696990000,0.5646415948867798,0.4495641738176346
1706696990011,0.5625177025794983,0.45408354699611664
1706696990049,0.5632805228233337,0.4556810110807419
1706696990050,0.5628997087478638,0.452266663312912
1706696990054,0.5616344809532166,0.4573929160833359
1706696990066,0.5626136362552643,0.459494948387146
1706696990077,0.5638262331485748,0.4598112404346466
1706696990088,0.5644463896751404,0.4610346257686615
1706696990099,0.5639170408248901,0.4615110009908676
1706696990110,0.5623848736286163,0.4581627994775772
1706696990121,0.5619963109493256,0.45915472507476807
1706696990132,0.560763031244278,0.45544150471687317
1706696990144,0.5604793131351471,0.45717377960681915
1706696990155,0.559270828962326,0.455355241894722
1706696990166,0.5595115721225739,0.46293891966342926
1706696990199,0.5607421696186066,0.4661220759153366
1706696990200,0.5612680315971375,0.469916433095932
1706696990217,0.5577035248279572,0.46624940633773804
1706696990222,0.5592576265335083,0.4665014147758484
1706696990233,0.5588517785072327,0.46568281948566437
1706696990244,0.5631542503833771,0.47848260402679443
1706696990255,0.5687488317489624,0.4860219359397888
1706696990266,0.5750163197517395,0.49733780324459076
1706696990277,0.5789175629615784,0.5020973235368729
1706696990288,0.5760833919048309,0.504456028342247
1706696990300,0.5752547085285187,0.5058519840240479
1706696990311,0.5762966871261597,0.5089128315448761
1706696990331,0.5790189504623413,0.5099568516016006
1706696990354,0.5805923938751221,0.5129751712083817
1706696990355,0.5792285799980164,0.5110913515090942
1706696990371,0.564536839723587,0.5044525116682053
1706696990377,0.5661358535289764,0.5057989358901978
1706696990387,0.5453932136297226,0.47682586312294006
1706696990398,0.6164889335632324,0.48655787110328674
1706696990408,nan,nan
1706696990419,nan,nan
1706696990430,nan,nan
1706696990441,nan,nan
1706696990452,nan,nan
1706696990463,nan,nan
1706696990474,nan,nan
1706696990518,nan,nan
1706696990519,nan,nan
1706696990521,nan,nan
1706696990534,nan,nan
1706696990543,nan,nan
1706696990555,nan,nan
1706696990566,nan,nan
1706696990576,nan,nan
1706696990588,nan,nan
1706696990599,nan,nan
1706696990609,nan,nan
1706696990621,nan,nan
1706696990632,nan,nan
1706696990668,nan,nan
1706696990669,nan,nan
1706696990676,nan,nan
1706696990687,nan,nan
1706696990699,nan,nan
1706696990709,nan,nan
1706696990721,nan,nan
1706696990732,nan,nan
1706696990742,nan,nan
1706696990755,nan,nan
1706696990765,nan,nan
1706696990776,nan,nan
1706696990820,nan,nan
1706696990821,nan,nan
1706696990835,nan,nan
1706696990842,nan,nan
1706696990855,nan,nan
1706696990866,nan,nan
1706696990875,nan,nan
1706696990888,nan,nan
1706696990899,nan,nan
1706696990909,nan,nan
1706696990921,nan,nan
1706696990932,nan,nan
1706696990968,nan,nan
1706696990969,nan,nan
1706696990975,nan,nan
1706696990988,nan,nan
1706696990999,nan,nan
1706696991010,nan,nan
1706696991021,nan,nan
1706696991032,nan,nan
1706696991042,nan,nan
1706696991054,nan,nan
1706696991066,nan,nan
1706696991076,nan,nan
1706696991115,nan,nan
1706696991116,nan,nan
1706696991120,nan,nan
1706696991134,nan,nan
1706696991143,nan,nan
1706696991154,nan,nan
1706696991166,nan,nan
1706696991175,nan,nan
1706696991186,nan,nan
1706696991199,nan,nan
1706696991208,nan,nan
1706696991220,nan,nan
1706696991232,nan,nan
1706696991267,nan,nan
1706696991268,nan,nan
1706696991276,nan,nan
1706696991287,nan,nan
1706696991299,nan,nan
1706696991309,nan,nan
1706696991321,nan,nan
1706696991332,nan,nan
1706696991343,nan,nan
1706696991354,nan,nan
1706696991364,nan,nan
1706696991375,nan,nan
1706696991419,nan,nan
1706696991420,nan,nan
1706696991436,nan,nan
1706696991442,nan,nan
1706696991455,nan,nan
1706696991465,nan,nan
1706696991475,nan,nan
1706696991487,nan,nan
1706696991498,nan,nan
1706696991508,nan,nan
1706696991521,nan,nan
1706696991532,nan,nan
1706696991568,nan,nan
1706696991569,nan,nan
1706696991575,nan,nan
1706696991587,nan,nan
1706696991599,nan,nan
1706696991608,nan,nan
1706696991620,nan,nan
1706696991632,nan,nan
1706696991642,nan,nan
1706696991654,nan,nan
1706696991665,nan,nan
1706696991675,nan,nan
1706696991693,nan,nan
1706696991718,nan,nan
1706696991720,nan,nan
1706696991737,nan,nan
1706696991742,nan,nan
1706696991754,nan,nan
1706696991765,nan,nan
1706696991775,nan,nan
1706696991787,nan,nan
1706696991798,nan,nan
1706696991808,nan,nan
1706696991820,nan,nan
1706696991831,nan,nan
1706696991866,nan,nan
1706696991867,nan,nan
1706696991883,nan,nan
1706696991887,nan,nan
1706696991900,nan,nan
1706696991909,nan,nan
1706696991920,nan,nan
1706696991931,nan,nan
1706696991941,nan,nan
1706696991953,nan,nan
1706696991964,nan,nan
1706696991975,nan,nan
1706696992017,nan,nan
1706696992018,nan,nan
1706696992019,nan,nan
1706696992035,nan,nan
1706696992041,nan,nan
1706696992053,nan,nan
1706696992064,nan,nan
1706696992074,nan,nan
1706696992086,nan,nan
1706696992098,nan,nan
1706696992108,nan,nan
1706696992120,nan,nan
1706696992131,nan,nan
1706696992169,nan,nan
1706696992170,nan,nan
1706696992174,nan,nan
1706696992186,nan,nan
1706696992198,nan,nan
1706696992208,nan,nan
1706696992220,nan,nan
1706696992232,nan,nan
1706696992241,nan,nan
1706696992253,nan,nan
1706696992265,nan,nan
1706696992274,nan,nan
1706696992286,nan,nan
1706696992298,nan,nan
1706696992334,nan,nan
1706696992335,nan,nan
1706696992341,nan,nan
1706696992353,nan,nan
1706696992365,nan,nan
1706696992374,nan,nan
1706696992386,nan,nan
1706696992398,nan,nan
1706696992408,nan,nan
1706696992419,nan,nan
1706696992431,nan,nan
1706696992441,nan,nan
1706696992453,nan,nan
1706696992486,nan,nan
1706696992487,nan,nan
1706696992503,nan,nan
1706696992507,nan,nan
1706696992520,nan,nan
1706696992530,nan,nan
1706696992541,nan,nan
1706696992553,nan,nan
1706696992563,nan,nan
1706696992574,nan,nan
1706696992586,nan,nan
1706696992597,nan,nan
1706696992637,nan,nan
1706696992642,nan,nan
1706696992655,nan,nan
1706696992664,nan,nan
1706696992675,nan,nan
1706696992686,nan,nan
1706696992698,nan,nan
1706696992707,nan,nan
1706696992720,nan,nan
1706696992732,nan,nan
1706696992741,nan,nan
1706696992754,nan,nan
1706696992787,nan,nan
1706696992788,nan,nan
1706696992806,nan,nan
1706696992808,nan,nan
1706696992821,nan,nan
1706696992839,nan,nan
1706696992854,nan,nan
1706696992864,nan,nan
1706696992875,nan,nan
1706696992886,nan,nan
1706696992897,nan,nan
1706696992936,nan,nan
1706696992937,nan,nan
1706696992954,nan,nan
1706696992969,nan,nan
1706696992984,nan,nan
1706696993001,nan,nan
1706696993012,0.5510751008987427,0.5909867882728577
1706696993024,0.5540155172348022,0.5967992544174194
1706696993035,0.5486840009689331,0.5971100330352783
1706696993047,0.5383889079093933,0.5675026476383209
1706696993086,0.5401987433433533,0.5691297352313995
1706696993091,0.5403234958648682,0.5664187669754028
1706696993110,0.5395473837852478,0.565560519695282
1706696993114,0.5401919484138489,0.5592768490314484
1706696993125,0.539377748966217,0.5578317046165466
1706696993136,0.5402419865131378,0.5512022078037262
1706696993147,0.5399716794490814,0.5536808967590332
1706696993158,0.5378081500530243,0.549183189868927
1706696993169,0.539929986000061,0.5462919175624847
1706696993180,0.5386584997177124,0.535858690738678
1706696993192,0.5403939783573151,0.5430535972118378
1706696993203,0.5404841899871826,0.5433779954910278
1706696993214,0.539644181728363,0.541896402835846
1706696993256,0.5399008691310883,0.5424332618713379
1706696993257,0.5418030619621277,0.5420413017272949
1706696993272,0.538905531167984,0.5383537411689758
1706696993279,0.5387861728668213,0.5407564342021942
1706696993291,0.5391533076763153,0.5408746302127838
1706696993302,0.540772408246994,0.5420605540275574
1706696993313,0.5426092743873596,0.5394768416881561
1706696993324,0.5423336327075958,0.538314551115036
1706696993336,0.5437616407871246,0.5346709787845612
1706696993347,0.5428269803524017,0.5318663120269775
1706696993358,0.5420778393745422,0.5382314920425415
1706696993369,0.5422929227352142,0.5409441888332367
1706696993403,0.5407184660434723,0.5435681343078613
1706696993414,0.5179114043712616,0.52669557929039
1706696993424,0.4928528666496277,0.5253620743751526
1706696993435,0.40038496255874634,0.5384929776191711
1706696993446,0.26275336742401123,0.5604580938816071
1706696993457,0.24999528378248215,0.5623545050621033
1706696993468,0.2385450080037117,0.5634876787662506
1706696993480,0.2394494190812111,0.5602408349514008
1706696993491,0.23738018423318863,0.5601052641868591
1706696993502,0.23715588450431824,0.5523656010627747
1706696993536,0.23771779984235764,0.5554430186748505
1706696993537,0.23745059221982956,0.5553531646728516
1706696993553,0.23091699182987213,0.554746687412262
1706696993557,0.22927071154117584,0.5534093379974365
1706696993570,0.23060765862464905,0.5517759621143341
1706696993580,0.22995662689208984,0.5502980351448059
1706696993591,0.22807588428258896,0.5514425039291382
1706696993602,0.22799907624721527,0.5521328449249268
1706696993613,0.22718122601509094,0.5541662871837616
1706696993624,0.23415914922952652,0.558037519454956
1706696993636,0.23800814896821976,0.5597493350505829
1706696993647,0.24418853223323822,0.564044713973999
1706696993685,0.24178233742713928,0.5652284026145935
1706696993691,0.24314749240875244,0.5651770234107971
1706696993702,0.24104803055524826,0.561119794845581
1706696993713,0.24235738068819046,0.5654669404029846
1706696993724,0.24448269605636597,0.5704171359539032
1706696993736,0.24516217410564423,0.572953462600708
1706696993747,0.24827665090560913,0.5740962028503418
1706696993757,0.2544262409210205,0.5726338624954224
1706696993768,0.3240121901035309,0.669417679309845
1706696993778,0.5164835751056671,0.9351629614830017
1706696993789,0.7234717607498169,1.3080697059631348
1706696993799,nan,nan
1706696993836,nan,nan
1706696993837,nan,nan
1706696993844,nan,nan
1706696993855,nan,nan
1706696993866,nan,nan
1706696993875,nan,nan
1706696993895,nan,nan
1706696993912,nan,nan
1706696993925,nan,nan
1706696993936,nan,nan
1706696993946,nan,nan
1706696993986,nan,nan
1706696993987,nan,nan
1706696993991,nan,nan
1706696994003,nan,nan
1706696994013,nan,nan
1706696994024,nan,nan
1706696994035,nan,nan
1706696994048,nan,nan
1706696994058,nan,nan
1706696994069,nan,nan
1706696994081,nan,nan
1706696994091,nan,nan
1706696994102,nan,nan
1706696994137,nan,nan
1706696994138,nan,nan
1706696994154,nan,nan
1706696994158,nan,nan
1706696994169,nan,nan
1706696994181,nan,nan
1706696994191,nan,nan
1706696994209,nan,nan
1706696994224,nan,nan
1706696994235,nan,nan
1706696994246,nan,nan
1706696994287,nan,nan
1706696994288,nan,nan
1706696994290,nan,nan
1706696994305,nan,nan
1706696994313,nan,nan
1706696994324,nan,nan
1706696994335,nan,nan
1706696994346,nan,nan
1706696994357,nan,nan
1706696994367,nan,nan
1706696994378,nan,nan
1706696994390,nan,nan
1706696994401,nan,nan
1706696994437,nan,nan
1706696994438,nan,nan
1706696994453,nan,nan
1706696994458,0.6370893120765686,0.576438844203949
1706696994469,0.602963924407959,0.5359671115875244
1706696994481,0.5508627891540527,0.4922214150428772
1706696994492,0.5008385181427002,0.45679086446762085
1706696994504,0.46309794485569,0.43719829618930817
1706696994515,0.4470095634460449,0.41959838569164276
1706696994526,0.4469209313392639,0.42190268635749817
1706696994537,0.4421640783548355,0.41876213252544403
