timestamp,x,y
1706696959863,1435.2651977539062,715.6073355674744
1706696959874,1429.8877716064453,738.6980223655701
1706696959885,1431.4749145507812,741.8322801589966
1706696959932,1425.9230041503906,734.8172521591187
1706696959933,1426.7865753173828,736.8974661827087
1706696959949,1416.8888092041016,745.818600654602
1706696959952,1422.8816223144531,738.4850335121155
1706696959964,1424.2333984375,746.5489983558655
1706696959974,1422.9219055175781,750.4187393188477
1706696959986,1424.9729919433594,750.9982252120972
1706696959997,1424.593505859375,744.3872451782227
1706696960008,1426.943130493164,742.4405193328857
1706696960019,1426.6899108886719,744.1975593566895
1706696960031,1425.5711364746094,747.1523237228394
1706696960072,1424.151840209961,747.927074432373
1706696960075,1359.7807312011719,808.212103843689
1706696960087,1319.7909545898438,832.9900074005127
1706696960098,1318.1140899658203,834.2951917648315
1706696960108,1322.7578735351562,829.6341133117676
1706696960119,1318.9833068847656,834.1604804992676
1706696960131,1321.3211822509766,836.6552352905273
1706696960141,1323.134536743164,832.9718542098999
1706696960153,1326.5522003173828,834.8851490020752
1706696960163,1328.5328674316406,832.2074460983276
1706696960174,1322.2856140136719,836.7896461486816
1706696960185,1319.2200088500977,835.3670454025269
1706696960225,1316.3961791992188,839.6336030960083
1706696960230,1315.8474731445312,854.1344833374023
1706696960243,1321.3982391357422,846.6416788101196
1706696960252,1319.0612030029297,849.872989654541
1706696960264,1280.0641632080078,823.8622140884399
1706696960274,1178.8122177124023,715.1445150375366
1706696960285,1036.5511322021484,607.5046348571777
1706696960296,873.9646911621094,417.53904819488525
1706696960307,604.488639831543,213.89020442962646
1706696960318,743.2649993896484,322.4335706233978
1706696960330,725.7873916625977,290.59486985206604
1706696960341,721.6084671020508,275.763144493103
1706696960380,710.6058502197266,272.68548130989075
1706696960381,713.1816482543945,276.5020823478699
1706696960386,702.3172760009766,280.44159293174744
1706696960396,702.0749282836914,281.2073743343353
1706696960408,716.4073181152344,280.1713764667511
1706696960419,725.0201034545898,290.43562173843384
1706696960430,721.3558959960938,289.14191722869873
1706696960441,716.5206909179688,294.5172142982483
1706696960452,718.8235473632812,287.11699962615967
1706696960464,714.0755081176758,282.83490657806396
1706696960475,721.1842727661133,271.7534136772156
1706696960486,718.8012313842773,269.74536180496216
1706696960497,723.4980392456055,268.9107012748718
1706696960508,715.7685470581055,264.7279894351959
1706696960542,681.2414169311523,212.02073693275452
1706696960543,680.0920867919922,207.81447529792786
1706696960558,669.6484756469727,229.06583189964294
1706696960563,669.0003967285156,237.7609419822693
1706696960574,787.0567321777344,268.77145171165466
1706696960585,1016.1945724487305,356.0852301120758
1706696960596,1190.6361770629883,446.18937492370605
1706696960607,1366.8115997314453,555.2600955963135
1706696960618,1534.9101257324219,677.5977945327759
1706696960630,1564.2984771728516,713.9523482322693
1706696960641,1575.0982666015625,710.3425669670105
1706696960652,1573.9410400390625,713.1867170333862
1706696960691,1565.0775909423828,707.5118923187256
1706696960692,1559.3114471435547,706.9825744628906
1706696960696,1585.2698516845703,723.2086515426636
1706696960709,1584.7956085205078,726.7697882652283
1706696960718,1549.4929504394531,723.3040952682495
1706696960729,1558.7969970703125,738.5068988800049
1706696960741,1535.8531951904297,755.6734228134155
1706696960751,1533.6634063720703,755.177149772644
1706696960762,1539.0533447265625,753.5912561416626
1706696960774,1547.4153900146484,743.6515688896179
1706696960785,1548.873062133789,749.3879771232605
1706696960796,1546.8706512451172,754.1113471984863
1706696960807,1542.5011444091797,773.4198617935181
1706696960819,1557.1842193603516,762.601375579834
1706696960861,1553.3586883544922,757.2454118728638
1706696960862,1547.8588104248047,750.7077312469482
1706696960879,1667.2480010986328,531.4140129089355
1706696960884,1758.0628967285156,317.43430852890015
1706696960898,1773.5608673095703,290.52138805389404
1706696960907,1777.5314331054688,250.06521105766296
1706696960917,1777.5314331054688,250.06521105766296
1706696960929,1758.3851623535156,242.5335681438446
1706696960940,1716.7382049560547,249.6885859966278
1706696960951,1716.7382049560547,249.6885859966278
1706696960962,1716.7382049560547,249.6885859966278
1706696960974,1727.21435546875,265.2483594417572
1706696961015,1727.21435546875,265.2483594417572
1706696961016,1716.0375213623047,251.21587872505188
1706696961031,1742.762222290039,270.28241515159607
1706696961040,1758.0376434326172,264.47893023490906
1706696961051,1718.5538482666016,332.08430886268616
1706696961063,1712.8460693359375,328.1796455383301
1706696961074,1700.7548522949219,330.42542695999146
1706696961085,1714.3917083740234,315.31691908836365
1706696961096,1719.265365600586,314.7795760631561
1706696961107,1725.7282257080078,304.7293281555176
1706696961118,1797.4546813964844,294.9406921863556
1706696961140,1823.1525421142578,291.61375522613525
1706696961162,1863.3707427978516,292.1045994758606
1706696961163,1874.4642639160156,281.4008152484894
1706696961182,1883.646469116211,271.151762008667
1706696961185,1882.5560760498047,278.50695848464966
1706696961196,1883.3072662353516,284.6329629421234
1706696961207,1884.4590759277344,277.25056886672974
1706696961218,1889.1999053955078,265.04666805267334
1706696961229,1887.6263427734375,251.75286769866943
1706696961240,1897.6124572753906,254.19158577919006
1706696961251,1895.4850769042969,264.4888436794281
1706696961263,1898.381118774414,265.83894968032837
1706696961274,1868.9575958251953,258.5083544254303
1706696961285,1659.5911407470703,221.31317496299744
1706696961296,1539.7195434570312,211.6569221019745
1706696961307,1316.199836730957,204.66325521469116
1706696961352,1042.2657775878906,211.45606756210327
1706696961354,987.7056503295898,214.88149523735046
1706696961363,945.6536102294922,192.80026853084564
1706696961378,948.1412506103516,173.56126070022583
1706696961384,927.5531768798828,138.78958582878113
1706696961396,914.1620635986328,136.50504648685455
1706696961407,918.0001068115234,150.43940126895905
1706696961418,963.2553100585938,192.11227118968964
1706696961430,963.2414245605469,197.84518718719482
1706696961440,997.6846313476562,228.50098550319672
1706696961450,930.2182388305664,191.14003479480743
1706696961463,946.0829162597656,153.88461291790009
1706696961474,935.0318145751953,150.13031423091888
1706696961484,935.0318145751953,150.13031423091888
1706696961519,920.7089614868164,141.46402180194855
1706696961520,906.5326690673828,120.4682207107544
1706696961536,909.0087127685547,127.58284986019135
1706696961540,912.4512481689453,142.92654991149902
1706696961550,912.4512481689453,142.92654991149902
1706696961562,919.0063095092773,140.27510046958923
1706696961573,908.4872055053711,119.06109094619751
1706696961584,990.1359939575195,215.8122968673706
1706696961596,1047.2776794433594,216.3875126838684
1706696961607,1184.7017669677734,220.4882025718689
1706696961617,1372.1572875976562,161.69679880142212
1706696961629,1451.007080078125,153.85176122188568
1706696961640,1501.9244384765625,132.73535192012787
1706696961679,1505.048599243164,125.74580490589142
1706696961680,1503.5560607910156,117.86374747753143
1706696961684,1513.016357421875,143.42658877372742
1706696961697,1510.31494140625,146.7190432548523
1706696961707,1512.9232025146484,137.39507853984833
1706696961718,1487.4241638183594,163.42918932437897
1706696961729,1488.7229919433594,167.99206137657166
1706696961740,1496.1647033691406,171.54193818569183
1706696961751,1492.9197692871094,173.20664584636688
1706696961763,1497.3108673095703,177.7900367975235
1706696961774,1495.2804565429688,173.47992539405823
1706696961785,1493.880386352539,161.7404329776764
1706696961796,1496.4612579345703,156.0030484199524
1706696961843,1496.9100189208984,155.0768655538559
1706696961844,1495.5838012695312,157.95719861984253
1706696961851,1502.6815795898438,157.7554214000702
1706696961863,1499.143295288086,151.41320943832397
1706696961873,1518.0826568603516,156.467826962471
1706696961884,1622.297592163086,142.63892590999603
1706696961895,1689.0562438964844,151.70886397361755
1706696961906,1753.8565826416016,145.20798325538635
1706696961917,1783.1119537353516,148.50787818431854
1706696961929,1782.7993774414062,147.1482664346695
1706696961940,1780.1798248291016,150.83410441875458
1706696961951,1777.8302764892578,152.59322047233582
1706696961962,1775.390625,159.27176535129547
1706696962004,1780.213851928711,161.83973908424377
1706696962005,1780.5757904052734,152.6157134771347
1706696962006,1777.0557403564453,140.22814571857452
1706696962024,1777.6480865478516,142.6909875869751
1706696962029,1815.2246856689453,153.61600041389465
1706696962040,1865.0648498535156,160.5732536315918
1706696962051,1929.4300079345703,185.44412791728973
1706696962062,1935.7056427001953,187.15192794799805
1706696962073,1935.4849243164062,189.16610598564148
1706696962084,1940.3965759277344,179.8179852962494
1706696962096,1943.0762481689453,175.6109243631363
1706696962107,1947.3065185546875,174.7542643547058
1706696962118,1959.942626953125,161.66239142417908
1706696962160,1954.0516662597656,159.51309442520142
1706696962161,1953.025894165039,154.32247817516327
1706696962163,1949.6598815917969,154.65295314788818
1706696962178,1945.6314849853516,154.03605580329895
1706696962184,1949.2007446289062,155.01869916915894
1706696962196,1939.0948486328125,157.80672132968903
1706696962207,1819.5781707763672,153.7026572227478
1706696962218,1484.722900390625,146.96458339691162
1706696962227,1366.7088317871094,152.32635140419006
1706696962240,1014.6654891967773,190.05867540836334
1706696962250,550.9258270263672,203.0554211139679
1706696962261,476.5104675292969,221.0009765625
1706696962273,339.7876739501953,262.1109473705292
1706696962316,303.5636329650879,285.4818606376648
1706696962317,299.91387367248535,286.9706153869629
1706696962318,295.61964988708496,288.21508526802063
1706696962335,297.2642230987549,285.3332448005676
1706696962341,301.4025688171387,287.4358606338501
1706696962351,306.70491218566895,283.812518119812
1706696962363,304.36671257019043,283.68032813072205
1706696962373,301.37824058532715,281.1629891395569
1706696962385,298.9945125579834,283.9277780056
1706696962396,296.9810676574707,283.4259903430939
1706696962407,297.15824127197266,283.66058707237244
1706696962418,291.9758605957031,280.59109926223755
1706696962429,289.52160835266113,280.1906669139862
1706696962440,289.4261646270752,275.9805643558502
1706696962451,285.95507621765137,272.13412642478943
1706696962493,285.72154998779297,267.087904214859
1706696962494,293.0235195159912,266.1667263507843
1706696962495,284.28196907043457,258.2487165927887
1706696962507,275.3689479827881,256.41384959220886
1706696962517,274.5327377319336,266.18327021598816
1706696962530,278.54177474975586,265.54519414901733
1706696962540,324.3194580078125,264.88861083984375
1706696962551,533.9274215698242,244.98050451278687
1706696962562,651.5058135986328,237.12339162826538
1706696962573,761.9969940185547,218.85257005691528
1706696962584,826.5522384643555,211.92901611328125
1706696962595,830.4597091674805,209.0701138973236
1706696962607,833.80859375,200.31432688236237
1706696962618,833.2565689086914,208.27123939990997
1706696962628,831.4965057373047,207.1653163433075
1706696962671,832.1390914916992,214.55530643463135
1706696962672,835.2593231201172,212.78148651123047
1706696962673,845.321159362793,209.92851734161377
1706696962687,842.9906463623047,198.72645914554596
1706696962694,841.240348815918,200.96703708171844
1706696962707,835.7314300537109,203.85755717754364
1706696962717,838.3224868774414,211.13041520118713
1706696962728,840.3070831298828,212.70872354507446
1706696962740,845.4679870605469,211.5400207042694
1706696962751,837.7266311645508,208.78361105918884
1706696962762,836.9906616210938,206.2982976436615
1706696962773,837.255973815918,207.94122576713562
1706696962794,843.8836669921875,216.68299555778503
1706696962820,863.3856582641602,220.70240378379822
1706696962822,938.6772155761719,222.6532280445099
1706696962828,1115.7009506225586,199.00484561920166
1706696962839,1128.2444381713867,188.5573947429657
1706696962850,1134.7037506103516,189.41425323486328
1706696962861,1134.487075805664,190.62661170959473
1706696962872,1130.570411682129,191.24039769172668
1706696962883,1131.200294494629,196.44259572029114
1706696962894,1132.326431274414,199.05384421348572
1706696962906,1136.5461730957031,205.31454920768738
1706696962917,1133.4182357788086,200.34120798110962
1706696962928,1136.9447326660156,205.37389039993286
1706696962939,1134.8011779785156,208.17397713661194
1706696962950,1139.1952896118164,212.14966535568237
1706696962990,1139.9282836914062,208.57598662376404
1706696962991,1166.791648864746,198.5788893699646
1706696962995,1424.8560333251953,195.63519179821014
1706696963007,1547.9480743408203,198.68926763534546
1706696963017,1630.9003448486328,210.91454029083252
1706696963029,1638.0178833007812,216.1213195323944
1706696963039,1636.4637756347656,212.15852737426758
1706696963050,1634.0120697021484,215.58616518974304
1706696963062,1640.8177947998047,217.96592831611633
1706696963073,1639.559555053711,224.6273124217987
1706696963084,1639.2771911621094,224.3794333934784
1706696963095,1640.1799774169922,228.50261092185974
1706696963106,1644.8226165771484,226.82735681533813
1706696963117,1645.3524780273438,234.05357122421265
1706696963160,1642.7696228027344,236.13327026367188
1706696963161,1641.0833740234375,245.03188490867615
1706696963162,1637.6933288574219,248.95840287208557
1706696963173,1600.694580078125,247.71273136138916
1706696963185,1536.3838958740234,247.08821654319763
1706696963195,1501.0503387451172,257.2494435310364
1706696963205,1491.2005615234375,259.7858691215515
1706696963216,1490.7477569580078,269.417188167572
1706696963228,1487.4222564697266,262.54186034202576
1706696963239,1488.4654235839844,265.9859240055084
1706696963250,1482.216796875,265.30301213264465
1706696963261,1484.681625366211,273.78949999809265
1706696963272,1482.7595520019531,278.0605208873749
1706696963283,1491.7325592041016,283.05174708366394
1706696963294,1491.2825775146484,281.77592754364014
1706696963313,1490.6220245361328,285.78269720077515
1706696963337,1488.4152221679688,283.731826543808
1706696963338,1483.8592529296875,287.0660161972046
1706696963339,1481.9791412353516,279.4362688064575
1706696963354,1465.1239776611328,288.01483154296875
1706696963360,1466.360092163086,285.1388704776764
1706696963373,1298.2691192626953,317.1822237968445
1706696963383,1028.6422729492188,304.27175402641296
1706696963393,1028.6422729492188,304.27175402641296
1706696963404,899.0989685058594,317.3325026035309
1706696963415,932.352294921875,344.00119185447693
1706696963426,932.352294921875,344.00119185447693
1706696963438,932.5685882568359,343.57105135917664
1706696963450,940.8733367919922,350.51634192466736
1706696963459,940.8733367919922,350.51634192466736
1706696963472,949.6857833862305,351.7742335796356
1706696963508,953.3483505249023,358.0620288848877
1706696963509,953.3483505249023,358.0620288848877
1706696963516,956.3987731933594,377.7445185184479
1706696963529,956.3987731933594,377.7445185184479
1706696963539,956.4227676391602,381.37601494789124
1706696963550,948.7005996704102,375.28384923934937
1706696963560,948.7005996704102,375.28384923934937
1706696963572,951.7954254150391,365.7496905326843
1706696963582,938.800163269043,333.7892174720764
1706696963593,942.6066589355469,333.5607898235321
1706696963605,933.9258575439453,347.4121034145355
1706696963615,936.9655227661133,358.8213515281677
1706696963627,937.2719955444336,353.85409355163574
1706696963638,950.0682830810547,351.7582905292511
1706696963680,1061.6157150268555,343.1235408782959
1706696963681,1168.1327056884766,350.8833861351013
1706696963682,1628.5309600830078,350.8892333507538
1706696963700,1763.541030883789,359.21398401260376
1706696963705,1839.4865417480469,351.2850844860077
1706696963716,1818.4378814697266,374.11189556121826
1706696963727,1816.8437957763672,372.11209416389465
1706696963738,1819.9246978759766,374.18420791625977
1706696963749,1834.9763488769531,353.2516586780548
1706696963760,1843.1221008300781,355.64605593681335
1706696963772,1838.9908599853516,355.84609508514404
1706696963783,1803.5750579833984,378.60459566116333
1706696963794,1806.2954711914062,385.90447425842285
1706696963805,1808.8851928710938,390.0403332710266
1706696963816,1809.5230102539062,390.4320967197418
1706696963828,1805.1284790039062,389.27111864089966
1706696963865,1809.6041870117188,389.16075110435486
1706696963866,1852.4578857421875,360.8667719364166
1706696963872,1837.125244140625,348.37923288345337
1706696963883,1752.0684051513672,383.9314842224121
1706696963895,1726.6260528564453,398.0232310295105
1706696963905,1686.0708618164062,418.3660054206848
1706696963917,1671.6720581054688,435.15931606292725
1706696963928,1659.7348022460938,432.57028698921204
1706696963939,1663.0553436279297,427.95549273490906
1706696963949,1677.6272583007812,438.963063955307
1706696963959,1679.0648651123047,453.18644285202026
1706696963970,1682.9659271240234,488.84915828704834
1706696963980,nan,nan
1706696964034,nan,nan
1706696964036,nan,nan
1706696964053,nan,nan
1706696964057,nan,nan
1706696964070,nan,nan
1706696964078,nan,nan
1706696964098,nan,nan
1706696964116,nan,nan
1706696964128,nan,nan
1706696964139,nan,nan
1706696964149,nan,nan
1706696964161,nan,nan
1706696964207,nan,nan
1706696964208,nan,nan
1706696964224,nan,nan
1706696964228,nan,nan
1706696964240,nan,nan
1706696964249,nan,nan
1706696964262,nan,nan
1706696964273,nan,nan
1706696964282,nan,nan
1706696964295,nan,nan
1706696964306,nan,nan
1706696964316,nan,nan
1706696964359,nan,nan
1706696964360,nan,nan
1706696964375,nan,nan
1706696964381,nan,nan
1706696964394,nan,nan
1706696964405,nan,nan
1706696964415,nan,nan
1706696964427,nan,nan
1706696964439,nan,nan
1706696964448,nan,nan
1706696964461,nan,nan
1706696964473,nan,nan
1706696964514,nan,nan
1706696964515,nan,nan
1706696964533,nan,nan
1706696964540,nan,nan
1706696964551,nan,nan
1706696964561,nan,nan
1706696964572,nan,nan
1706696964582,nan,nan
1706696964594,nan,nan
1706696964606,nan,nan
1706696964616,nan,nan
1706696964627,nan,nan
1706696964640,nan,nan
1706696964679,nan,nan
1706696964680,nan,nan
1706696964684,nan,nan
1706696964696,nan,nan
1706696964706,nan,nan
1706696964716,nan,nan
1706696964727,nan,nan
1706696964745,nan,nan
1706696964761,nan,nan
1706696964772,nan,nan
1706696964783,nan,nan
1706696964794,nan,nan
1706696964828,nan,nan
1706696964829,nan,nan
1706696964847,nan,nan
1706696964851,nan,nan
1706696964864,nan,nan
1706696964874,1216.0671997070312,655.5637693405151
1706696964885,1213.104019165039,589.1771650314331
1706696964897,1267.0048904418945,639.9204611778259
1706696964908,1246.0821533203125,622.7322220802307
1706696964919,1249.1902923583984,615.78693151474
1706696964931,1264.201774597168,643.834662437439
1706696964942,1291.3312149047852,672.6138424873352
1706696964953,1357.0887756347656,731.7157816886902
1706696964970,1353.6666107177734,727.9557967185974
1706696964999,1357.79541015625,717.5771284103394
1706696965000,1352.539291381836,738.1626319885254
1706696965009,1408.6863708496094,749.0752744674683
1706696965025,1408.733901977539,742.0986986160278
1706696965031,1397.1863555908203,745.1029014587402
1706696965041,1385.9768676757812,747.2399997711182
1706696965052,1374.2825317382812,782.930760383606
1706696965064,1302.081298828125,746.8379902839661
1706696965073,1302.081298828125,746.8379902839661
1706696965085,1302.081298828125,746.8379902839661
1706696965097,1340.822982788086,762.3528528213501
1706696965108,1334.0433502197266,762.932767868042
1706696965119,1335.1295471191406,728.1777548789978
1706696965159,1316.6307830810547,691.9867086410522
1706696965164,1349.7203826904297,662.6796054840088
1706696965177,1345.4132843017578,664.9280476570129
1706696965186,1349.5370483398438,673.5178542137146
1706696965197,1349.5280456542969,672.4822854995728
1706696965208,1350.8308410644531,668.6259126663208
1706696965219,1349.1523742675781,672.5967621803284
1706696965230,1344.0559387207031,672.6583456993103
1706696965241,1343.1383514404297,672.6240992546082
1706696965253,1349.3464660644531,674.9414205551147
1706696965264,1351.9001770019531,669.4349098205566
1706696965275,1352.7559661865234,664.4405508041382
1706696965315,1346.6691589355469,662.364821434021
1706696965316,1350.5410766601562,665.4639315605164
1706696965319,1347.9046630859375,670.3888535499573
1706696965332,1349.1846466064453,670.3725242614746
1706696965342,1347.6130676269531,665.0783801078796
1706696965353,1346.145248413086,667.3365426063538
1706696965364,1343.1327819824219,663.8962125778198
1706696965375,1347.1932983398438,666.2602043151855
1706696965386,1349.1681671142578,668.9664459228516
1706696965397,1351.2937927246094,671.0763144493103
1706696965409,1351.6739654541016,669.8394513130188
1706696965420,1353.421859741211,665.5869269371033
1706696965431,1352.0506286621094,662.3880386352539
1706696965463,1338.0834197998047,666.3223886489868
1706696965481,1289.951515197754,683.5676622390747
1706696965486,1290.2114868164062,683.1167936325073
1706696965498,1292.1857452392578,677.6208186149597
1706696965508,1294.4231414794922,672.9013967514038
1706696965519,1298.840103149414,673.5624003410339
1706696965530,1298.0620956420898,674.7615623474121
1706696965541,1293.2953643798828,681.1749601364136
1706696965552,1291.0250854492188,675.554530620575
1706696965564,1288.3889389038086,678.7684178352356
1706696965575,1288.727912902832,676.0236597061157
1706696965625,1291.8751907348633,680.6245279312134
1706696965626,1296.5918350219727,678.1173491477966
1706696965630,1299.5392608642578,679.0781593322754
1706696965647,1298.642234802246,676.8798208236694
1706696965653,1294.3171310424805,677.6289296150208
1706696965664,1293.2335662841797,680.5816125869751
1706696965675,1293.3769607543945,692.0249032974243
1706696965686,1385.892105102539,650.2876925468445
1706696965697,1521.6487884521484,615.3744721412659
1706696965708,1672.6805877685547,563.2700514793396
1706696965719,1983.3892822265625,501.45674228668213
1706696965731,2059.0142822265625,484.91270542144775
1706696965742,2074.9161529541016,479.4479727745056
1706696965753,2078.46435546875,484.5411443710327
1706696965796,2076.1991119384766,485.11449337005615
1706696965797,2079.6865844726562,480.18903493881226
1706696965808,2075.385208129883,483.35474967956543
1706696965819,2075.0653076171875,485.4244065284729
1706696965831,2075.115203857422,491.9233560562134
1706696965841,2074.076614379883,491.5282344818115
1706696965852,2071.1478424072266,496.0284662246704
1706696965863,2068.478775024414,496.757447719574
1706696965874,2065.4793548583984,495.3787064552307
1706696965885,2062.3545837402344,496.5762162208557
1706696965897,2061.208267211914,500.3993511199951
1706696965908,2058.5020446777344,504.60376739501953
1706696965919,2066.1553955078125,499.61395740509033
1706696965962,2069.1292572021484,497.3333930969238
1706696965963,2074.7747802734375,493.2372736930847
1706696965975,2057.357406616211,501.6025471687317
1706696965986,2058.070831298828,503.62858057022095
1706696966000,2048.1282806396484,502.40854024887085
1706696966008,2024.1546630859375,495.62469720840454
1706696966019,1991.8898010253906,485.1606059074402
1706696966030,1985.9114074707031,480.65975189208984
1706696966041,1983.6799621582031,487.7111506462097
1706696966052,1983.0560302734375,485.74779510498047
1706696966064,1980.3055572509766,489.5004415512085
1706696966075,1984.877700805664,484.1405510902405
1706696966132,1979.4007110595703,492.4266457557678
1706696966133,1982.2868347167969,487.9809808731079
1706696966141,1984.323501586914,484.2632246017456
1706696966153,1984.7632598876953,481.54627561569214
1706696966165,1983.8206481933594,479.9320578575134
1706696966175,1987.3055267333984,474.0308976173401
1706696966186,1982.1932983398438,478.4844374656677
1706696966196,1983.459243774414,479.17123317718506
1706696966207,1982.4909210205078,486.01344108581543
1706696966219,1980.1696014404297,492.0512652397156
1706696966230,1979.3778228759766,494.5641088485718
1706696966241,1991.1030578613281,501.14187240600586
1706696966252,2085.5406188964844,531.3740801811218
1706696966272,2228.9745330810547,596.0710644721985
1706696966293,2325.5967712402344,650.8583378791809
1706696966294,nan,nan
1706696966311,nan,nan
1706696966317,nan,nan
1706696966328,nan,nan
1706696966339,nan,nan
1706696966350,nan,nan
1706696966360,nan,nan
1706696966371,nan,nan
1706696966382,nan,nan
1706696966394,nan,nan
1706696966414,nan,nan
1706696966438,nan,nan
1706696966439,nan,nan
1706696966447,nan,nan
1706696966467,nan,nan
1706696966484,nan,nan
1706696966495,nan,nan
1706696966507,nan,nan
1706696966517,nan,nan
1706696966530,nan,nan
1706696966540,nan,nan
1706696966550,nan,nan
1706696966562,nan,nan
1706696966600,nan,nan
1706696966601,nan,nan
1706696966607,nan,nan
1706696966618,nan,nan
1706696966629,nan,nan
1706696966640,nan,nan
1706696966650,nan,nan
1706696966663,nan,nan
1706696966674,nan,nan
1706696966684,nan,nan
1706696966696,nan,nan
1706696966707,nan,nan
1706696966752,nan,nan
1706696966767,nan,nan
1706696966774,nan,nan
1706696966784,nan,nan
1706696966795,nan,nan
1706696966806,nan,nan
1706696966816,nan,nan
1706696966828,nan,nan
1706696966840,nan,nan
1706696966850,nan,nan
1706696966862,nan,nan
1706696966898,nan,nan
1706696966899,nan,nan
1706696966907,nan,nan
1706696966916,nan,nan
1706696966929,nan,nan
1706696966940,nan,nan
1706696966950,nan,nan
1706696966962,nan,nan
1706696966973,nan,nan
1706696966983,nan,nan
1706696966995,nan,nan
1706696967016,nan,nan
1706696967035,nan,nan
1706696967036,nan,nan
1706696967041,nan,nan
1706696967052,nan,nan
1706696967062,nan,nan
1706696967074,nan,nan
1706696967084,nan,nan
1706696967096,nan,nan
1706696967107,nan,nan
1706696967117,nan,nan
1706696967129,nan,nan
1706696967140,nan,nan
1706696967150,nan,nan
1706696967183,nan,nan
1706696967184,nan,nan
1706696967199,nan,nan
1706696967206,nan,nan
1706696967217,nan,nan
1706696967229,nan,nan
1706696967240,nan,nan
1706696967250,nan,nan
1706696967262,nan,nan
1706696967274,nan,nan
1706696967283,nan,nan
1706696967327,nan,nan
1706696967328,nan,nan
1706696967329,nan,nan
1706696967343,nan,nan
1706696967350,nan,nan
1706696967361,nan,nan
1706696967373,nan,nan
1706696967382,nan,nan
1706696967395,nan,nan
1706696967406,nan,nan
1706696967416,nan,nan
1706696967428,nan,nan
1706696967439,nan,nan
1706696967458,nan,nan
1706696967480,nan,nan
1706696967483,nan,nan
1706696967498,nan,nan
1706696967506,nan,nan
1706696967517,nan,nan
1706696967528,nan,nan
1706696967540,nan,nan
1706696967550,nan,nan
1706696967562,nan,nan
1706696967573,nan,nan
1706696967583,nan,nan
1706696967629,nan,nan
1706696967630,nan,nan
1706696967645,nan,nan
1706696967650,nan,nan
1706696967662,nan,nan
1706696967674,nan,nan
1706696967683,nan,nan
1706696967695,nan,nan
1706696967707,nan,nan
1706696967717,nan,nan
1706696967729,nan,nan
1706696967739,nan,nan
1706696967758,nan,nan
1706696967779,nan,nan
1706696967782,nan,nan
1706696967796,nan,nan
1706696967806,nan,nan
1706696967816,nan,nan
1706696967828,nan,nan
1706696967839,nan,nan
1706696967849,nan,nan
1706696967862,nan,nan
1706696967873,nan,nan
1706696967883,nan,nan
1706696967895,nan,nan
1706696967930,nan,nan
1706696967947,nan,nan
1706696967949,nan,nan
1706696967963,nan,nan
1706696967973,nan,nan
1706696967983,nan,nan
1706696967995,nan,nan
1706696968006,nan,nan
1706696968016,nan,nan
1706696968029,nan,nan
1706696968040,nan,nan
1706696968081,nan,nan
1706696968082,nan,nan
1706696968083,nan,nan
1706696968097,nan,nan
1706696968106,nan,nan
1706696968116,nan,nan
1706696968128,nan,nan
1706696968140,nan,nan
1706696968150,nan,nan
1706696968162,nan,nan
1706696968174,nan,nan
1706696968213,nan,nan
1706696968214,nan,nan
1706696968218,nan,nan
1706696968231,nan,nan
1706696968247,nan,nan
1706696968264,nan,nan
1706696968273,nan,nan
1706696968285,nan,nan
1706696968296,nan,nan
1706696968307,nan,nan
1706696968318,nan,nan
1706696968330,nan,nan
1706696968363,1452.4327087402344,711.440749168396
1706696968364,1452.4327087402344,711.440749168396
1706696968381,1475.4209899902344,709.4263458251953
1706696968385,1475.4209899902344,709.4263458251953
1706696968397,1475.4209899902344,709.4263458251953
1706696968408,1455.7723236083984,716.8995809555054
1706696968419,1445.7127380371094,691.0130667686462
1706696968430,1444.835205078125,696.0750603675842
1706696968442,1443.0397033691406,691.28497838974
1706696968453,1433.8137817382812,701.6995024681091
1706696968464,1448.3045959472656,696.6049146652222
1706696968475,1555.2642822265625,642.2670292854309
1706696968520,1769.6990203857422,567.7821278572083
1706696968521,2056.464080810547,468.7957191467285
1706696968530,2056.464080810547,468.7957191467285
1706696968542,2021.1516571044922,504.4812870025635
1706696968554,2021.1516571044922,504.4812870025635
1706696968563,2021.1516571044922,504.4812870025635
1706696968574,nan,nan
1706696968585,2013.5630798339844,577.2795295715332
1706696968597,1981.4659881591797,545.0109672546387
1706696968609,1994.4540405273438,519.6069717407227
1706696968620,1994.4417572021484,527.1007418632507
1706696968631,1998.7201690673828,532.9352331161499
1706696968682,1993.1783294677734,537.4336194992065
1706696968683,1988.7054443359375,541.4302396774292
1706696968686,1982.4522399902344,533.0336809158325
1706696968698,1981.2295532226562,535.3125929832458
1706696968708,1983.6355590820312,534.4015431404114
1706696968720,1977.6463317871094,540.5411839485168
1706696968731,1979.8584747314453,541.5282797813416
1706696968742,1984.391860961914,542.7712154388428
1706696968753,1982.9304504394531,540.7105922698975
1706696968764,1986.2281799316406,537.1171402931213
1706696968775,1984.91943359375,531.824369430542
1706696968786,1994.5875549316406,527.6075077056885
1706696968798,1986.8907928466797,525.5041193962097
1706696968850,1985.8856201171875,526.7635989189148
1706696968853,1981.6365051269531,529.8480534553528
1706696968866,1979.992446899414,529.6874856948853
1706696968875,1983.2551574707031,527.9992604255676
1706696968886,1988.9085388183594,524.5614624023438
1706696968897,1993.4925079345703,525.011579990387
1706696968908,1994.7811889648438,519.6179580688477
1706696968919,1995.5997467041016,518.3077096939087
1706696968930,1995.4960632324219,513.8307166099548
1706696968941,2001.3153076171875,516.2667417526245
1706696968952,2002.3699188232422,516.0927414894104
1706696968964,1936.4214324951172,530.6023550033569
1706696968995,1770.0654602050781,561.8511629104614
1706696968996,1461.8482971191406,612.9404854774475
1706696968997,1355.545425415039,635.1218390464783
1706696969013,1306.475715637207,659.3127036094666
1706696969019,1302.1350479125977,664.8829007148743
1706696969031,1297.154655456543,674.8494744300842
1706696969041,1296.5966796875,671.2043523788452
1706696969052,1290.896339416504,670.466251373291
1706696969064,1294.0497970581055,678.2707715034485
1706696969075,1288.3734893798828,681.6419649124146
1706696969086,1288.847999572754,681.257894039154
1706696969097,1286.7683410644531,673.8813900947571
1706696969108,1288.8825988769531,671.2843251228333
1706696969152,1289.8780822753906,672.769947052002
1706696969153,1283.2652282714844,676.3372206687927
1706696969170,1289.4738388061523,691.6524839401245
1706696969175,1290.2288818359375,689.1724061965942
1706696969186,1304.4795227050781,732.567822933197
1706696969199,1295.9738540649414,726.879243850708
1706696969207,1300.8684158325195,733.2011461257935
1706696969218,1325.9445571899414,782.7116346359253
1706696969229,nan,nan
1706696969240,nan,nan
1706696969250,nan,nan
1706696969261,nan,nan
1706696969272,nan,nan
1706696969283,nan,nan
1706696969327,nan,nan
1706696969328,nan,nan
1706696969350,nan,nan
1706696969367,nan,nan
1706696969384,nan,nan
1706696969396,nan,nan
1706696969407,nan,nan
1706696969417,nan,nan
1706696969437,nan,nan
1706696969461,nan,nan
1706696969462,nan,nan
1706696969477,nan,nan
1706696969484,nan,nan
1706696969496,nan,nan
1706696969507,nan,nan
1706696969517,nan,nan
1706696969529,nan,nan
1706696969541,nan,nan
1706696969551,nan,nan
1706696969562,nan,nan
1706696969600,nan,nan
1706696969601,nan,nan
1706696969607,nan,nan
1706696969616,nan,nan
1706696969630,nan,nan
1706696969641,nan,nan
1706696969650,nan,nan
1706696969662,nan,nan
1706696969673,nan,nan
1706696969684,nan,nan
1706696969695,nan,nan
1706696969707,nan,nan
1706696969717,nan,nan
1706696969750,nan,nan
1706696969751,nan,nan
1706696969767,nan,nan
1706696969774,nan,nan
1706696969783,nan,nan
1706696969795,nan,nan
1706696969807,nan,nan
1706696969817,nan,nan
1706696969829,nan,nan
1706696969840,nan,nan
1706696969850,nan,nan
1706696969862,nan,nan
1706696969898,nan,nan
1706696969899,nan,nan
1706696969908,nan,nan
1706696969917,nan,nan
1706696969929,nan,nan
1706696969941,nan,nan
1706696969951,nan,nan
1706696969963,nan,nan
1706696969974,nan,nan
1706696969983,nan,nan
1706696969995,nan,nan
1706696970007,nan,nan
1706696970016,nan,nan
1706696970050,nan,nan
1706696970051,nan,nan
1706696970067,nan,nan
1706696970074,nan,nan
1706696970083,nan,nan
1706696970095,nan,nan
1706696970107,nan,nan
1706696970116,nan,nan
1706696970129,nan,nan
1706696970140,nan,nan
1706696970150,nan,nan
1706696970162,nan,nan
1706696970199,nan,nan
1706696970200,nan,nan
1706696970207,nan,nan
1706696970221,nan,nan
1706696970229,nan,nan
1706696970240,nan,nan
1706696970250,nan,nan
1706696970262,nan,nan
1706696970274,nan,nan
1706696970284,nan,nan
1706696970296,nan,nan
1706696970307,nan,nan
1706696970317,nan,nan
1706696970351,nan,nan
1706696970368,nan,nan
1706696970373,nan,nan
1706696970384,nan,nan
1706696970395,nan,nan
1706696970407,nan,nan
1706696970416,nan,nan
1706696970428,nan,nan
1706696970440,nan,nan
1706696970449,nan,nan
1706696970462,nan,nan
1706696970501,nan,nan
1706696970502,nan,nan
1706696970507,nan,nan
1706696970520,nan,nan
1706696970529,nan,nan
1706696970541,nan,nan
1706696970549,nan,nan
1706696970562,nan,nan
1706696970574,nan,nan
1706696970583,nan,nan
1706696970595,nan,nan
1706696970607,nan,nan
1706696970616,nan,nan
1706696970654,nan,nan
1706696970655,nan,nan
1706696970662,nan,nan
1706696970674,nan,nan
1706696970685,nan,nan
1706696970696,nan,nan
1706696970707,nan,nan
1706696970717,nan,nan
1706696970728,nan,nan
1706696970740,nan,nan
1706696970750,nan,nan
1706696970761,nan,nan
1706696970802,nan,nan
1706696970803,nan,nan
1706696970806,nan,nan
1706696970823,nan,nan
1706696970829,nan,nan
1706696970840,nan,nan
1706696970850,nan,nan
1706696970862,nan,nan
1706696970873,nan,nan
1706696970884,nan,nan
1706696970896,nan,nan
1706696970907,nan,nan
1706696970917,nan,nan
1706696970951,nan,nan
1706696970953,nan,nan
1706696970968,nan,nan
1706696970973,nan,nan
1706696970984,nan,nan
1706696970995,nan,nan
1706696971006,nan,nan
1706696971016,nan,nan
1706696971029,nan,nan
1706696971040,nan,nan
1706696971049,nan,nan
1706696971062,nan,nan
1706696971099,nan,nan
1706696971107,nan,nan
1706696971116,nan,nan
1706696971129,nan,nan
1706696971141,nan,nan
1706696971149,nan,nan
1706696971162,nan,nan
1706696971174,nan,nan
1706696971182,nan,nan
1706696971195,nan,nan
1706696971207,nan,nan
1706696971216,nan,nan
1706696971250,nan,nan
1706696971251,nan,nan
1706696971266,nan,nan
1706696971273,nan,nan
1706696971285,nan,nan
1706696971294,nan,nan
1706696971306,nan,nan
1706696971316,nan,nan
1706696971328,nan,nan
1706696971340,nan,nan
1706696971349,nan,nan
1706696971362,nan,nan
1706696971399,nan,nan
1706696971400,nan,nan
1706696971406,nan,nan
1706696971416,nan,nan
1706696971430,nan,nan
1706696971439,nan,nan
1706696971450,nan,nan
1706696971463,nan,nan
1706696971473,nan,nan
1706696971483,nan,nan
1706696971497,nan,nan
1706696971536,nan,nan
1706696971538,nan,nan
1706696971554,nan,nan
1706696971561,nan,nan
1706696971572,nan,nan
1706696971583,nan,nan
1706696971594,nan,nan
1706696971605,nan,nan
1706696971616,nan,nan
1706696971627,nan,nan
1706696971637,nan,nan
1706696971655,nan,nan
1706696971697,nan,nan
1706696971698,nan,nan
1706696971716,nan,nan
1706696971720,nan,nan
1706696971731,nan,nan
1706696971743,nan,nan
1706696971753,nan,nan
1706696971765,nan,nan
1706696971776,nan,nan
1706696971786,nan,nan
1706696971798,nan,nan
1706696971809,nan,nan
1706696971847,1294.3318176269531,712.5430727005005
1706696971848,1339.2453002929688,764.0047287940979
1706696971854,1330.0630950927734,737.9792976379395
1706696971865,1329.7911071777344,732.6541042327881
1706696971878,1326.6845703125,731.4446640014648
1706696971888,1327.445068359375,741.6588163375854
1706696971899,1324.365234375,741.2078619003296
1706696971910,1327.9812622070312,734.5363283157349
1706696971921,1327.2168731689453,729.5274639129639
1706696971932,1359.5167541503906,736.6564321517944
1706696971944,1398.8404846191406,740.3446197509766
1706696971955,1466.9723510742188,757.6862812042236
1706696971965,1468.138198852539,751.6659450531006
1706696972002,1460.9609985351562,754.8260593414307
1706696972010,1472.9517364501953,755.7510566711426
1706696972021,1473.5096740722656,754.7842597961426
1706696972032,1476.1661529541016,751.8205261230469
1706696972043,1475.4084777832031,752.258734703064
1706696972054,1476.9290161132812,754.0503215789795
1706696972066,1471.726303100586,751.5732479095459
1706696972077,1472.7468872070312,748.2996225357056
1706696972088,1468.8409423828125,745.0113201141357
1706696972099,1469.5987701416016,744.9111557006836
1706696972137,1471.376953125,744.9684047698975
1706696972138,1481.9835662841797,746.9454288482666
1706696972144,1566.7394256591797,755.3425025939941
1706696972159,1735.0598907470703,773.2647228240967
1706696972166,1924.739761352539,786.3309860229492
1706696972177,2044.1022491455078,797.3195457458496
1706696972188,2058.891067504883,808.541693687439
1706696972199,2058.0043029785156,814.9529457092285
1706696972210,2054.8660278320312,811.1794424057007
1706696972221,2052.670364379883,810.3167581558228
1706696972233,2054.2411041259766,806.727876663208
1706696972243,2056.0684967041016,807.350664138794
1706696972254,2062.0465087890625,812.7729749679565
1706696972265,2055.059127807617,818.8728761672974
1706696972298,2058.976364135742,826.0089254379272
1706696972299,2058.632125854492,821.167516708374
1706696972316,2064.3785858154297,823.5155010223389
1706696972321,2065.862579345703,826.1464691162109
1706696972333,2067.6111602783203,814.6293210983276
1706696972343,2068.223342895508,814.4761991500854
1706696972354,2063.4930419921875,821.7669153213501
1706696972365,2063.523712158203,825.9376430511475
1706696972376,2064.6827697753906,825.6722974777222
1706696972387,2024.4210052490234,820.8828163146973
1706696972399,1990.6989288330078,821.1730098724365
1706696972437,1951.4604187011719,816.4536094665527
1706696972443,1923.4098815917969,829.0121841430664
1706696972457,1919.816665649414,829.7775793075562
1706696972466,1925.398941040039,821.3293075561523
1706696972477,1923.497314453125,817.8882694244385
1706696972487,1924.656753540039,813.3174848556519
1706696972499,1922.5211334228516,815.3746318817139
1706696972510,1919.2452239990234,817.1717548370361
1706696972521,1912.930908203125,820.3733253479004
1706696972532,1914.9797058105469,830.0643396377563
1706696972543,1915.7154846191406,830.7937288284302
1706696972560,1914.9903106689453,827.5937461853027
1706696972586,1909.1073608398438,821.3384485244751
1706696972588,1905.699462890625,826.1257410049438
1706696972604,1914.0814208984375,828.542218208313
1706696972609,1920.8863830566406,827.0632266998291
1706696972620,1916.5263366699219,931.1118221282959
1706696972630,nan,nan
1706696972641,nan,nan
1706696972651,nan,nan
1706696972663,nan,nan
1706696972674,nan,nan
1706696972685,nan,nan
1706696972695,nan,nan
1706696972736,nan,nan
1706696972737,nan,nan
1706696972738,nan,nan
1706696972757,nan,nan
1706696972777,nan,nan
1706696972787,nan,nan
1706696972798,nan,nan
1706696972810,nan,nan
1706696972820,nan,nan
1706696972832,nan,nan
1706696972844,nan,nan
1706696972860,nan,nan
1706696972880,nan,nan
1706696972887,nan,nan
1706696972899,nan,nan
1706696972913,nan,nan
1706696972920,nan,nan
1706696972932,nan,nan
1706696972944,nan,nan
1706696972954,nan,nan
1706696972966,nan,nan
1706696972978,nan,nan
1706696973019,nan,nan
1706696973020,nan,nan
1706696973036,nan,nan
1706696973044,nan,nan
1706696973053,nan,nan
1706696973065,nan,nan
1706696973078,nan,nan
1706696973086,nan,nan
1706696973098,nan,nan
1706696973111,nan,nan
1706696973120,nan,nan
1706696973132,nan,nan
1706696973171,nan,nan
1706696973172,nan,nan
1706696973178,nan,nan
1706696973188,nan,nan
1706696973198,nan,nan
1706696973211,nan,nan
1706696973220,nan,nan
1706696973232,nan,nan
1706696973244,nan,nan
1706696973253,nan,nan
1706696973265,nan,nan
1706696973277,nan,nan
1706696973321,nan,nan
1706696973322,nan,nan
1706696973337,nan,nan
1706696973345,nan,nan
1706696973355,nan,nan
1706696973365,nan,nan
1706696973376,nan,nan
1706696973386,nan,nan
1706696973399,nan,nan
1706696973410,nan,nan
1706696973420,nan,nan
1706696973433,nan,nan
1706696973470,nan,nan
1706696973471,nan,nan
1706696973478,nan,nan
1706696973488,nan,nan
1706696973501,nan,nan
1706696973518,nan,nan
1706696973533,nan,nan
1706696973543,nan,nan
1706696973553,nan,nan
1706696973565,nan,nan
1706696973603,nan,nan
1706696973604,nan,nan
1706696973610,1498.5939025878906,1073.7899780273438
1706696973622,1498.5939025878906,1073.7899780273438
1706696973632,1498.5939025878906,1073.7899780273438
1706696973643,1551.2197875976562,1009.5699119567871
1706696973655,1551.2197875976562,1009.5699119567871
1706696973666,1551.2197875976562,1009.5699119567871
1706696973678,1698.587875366211,925.8395862579346
1706696973689,1708.6683654785156,904.8740243911743
1706696973700,1708.6683654785156,904.8740243911743
1706696973712,1744.7913360595703,853.5019111633301
1706696973733,1745.5658721923828,847.6240110397339
1706696973755,1745.5658721923828,847.6240110397339
1706696973756,1728.3245086669922,859.6105241775513
1706696973771,1723.3696746826172,867.5999450683594
1706696973779,1726.7707061767578,868.384952545166
1706696973790,1725.3672790527344,866.7743825912476
1706696973801,1697.945327758789,854.4277667999268
1706696973812,1601.3975524902344,817.4831914901733
1706696973823,1418.3438873291016,759.4210910797119
1706696973834,1407.5018310546875,760.572509765625
1706696973845,1402.933120727539,759.9038028717041
1706696973857,1403.2463836669922,756.9010591506958
1706696973868,1405.1203918457031,759.93656873703
1706696973900,1401.8464660644531,763.0267524719238
1706696973901,1402.0252990722656,762.6370596885681
1706696973917,1399.0003967285156,763.3496260643005
1706696973923,1396.9245147705078,758.9882254600525
1706696973934,1396.5306091308594,754.5321321487427
1706696973945,1394.6830749511719,758.9353966712952
1706696973956,1397.2687530517578,755.5896735191345
1706696973967,1396.314697265625,757.8460550308228
1706696973978,1393.7120819091797,755.2372527122498
1706696973989,1389.6729278564453,767.3101329803467
1706696974001,1392.3755645751953,767.0309686660767
1706696974011,1395.3006744384766,763.9069890975952
1706696974052,1395.149917602539,759.040367603302
1706696974056,1397.6612091064453,760.3304886817932
1706696974067,1397.5013732910156,755.4018115997314
1706696974078,1398.9498138427734,757.8483724594116
1706696974089,1394.485855102539,759.2626905441284
1706696974101,1392.5540924072266,760.8608365058899
1706696974111,1386.7558288574219,760.1217699050903
1706696974122,1391.5670013427734,762.1103167533875
1706696974134,1396.4783477783203,761.7920994758606
1706696974145,1396.1514282226562,767.616012096405
1706696974156,1391.7938995361328,759.9443793296814
1706696974167,1392.2412872314453,762.4712347984314
1706696974201,1398.280029296875,769.8964476585388
1706696974202,1599.9795532226562,841.7204475402832
1706696974217,1982.7568054199219,855.1352691650391
1706696974220,nan,nan
1706696974233,nan,nan
1706696974243,nan,nan
1706696974253,nan,nan
1706696974265,nan,nan
1706696974276,nan,nan
1706696974286,nan,nan
1706696974296,nan,nan
1706696974313,nan,nan
1706696974352,nan,nan
1706696974353,nan,nan
1706696974354,nan,nan
1706696974369,nan,nan
1706696974377,nan,nan
1706696974387,nan,nan
1706696974400,nan,nan
1706696974411,nan,nan
1706696974421,nan,nan
1706696974433,nan,nan
1706696974445,nan,nan
1706696974455,nan,nan
1706696974466,nan,nan
1706696974503,nan,nan
1706696974504,nan,nan
1706696974511,nan,nan
1706696974522,nan,nan
1706696974533,nan,nan
1706696974544,nan,nan
1706696974554,nan,nan
1706696974566,nan,nan
1706696974577,nan,nan
1706696974587,nan,nan
1706696974599,nan,nan
1706696974611,nan,nan
1706696974651,nan,nan
1706696974652,nan,nan
1706696974654,nan,nan
1706696974667,nan,nan
1706696974679,nan,nan
1706696974686,nan,nan
1706696974699,nan,nan
1706696974710,nan,nan
1706696974720,nan,nan
1706696974732,nan,nan
1706696974743,nan,nan
1706696974753,nan,nan
1706696974765,nan,nan
1706696974807,nan,nan
1706696974808,nan,nan
1706696974810,nan,nan
1706696974822,nan,nan
1706696974832,nan,nan
1706696974844,nan,nan
1706696974854,nan,nan
1706696974866,nan,nan
1706696974877,nan,nan
1706696974887,nan,nan
1706696974899,nan,nan
1706696974910,nan,nan
1706696974921,nan,nan
1706696974956,nan,nan
1706696974972,nan,nan
1706696974977,nan,nan
1706696974989,nan,nan
1706696974999,nan,nan
1706696975011,nan,nan
1706696975021,nan,nan
1706696975033,nan,nan
1706696975044,nan,nan
1706696975054,nan,nan
1706696975065,nan,nan
1706696975108,nan,nan
1706696975109,nan,nan
1706696975110,nan,nan
1706696975125,nan,nan
1706696975132,nan,nan
1706696975145,nan,nan
1706696975153,nan,nan
1706696975165,nan,nan
1706696975177,nan,nan
1706696975186,nan,nan
1706696975199,nan,nan
1706696975210,nan,nan
1706696975220,nan,nan
1706696975256,nan,nan
1706696975257,nan,nan
1706696975272,nan,nan
1706696975277,nan,nan
1706696975288,nan,nan
1706696975299,nan,nan
1706696975310,nan,nan
1706696975320,nan,nan
1706696975332,nan,nan
1706696975344,nan,nan
1706696975353,nan,nan
1706696975365,nan,nan
1706696975377,nan,nan
1706696975387,nan,nan
1706696975424,nan,nan
1706696975439,nan,nan
1706696975443,nan,nan
1706696975454,nan,nan
1706696975465,nan,nan
1706696975477,nan,nan
1706696975486,nan,nan
1706696975498,nan,nan
1706696975510,nan,nan
1706696975520,nan,nan
1706696975532,nan,nan
1706696975550,nan,nan
1706696975572,nan,nan
1706696975577,nan,nan
1706696975589,nan,nan
1706696975599,nan,nan
1706696975610,nan,nan
1706696975620,nan,nan
1706696975632,nan,nan
1706696975644,nan,nan
1706696975653,nan,nan
1706696975665,nan,nan
1706696975677,nan,nan
1706696975687,nan,nan
1706696975722,nan,nan
1706696975738,nan,nan
1706696975745,nan,nan
1706696975754,nan,nan
1706696975767,nan,nan
1706696975777,nan,nan
1706696975787,nan,nan
1706696975800,nan,nan
1706696975816,nan,nan
1706696975832,nan,nan
1706696975849,nan,nan
1706696975872,nan,nan
1706696975875,nan,nan
1706696975888,nan,nan
1706696975898,nan,nan
1706696975908,nan,nan
1706696975925,nan,nan
1706696975947,nan,nan
1706696975963,nan,nan
1706696976012,nan,nan
1706696976013,nan,nan
1706696976031,1541.3678741455078,754.010603427887
1706696976035,1541.3678741455078,754.010603427887
1706696976047,1494.6040344238281,722.6745700836182
1706696976058,1499.2227935791016,746.4409804344177
1706696976068,1499.2227935791016,746.4409804344177
1706696976080,1488.39111328125,752.6661729812622
1706696976092,1482.34130859375,759.5918941497803
1706696976102,1483.8177490234375,765.5578136444092
1706696976114,1483.766860961914,763.2480239868164
1706696976125,1483.8798522949219,765.2177953720093
1706696976164,1477.325210571289,768.0056619644165
1706696976165,1475.0480651855469,767.480034828186
1706696976170,1479.9886322021484,769.4435405731201
1706696976181,1477.5194549560547,774.5269060134888
1706696976191,1476.2583923339844,774.8861503601074
1706696976202,1470.732421875,779.332480430603
1706696976213,1473.0036926269531,779.8808097839355
1706696976224,1471.115493774414,778.7006378173828
1706696976235,1474.1024017333984,779.0787649154663
1706696976247,1473.4578704833984,775.3558158874512
1706696976258,1477.7976989746094,767.9449796676636
1706696976269,1484.043197631836,774.0968084335327
1706696976279,1482.8956604003906,774.9732685089111
1706696976323,1479.4468688964844,779.1744661331177
1706696976324,1486.6748809814453,773.6707878112793
1706696976341,1549.810791015625,777.6047515869141
1706696976347,1553.089370727539,777.5693893432617
1706696976358,1558.2418060302734,774.9115133285522
1706696976369,1561.5962982177734,779.1843366622925
1706696976380,1560.0978088378906,775.2811002731323
1706696976391,1560.7345581054688,778.0905103683472
1706696976402,1562.7272033691406,778.4509563446045
1706696976413,1566.6132354736328,782.9247093200684
1706696976424,1562.5637817382812,776.6954183578491
1706696976436,1569.0702056884766,786.9352340698242
1706696976475,1578.1080627441406,787.6665544509888
1706696976479,1505.5636596679688,904.6127986907959
1706696976493,1420.9239196777344,988.7078189849854
1706696976501,nan,nan
1706696976513,nan,nan
1706696976522,nan,nan
1706696976534,nan,nan
1706696976545,nan,nan
1706696976554,nan,nan
1706696976565,nan,nan
1706696976576,nan,nan
1706696976586,nan,nan
1706696976628,nan,nan
1706696976635,nan,nan
1706696976647,nan,nan
1706696976657,nan,nan
1706696976669,nan,nan
1706696976680,nan,nan
1706696976690,nan,nan
1706696976702,nan,nan
1706696976714,nan,nan
1706696976723,nan,nan
1706696976736,nan,nan
1706696976747,nan,nan
1706696976757,nan,nan
1706696976791,nan,nan
1706696976792,nan,nan
1706696976809,nan,nan
1706696976814,nan,nan
1706696976824,nan,nan
1706696976836,nan,nan
1706696976847,nan,nan
1706696976857,nan,nan
1706696976869,nan,nan
1706696976881,nan,nan
1706696976891,nan,nan
1706696976902,nan,nan
1706696976939,nan,nan
1706696976940,nan,nan
1706696976946,nan,nan
1706696976956,nan,nan
1706696976984,nan,nan
1706696976985,nan,nan
1706696976990,nan,nan
1706696977002,nan,nan
1706696977013,nan,nan
1706696977023,nan,nan
1706696977035,nan,nan
1706696977046,nan,nan
1706696977056,nan,nan
1706696977068,nan,nan
1706696977105,nan,nan
1706696977106,nan,nan
1706696977114,nan,nan
1706696977123,nan,nan
1706696977136,nan,nan
1706696977147,nan,nan
1706696977157,nan,nan
1706696977169,nan,nan
1706696977181,nan,nan
1706696977191,nan,nan
1706696977202,nan,nan
1706696977214,nan,nan
1706696977256,nan,nan
1706696977258,nan,nan
1706696977273,nan,nan
1706696977281,nan,nan
1706696977292,nan,nan
1706696977304,nan,nan
1706696977320,nan,nan
1706696977335,nan,nan
1706696977346,nan,nan
1706696977357,nan,nan
1706696977369,nan,nan
1706696977411,2481.39404296875,1171.0300540924072
1706696977412,2481.39404296875,1171.0300540924072
1706696977414,2322.376251220703,1093.8678359985352
1706696977427,2322.376251220703,1093.8678359985352
1706696977436,2322.376251220703,1093.8678359985352
1706696977447,2059.8162841796875,1015.0740623474121
1706696977459,2064.738311767578,1010.9011459350586
1706696977471,2062.188262939453,1024.8190212249756
1706696977483,2057.0285034179688,1067.541675567627
1706696977493,2056.5110778808594,1082.3176431655884
1706696977504,2057.1543884277344,1081.5816450119019
1706696977515,2062.1907806396484,1081.9738054275513
1706696977526,2061.875457763672,1083.4291505813599
1706696977560,2054.819869995117,1084.1722297668457
1706696977575,2064.347457885742,1075.6282997131348
1706696977582,2064.3064880371094,1074.6579837799072
1706696977593,2063.699722290039,1070.440092086792
1706696977605,2071.7826080322266,1070.624885559082
1706696977615,2067.481689453125,1067.8693771362305
1706696977627,2071.9586181640625,1067.5475549697876
1706696977637,2070.8069610595703,1061.683430671692
1706696977649,2019.4087219238281,1051.049566268921
1706696977660,1926.864242553711,1039.8756122589111
1706696977671,1922.0478820800781,1045.7050609588623
1706696977683,1922.1897888183594,1043.4581422805786
1706696977694,1917.8855895996094,1034.841513633728
1706696977729,1913.8213348388672,1031.8480396270752
1706696977749,1905.0588989257812,1031.5800333023071
1706696977761,1907.0258331298828,1037.232027053833
1706696977772,1907.8499603271484,1034.6951293945312
1706696977782,1903.6196899414062,1029.5719814300537
1706696977794,1906.5628051757812,1028.3993196487427
1706696977805,1906.3898468017578,1028.1058645248413
1706696977816,1848.1468963623047,971.6168260574341
1706696977827,1699.0922546386719,855.1016664505005
1706696977838,1618.9657592773438,796.6793346405029
1706696977850,1572.0157623291016,776.3318395614624
1706696977860,1551.4096069335938,765.4955220222473
1706696977896,1553.995590209961,765.9876322746277
1706696977897,1553.8275909423828,765.3321647644043
1706696977898,1552.472915649414,763.0654621124268
1706696977904,1549.6467590332031,763.6635947227478
1706696977915,1551.1920928955078,760.9918785095215
1706696977928,1553.2064056396484,761.1885595321655
1706696977937,1553.0274963378906,758.227014541626
1706696977948,1553.8948059082031,758.416485786438
1706696977960,1555.6078338623047,755.530514717102
1706696977971,1553.3335876464844,753.4740114212036
1706696977982,1549.8204803466797,751.4864301681519
1706696977993,1550.3868103027344,752.7810788154602
1706696978004,1555.6980895996094,759.4396734237671
1706696978021,1563.9434814453125,758.5952925682068
1706696978045,1595.4408264160156,766.0782694816589
1706696978049,1618.9641571044922,774.822506904602
1706696978063,1616.983642578125,768.4646415710449
1706696978071,1617.2090148925781,765.187132358551
1706696978083,1620.5941772460938,768.2374048233032
1706696978093,1621.3172149658203,774.5559597015381
1706696978104,1622.3658752441406,770.2355003356934
1706696978115,1621.2496948242188,770.9433031082153
1706696978126,1624.0391540527344,773.2201337814331
1706696978138,1621.543197631836,772.8455901145935
1706696978149,1621.7073822021484,768.2511377334595
1706696978160,1617.1700286865234,763.7109732627869
1706696978171,1624.4091796875,764.7670340538025
1706696978213,1628.7220764160156,768.5379195213318
1706696978215,1631.3133239746094,761.9972562789917
1706696978230,1628.5000610351562,763.700008392334
1706696978237,1628.5884857177734,763.6142206192017
1706696978250,1632.447280883789,765.3089904785156
1706696978259,1630.2801513671875,765.669264793396
1706696978270,1632.2777557373047,768.5492706298828
1706696978282,1627.0101928710938,768.5315465927124
1706696978292,1686.7401123046875,783.2518529891968
1706696978303,1723.1207275390625,773.1840419769287
1706696978313,1839.2276000976562,740.2263450622559
1706696978324,nan,nan
1706696978362,nan,nan
1706696978363,nan,nan
1706696978370,nan,nan
1706696978381,nan,nan
1706696978393,nan,nan
1706696978401,nan,nan
1706696978418,nan,nan
1706696978437,nan,nan
1706696978448,nan,nan
1706696978458,nan,nan
1706696978470,nan,nan
1706696978491,nan,nan
1706696978511,nan,nan
1706696978512,nan,nan
1706696978515,nan,nan
1706696978528,nan,nan
1706696978537,nan,nan
1706696978548,nan,nan
1706696978558,nan,nan
1706696978570,nan,nan
1706696978581,nan,nan
1706696978591,nan,nan
1706696978603,nan,nan
1706696978614,nan,nan
1706696978625,nan,nan
1706696978662,nan,nan
1706696978663,nan,nan
1706696978670,nan,nan
1706696978681,nan,nan
1706696978692,nan,nan
1706696978703,nan,nan
1706696978715,nan,nan
1706696978724,nan,nan
1706696978737,nan,nan
1706696978748,nan,nan
1706696978758,nan,nan
1706696978770,nan,nan
1706696978791,nan,nan
1706696978811,nan,nan
1706696978812,nan,nan
1706696978814,nan,nan
1706696978827,nan,nan
1706696978836,nan,nan
1706696978847,nan,nan
1706696978857,nan,nan
1706696978869,nan,nan
1706696978881,nan,nan
1706696978891,nan,nan
1706696978902,nan,nan
1706696978914,nan,nan
1706696978924,nan,nan
1706696978936,nan,nan
1706696978977,nan,nan
1706696978978,nan,nan
1706696978982,nan,nan
1706696978995,nan,nan
1706696979003,nan,nan
1706696979015,nan,nan
1706696979024,nan,nan
1706696979036,nan,nan
1706696979047,nan,nan
1706696979058,nan,nan
1706696979070,nan,nan
1706696979081,nan,nan
1706696979091,nan,nan
1706696979129,nan,nan
1706696979136,nan,nan
1706696979150,nan,nan
1706696979158,nan,nan
1706696979170,nan,nan
1706696979180,nan,nan
1706696979190,nan,nan
1706696979202,nan,nan
1706696979214,nan,nan
1706696979224,nan,nan
1706696979236,nan,nan
1706696979259,nan,nan
1706696979282,nan,nan
1706696979298,nan,nan
1706696979303,nan,nan
1706696979314,nan,nan
1706696979324,nan,nan
1706696979336,nan,nan
1706696979348,nan,nan
1706696979358,nan,nan
1706696979369,nan,nan
1706696979380,nan,nan
1706696979390,nan,nan
1706696979402,nan,nan
1706696979444,nan,nan
1706696979445,nan,nan
1706696979448,nan,nan
1706696979461,nan,nan
1706696979469,nan,nan
1706696979481,nan,nan
1706696979491,nan,nan
1706696979503,nan,nan
1706696979515,nan,nan
1706696979524,nan,nan
1706696979536,nan,nan
1706696979548,nan,nan
1706696979557,nan,nan
1706696979594,nan,nan
1706696979595,nan,nan
1706696979602,nan,nan
1706696979613,nan,nan
1706696979624,nan,nan
1706696979636,nan,nan
1706696979648,nan,nan
1706696979658,nan,nan
1706696979670,nan,nan
1706696979681,nan,nan
1706696979692,nan,nan
1706696979704,nan,nan
1706696979743,nan,nan
1706696979744,nan,nan
1706696979748,nan,nan
1706696979762,nan,nan
1706696979771,nan,nan
1706696979789,nan,nan
1706696979804,nan,nan
1706696979815,nan,nan
1706696979826,nan,nan
1706696979837,nan,nan
1706696979849,nan,nan
1706696979861,nan,nan
1706696979903,nan,nan
1706696979904,1698.0723571777344,945.3033256530762
1706696979906,1711.0920715332031,942.405595779419
1706696979919,1698.4481811523438,946.262354850769
1706696979929,1698.6576080322266,945.5882835388184
1706696979939,1700.5380249023438,948.9138793945312
1706696979950,1702.8416442871094,942.2852182388306
1706696979962,1702.0759582519531,939.5688056945801
1706696979972,1708.0924987792969,934.6029424667358
1706696979983,1704.275131225586,944.348201751709
1706696979994,1676.2735748291016,956.3275909423828
1706696980006,1689.8876953125,961.7939329147339
1706696980017,1704.1557312011719,947.475528717041
1706696980063,1712.095947265625,943.0385541915894
1706696980064,1705.3155517578125,942.4488544464111
1706696980079,1706.0985565185547,949.2452716827393
1706696980084,1679.9041748046875,904.7652769088745
1706696980096,1602.838363647461,791.3152170181274
1706696980106,1573.1610107421875,745.1577043533325
1706696980117,1560.0113677978516,737.5600790977478
1706696980128,1555.7350158691406,745.8552074432373
1706696980139,1550.9684753417969,745.9768080711365
1706696980150,1547.2415161132812,745.7675528526306
1706696980161,1545.8226013183594,740.986955165863
1706696980172,1544.9774169921875,740.2648830413818
1706696980211,1545.3821563720703,738.2999181747437
1706696980212,1547.0915222167969,739.8658561706543
1706696980217,1550.2631378173828,742.7624917030334
1706696980228,1549.5140075683594,739.8883867263794
1706696980240,1549.1646575927734,733.1467509269714
1706696980251,1547.2171783447266,730.9161615371704
1706696980262,1547.8368377685547,731.706748008728
1706696980273,1546.9963836669922,736.1767673492432
1706696980284,1545.5152893066406,729.3573689460754
1706696980295,1543.309326171875,727.801194190979
1706696980306,1546.3009643554688,726.3032984733582
1706696980316,1554.5275115966797,734.3746662139893
1706696980328,1681.0482025146484,802.3614978790283
1706696980339,1809.5800018310547,853.311882019043
1706696980378,1979.952163696289,917.7814149856567
1706696980383,2135.8069610595703,986.5363454818726
1706696980394,2142.458038330078,988.3041572570801
1706696980406,2141.631317138672,983.2016515731812
1706696980417,2142.506866455078,985.6504440307617
1706696980428,2146.4854431152344,988.2892227172852
1706696980439,2149.3450927734375,991.609582901001
1706696980450,2152.5253295898438,991.4107131958008
1706696980461,2146.2218475341797,988.4512281417847
1706696980473,2147.6043701171875,985.3970718383789
1706696980483,2150.2147674560547,985.8935594558716
1706696980507,2158.6192321777344,991.1763095855713
1706696980529,2154.061737060547,1002.3837375640869
1706696980530,2160.0369262695312,1004.5400619506836
1706696980545,2147.5756072998047,997.0694446563721
1706696980549,2127.600555419922,1007.0722389221191
1706696980561,2164.0834045410156,953.730354309082
1706696980571,2201.5780639648438,922.8427219390869
1706696980582,2201.5780639648438,922.8427219390869
1706696980593,nan,nan
1706696980604,nan,nan
1706696980615,nan,nan
1706696980625,nan,nan
1706696980636,nan,nan
1706696980648,nan,nan
1706696980659,nan,nan
1706696980692,nan,nan
1706696980693,nan,nan
1706696980698,nan,nan
1706696980718,nan,nan
1706696980727,nan,nan
1706696980738,nan,nan
1706696980750,nan,nan
1706696980760,nan,nan
1706696980772,nan,nan
1706696980783,nan,nan
1706696980793,nan,nan
1706696980805,nan,nan
1706696980822,nan,nan
1706696980842,nan,nan
1706696980843,nan,nan
1706696980850,nan,nan
1706696980860,nan,nan
1706696980874,nan,nan
1706696980883,nan,nan
1706696980894,nan,nan
1706696980905,nan,nan
1706696980917,nan,nan
1706696980927,nan,nan
1706696980939,nan,nan
1706696980950,nan,nan
1706696980960,nan,nan
1706696980997,nan,nan
1706696980998,nan,nan
1706696981006,nan,nan
1706696981017,nan,nan
1706696981029,nan,nan
1706696981039,nan,nan
1706696981051,nan,nan
1706696981059,nan,nan
1706696981072,nan,nan
1706696981083,nan,nan
1706696981093,nan,nan
1706696981105,nan,nan
1706696981142,nan,nan
1706696981143,nan,nan
1706696981150,nan,nan
1706696981159,nan,nan
1706696981172,nan,nan
1706696981183,nan,nan
1706696981193,nan,nan
1706696981205,nan,nan
1706696981216,nan,nan
1706696981226,nan,nan
1706696981239,nan,nan
1706696981250,nan,nan
1706696981260,nan,nan
1706696981295,nan,nan
1706696981311,nan,nan
1706696981317,nan,nan
1706696981327,nan,nan
1706696981339,nan,nan
1706696981350,nan,nan
1706696981361,nan,nan
1706696981372,nan,nan
1706696981384,nan,nan
1706696981395,nan,nan
1706696981406,nan,nan
1706696981440,nan,nan
1706696981441,nan,nan
1706696981457,nan,nan
1706696981472,nan,nan
1706696981482,nan,nan
1706696981493,nan,nan
1706696981504,nan,nan
1706696981515,nan,nan
1706696981527,nan,nan
1706696981538,nan,nan
1706696981549,nan,nan
1706696981596,nan,nan
1706696981597,nan,nan
1706696981613,nan,nan
1706696981626,nan,nan
1706696981641,nan,nan
1706696981653,1403.204574584961,687.1475744247437
1706696981664,1404.3804931640625,658.6737370491028
1706696981676,1405.6417846679688,676.189591884613
1706696981687,1463.250503540039,688.7625217437744
1706696981698,1570.7637023925781,724.5187711715698
1706696981709,1603.5758209228516,733.2507133483887
1706696981745,1603.4266662597656,736.5297889709473
1706696981746,1614.3645477294922,730.7196950912476
1706696981753,1609.5021057128906,726.0056376457214
1706696981765,1604.1495513916016,731.2910056114197
1706696981776,1607.536392211914,727.6693153381348
1706696981787,1605.3471374511719,725.2670860290527
1706696981798,1609.589614868164,731.9896030426025
1706696981808,1605.589828491211,741.4313864707947
1706696981820,1607.176742553711,743.1131100654602
1706696981831,1605.1776885986328,744.8993968963623
1706696981842,1604.7346496582031,746.4646482467651
1706696981878,1601.6856384277344,747.1233129501343
1706696981879,1607.8514099121094,742.7169585227966
1706696981886,1614.2263793945312,744.4263625144958
1706696981897,1605.3179168701172,743.536856174469
1706696981909,1602.0211029052734,735.8438086509705
1706696981920,1599.260025024414,736.9297385215759
1706696981931,1602.232437133789,741.1960816383362
1706696981942,1609.736328125,744.8699569702148
1706696981953,1607.4510192871094,740.666012763977
1706696981964,1609.1423797607422,733.5807967185974
1706696981975,1606.963119506836,729.046061038971
1706696981985,1609.9555969238281,726.6187906265259
1706696982008,1541.7259216308594,731.7873859405518
1706696982028,nan,nan
1706696982029,nan,nan
1706696982045,nan,nan
1706696982052,nan,nan
1706696982062,nan,nan
1706696982072,nan,nan
1706696982083,nan,nan
1706696982095,nan,nan
1706696982105,nan,nan
1706696982123,nan,nan
1706696982144,nan,nan
1706696982179,nan,nan
1706696982180,nan,nan
1706696982194,nan,nan
1706696982197,nan,nan
1706696982210,nan,nan
1706696982220,nan,nan
1706696982230,nan,nan
1706696982242,nan,nan
1706696982254,nan,nan
1706696982264,nan,nan
1706696982276,nan,nan
1706696982287,nan,nan
1706696982308,nan,nan
1706696982328,nan,nan
1706696982329,nan,nan
1706696982330,nan,nan
1706696982343,nan,nan
1706696982354,nan,nan
1706696982364,nan,nan
1706696982376,nan,nan
1706696982387,nan,nan
1706696982397,nan,nan
1706696982409,nan,nan
1706696982421,nan,nan
1706696982431,nan,nan
1706696982442,nan,nan
1706696982478,nan,nan
1706696982494,nan,nan
1706696982498,nan,nan
1706696982510,nan,nan
1706696982521,nan,nan
1706696982531,nan,nan
1706696982542,nan,nan
1706696982554,nan,nan
1706696982564,nan,nan
1706696982575,nan,nan
1706696982587,nan,nan
1706696982627,nan,nan
1706696982628,nan,nan
1706696982630,nan,nan
1706696982644,nan,nan
1706696982653,nan,nan
1706696982665,nan,nan
1706696982675,nan,nan
1706696982687,nan,nan
1706696982697,nan,nan
1706696982708,nan,nan
1706696982720,nan,nan
1706696982730,nan,nan
1706696982742,nan,nan
1706696982779,nan,nan
1706696982787,nan,nan
1706696982797,nan,nan
1706696982813,nan,nan
1706696982820,nan,nan
1706696982830,nan,nan
1706696982842,nan,nan
1706696982854,nan,nan
1706696982864,nan,nan
1706696982876,nan,nan
1706696982887,nan,nan
1706696982906,nan,nan
1706696982929,nan,nan
1706696982930,nan,nan
1706696982944,nan,nan
1706696982953,nan,nan
1706696982964,nan,nan
1706696982975,nan,nan
1706696982986,nan,nan
1706696982997,nan,nan
1706696983009,nan,nan
1706696983020,nan,nan
1706696983030,nan,nan
1706696983042,nan,nan
1706696983075,nan,nan
1706696983076,nan,nan
1706696983091,nan,nan
1706696983098,nan,nan
1706696983109,nan,nan
1706696983120,nan,nan
1706696983130,nan,nan
1706696983142,nan,nan
1706696983153,nan,nan
1706696983163,nan,nan
1706696983176,nan,nan
1706696983187,nan,nan
1706696983229,nan,nan
1706696983230,nan,nan
1706696983246,nan,nan
1706696983254,nan,nan
1706696983264,nan,nan
1706696983276,nan,nan
1706696983287,nan,nan
1706696983298,nan,nan
1706696983309,nan,nan
1706696983320,nan,nan
1706696983330,nan,nan
1706696983343,nan,nan
1706696983376,nan,nan
1706696983377,nan,nan
1706696983395,nan,nan
1706696983397,nan,nan
1706696983411,nan,nan
1706696983421,nan,nan
1706696983431,nan,nan
1706696983445,nan,nan
1706696983463,nan,nan
1706696983476,nan,nan
1706696983487,nan,nan
1706696983509,nan,nan
1706696983531,nan,nan
1706696983532,nan,nan
1706696983547,nan,nan
1706696983556,1532.5475311279297,632.8736543655396
1706696983566,1532.5475311279297,632.8736543655396
1706696983577,1532.5475311279297,632.8736543655396
1706696983589,1536.822280883789,645.6531143188477
1706696983600,1537.1501159667969,639.3012142181396
1706696983611,1531.5301513671875,640.8901333808899
1706696983622,1528.0232238769531,638.0180883407593
1706696983633,1528.5212707519531,631.2517762184143
1706696983677,1532.753677368164,639.1105842590332
1706696983678,1530.2914428710938,639.9879455566406
1706696983694,1528.5487365722656,644.8478078842163
1706696983700,1527.7997589111328,646.3447380065918
1706696983712,1529.2716979980469,657.2653412818909
1706696983722,1524.832763671875,656.9015693664551
1706696983734,1522.3564910888672,656.7429327964783
1706696983745,1520.3567504882812,649.895339012146
1706696983756,1520.7154846191406,650.3058671951294
1706696983767,1523.6336517333984,656.1599063873291
1706696983778,1520.6744384765625,656.477780342102
1706696983789,1520.0928497314453,655.9927082061768
1706696983809,1544.3779754638672,671.2090301513672
1706696983831,1599.9972534179688,692.75390625
1706696983832,1713.0595397949219,732.0170903205872
1706696983834,1884.889907836914,781.4019441604614
1706696983847,1934.4825744628906,788.652663230896
1706696983856,1942.7932739257812,785.4886865615845
1706696983867,1948.652572631836,782.4169778823853
1706696983877,1952.4647521972656,784.4923639297485
1706696983889,1954.2644500732422,786.0474014282227
1706696983900,1953.7144470214844,786.4034700393677
1706696983911,1954.2471313476562,791.1583614349365
1706696983923,1954.4628143310547,791.1891317367554
1706696983933,1951.8606567382812,791.6327905654907
1706696983977,1949.2892456054688,792.9570722579956
1706696983978,1943.2672119140625,793.1994152069092
1706696983994,1942.3562622070312,792.5190782546997
1706696984000,1940.3417205810547,792.6455926895142
1706696984011,1937.3340606689453,800.5845022201538
1706696984022,1952.5337219238281,803.4112071990967
1706696984033,2027.6050567626953,854.2933988571167
1706696984045,2074.371871948242,884.7312355041504
1706696984056,2134.4190979003906,918.2721948623657
1706696984067,2139.0386962890625,924.959864616394
1706696984077,2141.9271087646484,929.534854888916
1706696984088,2122.0310974121094,938.445839881897
1706696984107,2148.0239868164062,893.4871673583984
1706696984127,2142.1902465820312,871.2183952331543
1706696984133,2098.671340942383,938.4596586227417
1706696984145,2110.451202392578,937.6975250244141
1706696984155,2109.7274780273438,938.2624197006226
1706696984167,2117.1671295166016,944.3386316299438
1706696984178,2116.192626953125,941.0696840286255
1706696984188,2118.699264526367,940.8337354660034
1706696984200,2118.458480834961,934.4044160842896
1706696984211,2116.1660766601562,924.9130010604858
1706696984222,2112.5543212890625,922.6260423660278
1706696984234,2121.614990234375,916.5631341934204
1706696984244,2123.811492919922,930.0968742370605
1706696984278,2125.025863647461,931.6500234603882
1706696984288,2136.685104370117,931.4761734008789
1706696984298,2131.0819244384766,950.0956392288208
1706696984310,2176.1227416992188,915.1318645477295
1706696984320,nan,nan
1706696984331,nan,nan
1706696984342,nan,nan
1706696984353,nan,nan
1706696984364,nan,nan
1706696984374,nan,nan
1706696984386,nan,nan
1706696984397,nan,nan
1706696984430,nan,nan
1706696984431,nan,nan
1706696984437,nan,nan
1706696984457,nan,nan
1706696984468,nan,nan
1706696984479,nan,nan
1706696984490,nan,nan
1706696984500,nan,nan
1706696984512,nan,nan
1706696984523,nan,nan
1706696984534,nan,nan
1706696984546,nan,nan
1706696984557,nan,nan
1706696984597,nan,nan
1706696984598,nan,nan
1706696984600,nan,nan
1706696984615,nan,nan
1706696984623,nan,nan
1706696984633,nan,nan
1706696984645,nan,nan
1706696984656,nan,nan
1706696984666,nan,nan
1706696984678,nan,nan
1706696984689,nan,nan
1706696984700,nan,nan
1706696984712,nan,nan
1706696984747,nan,nan
1706696984748,nan,nan
1706696984756,nan,nan
1706696984767,nan,nan
1706696984779,nan,nan
1706696984790,nan,nan
1706696984800,nan,nan
1706696984812,nan,nan
1706696984823,nan,nan
1706696984833,nan,nan
1706696984845,nan,nan
1706696984857,nan,nan
1706696984898,nan,nan
1706696984900,nan,nan
1706696984916,nan,nan
1706696984923,nan,nan
1706696984935,nan,nan
1706696984945,nan,nan
1706696984957,nan,nan
1706696984967,nan,nan
1706696984979,nan,nan
1706696984990,nan,nan
1706696985000,nan,nan
1706696985012,nan,nan
1706696985046,nan,nan
1706696985047,nan,nan
1706696985057,nan,nan
1706696985066,nan,nan
1706696985081,nan,nan
1706696985090,nan,nan
1706696985100,nan,nan
1706696985112,nan,nan
1706696985124,nan,nan
1706696985133,nan,nan
1706696985146,nan,nan
1706696985158,nan,nan
1706696985167,nan,nan
1706696985213,nan,nan
1706696985214,nan,nan
1706696985228,nan,nan
1706696985235,nan,nan
1706696985247,nan,nan
1706696985258,1044.1707611083984,721.6446876525879
1706696985269,1044.1707611083984,721.6446876525879
1706696985280,1035.073013305664,734.4263362884521
1706696985292,1004.7580718994141,744.951753616333
1706696985303,989.2572021484375,700.6310176849365
1706696985314,983.9582824707031,695.9377098083496
1706696985325,989.2549133300781,688.7130403518677
1706696985361,988.6617279052734,685.145788192749
1706696985362,985.6466674804688,679.186520576477
1706696985369,992.2583770751953,678.6262607574463
1706696985380,994.0978240966797,680.0528526306152
1706696985391,992.8790283203125,681.0780143737793
1706696985402,986.4241790771484,679.8193073272705
1706696985413,992.5516510009766,682.9189109802246
1706696985424,992.4990844726562,683.3517551422119
1706696985435,996.4892578125,685.6839036941528
1706696985446,989.5620727539062,685.5813360214233
1706696985458,991.9875335693359,685.1122713088989
1706696985494,994.6524047851562,688.8905811309814
1706696985509,1002.7101898193359,677.6736259460449
1706696985513,997.8990936279297,675.5643367767334
1706696985524,985.3178405761719,673.1812047958374
1706696985535,990.8480072021484,670.7112121582031
1706696985546,985.8708190917969,661.064658164978
1706696985557,985.8708190917969,661.064658164978
1706696985568,nan,nan
1706696985578,nan,nan
1706696985590,nan,nan
1706696985600,nan,nan
1706696985624,nan,nan
1706696985645,nan,nan
1706696985646,nan,nan
1706696985663,nan,nan
1706696985666,nan,nan
1706696985685,nan,nan
1706696985704,nan,nan
1706696985716,nan,nan
1706696985728,nan,nan
1706696985737,nan,nan
1706696985749,nan,nan
1706696985761,nan,nan
1706696985795,nan,nan
1706696985796,nan,nan
1706696985804,nan,nan
1706696985815,nan,nan
1706696985828,nan,nan
1706696985837,nan,nan
1706696985849,nan,nan
1706696985861,nan,nan
1706696985871,nan,nan
1706696985882,nan,nan
1706696985894,nan,nan
1706696985905,nan,nan
1706696985947,nan,nan
1706696985948,nan,nan
1706696985949,nan,nan
1706696985963,nan,nan
1706696985971,nan,nan
1706696985983,nan,nan
1706696985994,nan,nan
1706696986004,nan,nan
1706696986016,nan,nan
1706696986027,nan,nan
1706696986038,nan,nan
1706696986049,nan,nan
1706696986061,nan,nan
1706696986097,nan,nan
1706696986098,nan,nan
1706696986104,nan,nan
1706696986117,nan,nan
1706696986128,nan,nan
1706696986137,nan,nan
1706696986149,nan,nan
1706696986160,nan,nan
1706696986170,nan,nan
1706696986182,nan,nan
1706696986194,nan,nan
1706696986203,nan,nan
1706696986247,nan,nan
1706696986248,nan,nan
1706696986249,nan,nan
1706696986265,nan,nan
1706696986271,nan,nan
1706696986282,nan,nan
1706696986294,nan,nan
1706696986304,nan,nan
1706696986315,nan,nan
1706696986327,nan,nan
1706696986337,nan,nan
1706696986349,nan,nan
1706696986361,nan,nan
1706696986395,nan,nan
1706696986396,nan,nan
1706696986404,nan,nan
1706696986415,nan,nan
1706696986428,nan,nan
1706696986437,nan,nan
1706696986449,nan,nan
1706696986461,nan,nan
1706696986471,nan,nan
1706696986482,nan,nan
1706696986494,nan,nan
1706696986503,nan,nan
1706696986547,nan,nan
1706696986548,nan,nan
1706696986565,nan,nan
1706696986570,nan,nan
1706696986583,nan,nan
1706696986593,nan,nan
1706696986603,nan,nan
1706696986615,nan,nan
1706696986626,nan,nan
1706696986637,nan,nan
1706696986649,nan,nan
1706696986660,nan,nan
1706696986695,nan,nan
1706696986696,nan,nan
1706696986704,nan,nan
1706696986715,nan,nan
1706696986727,nan,nan
1706696986737,nan,nan
1706696986749,nan,nan
1706696986760,nan,nan
1706696986770,nan,nan
1706696986783,nan,nan
1706696986794,nan,nan
1706696986804,nan,nan
1706696986846,nan,nan
1706696986847,nan,nan
1706696986849,nan,nan
1706696986864,nan,nan
1706696986869,nan,nan
1706696986882,nan,nan
1706696986893,nan,nan
1706696986902,nan,nan
1706696986915,nan,nan
1706696986927,nan,nan
1706696986936,nan,nan
1706696986948,nan,nan
1706696986960,nan,nan
1706696986998,nan,nan
1706696986999,nan,nan
1706696987004,nan,nan
1706696987017,nan,nan
1706696987027,nan,nan
1706696987037,nan,nan
1706696987049,nan,nan
1706696987060,nan,nan
1706696987071,nan,nan
1706696987082,nan,nan
1706696987102,nan,nan
1706696987146,nan,nan
1706696987147,nan,nan
1706696987149,nan,nan
1706696987163,nan,nan
1706696987171,nan,nan
1706696987183,nan,nan
1706696987193,nan,nan
1706696987210,nan,nan
1706696987232,nan,nan
1706696987246,nan,nan
1706696987264,nan,nan
1706696987274,nan,nan
1706696987324,nan,nan
1706696987325,nan,nan
1706696987331,1520.3203582763672,718.9495611190796
1706696987341,1527.3065948486328,703.6758399009705
1706696987355,1532.5145721435547,705.2571630477905
1706696987364,1533.2244110107422,700.4446792602539
1706696987375,1530.1897430419922,711.0760116577148
1706696987386,1527.7882385253906,705.8653593063354
1706696987398,1523.7869262695312,707.3326992988586
1706696987409,1524.852066040039,704.2120885848999
1706696987420,1520.18310546875,706.3300895690918
1706696987431,1524.0737915039062,711.3301348686218
1706696987442,1518.7062072753906,719.1474223136902
1706696987459,1516.7198944091797,720.9162640571594
1706696987482,1517.9198455810547,717.2962045669556
1706696987483,1517.0775604248047,711.0389113426208
1706696987486,1518.2918548583984,710.7579016685486
1706696987501,1516.6960906982422,708.0946612358093
1706696987509,1518.1807708740234,707.9437279701233
1706696987520,1516.0125732421875,711.3477516174316
1706696987531,1512.4725341796875,717.1931862831116
1706696987542,1511.9840240478516,723.2351088523865
1706696987553,1516.4604187011719,724.1430044174194
1706696987565,1514.5894622802734,725.6829786300659
1706696987576,1516.995620727539,723.9163255691528
1706696987587,1520.1941680908203,725.071370601654
1706696987628,1523.56201171875,722.8280997276306
1706696987630,1521.8692016601562,718.8128972053528
1706696987644,1504.7747039794922,710.8259868621826
1706696987653,1472.2672271728516,706.3379216194153
1706696987664,1436.6731262207031,701.9235420227051
1706696987675,1397.572250366211,694.75665807724
1706696987686,1395.1339721679688,689.8287105560303
1706696987697,1394.9214935302734,687.2085571289062
1706696987708,1396.0895538330078,678.2323622703552
1706696987719,1403.1201934814453,680.7780361175537
1706696987731,1407.170639038086,671.7099595069885
1706696987742,1403.5497283935547,676.3231444358826
1706696987780,1399.8336029052734,671.2352299690247
1706696987781,1399.1972351074219,676.2993049621582
1706696987786,1400.508041381836,677.9674243927002
1706696987798,1400.818099975586,676.4580917358398
1706696987808,1399.7282409667969,676.66090965271
1706696987819,1346.802978515625,707.2899770736694
1706696987831,1184.8924255371094,791.383752822876
1706696987842,847.8392028808594,947.9220628738403
1706696987852,715.5463790893555,993.8897609710693
1706696987864,648.2948684692383,1022.0226573944092
1706696987875,602.4431610107422,1039.7978067398071
1706696987886,603.8003349304199,1036.9653511047363
1706696987930,600.0289916992188,1033.7689304351807
1706696987931,605.2015113830566,1036.9271993637085
1706696987945,595.3483772277832,1035.5088901519775
1706696987953,594.0042304992676,1039.7476816177368
1706696987965,590.4220962524414,1039.2742395401
1706696987975,592.8363609313965,1038.0345439910889
1706696987986,594.5316123962402,1036.75528049469
1706696987997,596.8058776855469,1040.5694246292114
1706696988008,595.433406829834,1041.2053871154785
1706696988019,596.0696411132812,1045.4642629623413
1706696988030,597.0545387268066,1046.9474601745605
1706696988041,602.1055030822754,1046.2915420532227
1706696988081,606.0341835021973,1044.7423839569092
1706696988086,606.1251831054688,1042.614426612854
1706696988097,607.6506614685059,1050.049467086792
1706696988108,611.0150718688965,1052.2150182724
1706696988119,606.8823623657227,1057.1960306167603
1706696988130,604.8349952697754,1053.684697151184
1706696988141,575.1568603515625,1041.431336402893
1706696988153,558.4397125244141,1031.4570808410645
1706696988164,545.869140625,1023.5376977920532
1706696988175,554.8834609985352,1024.654483795166
1706696988186,552.6884841918945,1026.294665336609
1706696988197,549.8720741271973,1028.638744354248
1706696988229,541.2013053894043,1025.321774482727
1706696988230,544.8279571533203,1025.1150941848755
1706696988231,546.3606071472168,1022.2931098937988
1706696988246,553.4960746765137,1022.3361968994141
1706696988253,548.4666633605957,1022.1978807449341
1706696988264,549.3643951416016,1022.1104621887207
1706696988275,547.2908592224121,1018.9427947998047
1706696988286,549.5399475097656,1017.6764917373657
1706696988297,546.8202972412109,1013.753342628479
1706696988308,543.9321136474609,1016.4894533157349
1706696988320,545.5514335632324,1014.2672538757324
1706696988331,546.9879150390625,1015.6690835952759
1706696988342,544.6684837341309,1009.0885734558105
1706696988383,542.617130279541,1009.7444486618042
1706696988385,543.8393211364746,1018.8545179367065
1706696988399,544.5141220092773,1021.4027452468872
1706696988408,543.5978317260742,1015.1813077926636
1706696988419,543.3801651000977,1016.7363882064819
1706696988430,541.8236923217773,1011.7477798461914
1706696988441,539.2124557495117,1007.5418615341187
1706696988452,537.5574111938477,1002.1787309646606
1706696988463,540.4583168029785,1001.974925994873
1706696988474,543.6041069030762,1003.7416648864746
1706696988486,540.6083297729492,1002.7372741699219
1706696988497,543.1979179382324,1001.2247657775879
1706696988530,538.1734275817871,998.9342880249023
1706696988531,536.0682106018066,994.1557502746582
1706696988546,528.2106781005859,990.7989978790283
1706696988553,527.5532913208008,995.8649396896362
1706696988565,530.3723335266113,997.8536796569824
1706696988575,527.8915214538574,994.4113111495972
1706696988586,530.4226684570312,995.3902101516724
1706696988596,530.6638717651367,994.3908405303955
1706696988607,520.7063865661621,1001.0049533843994
1706696988619,522.3292541503906,997.4410915374756
1706696988630,527.3883247375488,999.7535419464111
1706696988641,552.2358322143555,1005.111608505249
1706696988682,650.2478981018066,1028.4911584854126
1706696988683,1395.6621932983398,1390.8886241912842
1706696988700,nan,nan
1706696988706,nan,nan
1706696988717,nan,nan
1706696988728,nan,nan
1706696988739,nan,nan
1706696988750,nan,nan
1706696988761,nan,nan
1706696988771,nan,nan
1706696988783,nan,nan
1706696988794,nan,nan
1706696988805,nan,nan
1706696988846,nan,nan
1706696988847,nan,nan
1706696988849,nan,nan
1706696988864,nan,nan
1706696988879,nan,nan
1706696988898,nan,nan
1706696988909,nan,nan
1706696988921,nan,nan
1706696988930,nan,nan
1706696988941,nan,nan
1706696988953,nan,nan
1706696988964,nan,nan
1706696988996,nan,nan
1706696988997,nan,nan
1706696989012,nan,nan
1706696989020,nan,nan
1706696989032,nan,nan
1706696989041,nan,nan
1706696989053,nan,nan
1706696989064,nan,nan
1706696989075,nan,nan
1706696989086,nan,nan
1706696989098,nan,nan
1706696989108,nan,nan
1706696989152,nan,nan
1706696989167,nan,nan
1706696989175,nan,nan
1706696989188,nan,nan
1706696989197,nan,nan
1706696989208,nan,nan
1706696989219,nan,nan
1706696989230,nan,nan
1706696989242,nan,nan
1706696989254,nan,nan
1706696989298,nan,nan
1706696989313,nan,nan
1706696989320,nan,nan
1706696989332,nan,nan
1706696989342,nan,nan
1706696989353,nan,nan
1706696989364,nan,nan
1706696989375,nan,nan
1706696989387,nan,nan
1706696989398,nan,nan
1706696989409,nan,nan
1706696989449,nan,nan
1706696989454,nan,nan
1706696989465,764.9188232421875,957.0035934448242
1706696989477,764.9188232421875,957.0035934448242
1706696989487,764.9188232421875,957.0035934448242
1706696989499,767.1934509277344,941.97678565979
1706696989510,713.1272125244141,922.1234607696533
1706696989521,715.6990051269531,924.4851779937744
1706696989533,716.8059539794922,924.1202259063721
1706696989544,720.6846618652344,920.1392269134521
1706696989555,712.3987579345703,915.5774974822998
1706696989597,758.8533020019531,940.6884241104126
1706696989598,753.3535766601562,936.4665412902832
1706696989600,754.1995239257812,937.014570236206
1706696989614,753.1620788574219,938.6806726455688
1706696989622,756.8926620483398,937.7266645431519
1706696989634,757.5556182861328,938.7317419052124
1706696989644,759.5706939697266,943.3605480194092
1706696989656,770.6782913208008,940.1587200164795
1706696989667,906.1810684204102,863.9496946334839
1706696989677,1178.997459411621,738.2306742668152
1706696989688,1355.1300048828125,653.5821104049683
1706696989699,1460.2027130126953,614.3952083587646
1706696989710,1510.7014465332031,596.6602277755737
1706696989747,1514.0471649169922,608.5745143890381
1706696989748,1511.8059539794922,617.5224280357361
1706696989755,1519.3013763427734,618.1035232543945
1706696989766,1520.369644165039,614.7305488586426
1706696989778,1516.7560577392578,620.4108023643494
1706696989789,1518.4952545166016,617.976644039154
1706696989799,1516.4080047607422,621.2004232406616
1706696989810,1519.344482421875,621.5741300582886
1706696989822,1520.1934051513672,617.0333647727966
1706696989833,1523.5266876220703,615.0360631942749
1706696989844,1522.164077758789,620.0115394592285
1706696989855,1518.4886932373047,628.2558131217957
1706696989898,1515.3295135498047,626.1320185661316
1706696989900,1514.3370819091797,625.4700708389282
1706696989916,1482.5881958007812,629.6097922325134
1706696989923,1464.5431518554688,636.053102016449
1706696989933,1441.3897705078125,645.385365486145
1706696989944,1441.2650299072266,654.1697072982788
1706696989955,1440.0752258300781,651.5413784980774
1706696989966,1442.2309875488281,649.9796462059021
1706696989977,1448.3566284179688,641.834979057312
1706696989989,1449.032974243164,641.7140650749207
1706696990000,1445.4824829101562,647.3724102973938
1706696990011,1440.0453186035156,653.880307674408
1706696990049,1441.9981384277344,656.1806559562683
1706696990050,1441.0232543945312,651.2639951705933
1706696990054,1437.7842712402344,658.6457991600037
1706696990066,1440.2909088134766,661.6727256774902
1706696990077,1443.3951568603516,662.1281862258911
1706696990088,1444.9827575683594,663.8898611068726
1706696990099,1443.6276245117188,664.5758414268494
1706696990110,1439.7052764892578,659.7544312477112
1706696990121,1438.7105560302734,661.182804107666
1706696990132,1435.5533599853516,655.8357667922974
1706696990144,1434.8270416259766,658.3302426338196
1706696990155,1431.7333221435547,655.7115483283997
1706696990166,1432.349624633789,666.6320443153381
1706696990199,1435.4999542236328,671.2157893180847
1706696990200,1436.8461608886719,676.6796636581421
1706696990217,1427.7210235595703,671.3991451263428
1706696990222,1431.6995239257812,671.7620372772217
1706696990233,1430.6605529785156,670.5832600593567
1706696990244,1441.6748809814453,689.014949798584
1706696990255,1455.9970092773438,699.8715877532959
1706696990266,1472.0417785644531,716.1664366722107
1706696990277,1482.0289611816406,723.0201458930969
1706696990288,1474.7734832763672,726.4166808128357
1706696990300,1472.6520538330078,728.4268569946289
1706696990311,1475.3195190429688,732.8344774246216
1706696990331,1482.2885131835938,734.3378663063049
1706696990354,1486.3165283203125,738.6842465400696
1706696990355,1482.8251647949219,735.9715461730957
1706696990371,1445.2143096923828,726.4116168022156
1706696990377,1449.3077850341797,728.3504676818848
1706696990387,1396.2066268920898,686.6292428970337
1706696990398,1578.211669921875,700.6433343887329
1706696990408,nan,nan
1706696990419,nan,nan
1706696990430,nan,nan
1706696990441,nan,nan
1706696990452,nan,nan
1706696990463,nan,nan
1706696990474,nan,nan
1706696990518,nan,nan
1706696990519,nan,nan
1706696990521,nan,nan
1706696990534,nan,nan
1706696990543,nan,nan
1706696990555,nan,nan
1706696990566,nan,nan
1706696990576,nan,nan
1706696990588,nan,nan
1706696990599,nan,nan
1706696990609,nan,nan
1706696990621,nan,nan
1706696990632,nan,nan
1706696990668,nan,nan
1706696990669,nan,nan
1706696990676,nan,nan
1706696990687,nan,nan
1706696990699,nan,nan
1706696990709,nan,nan
1706696990721,nan,nan
1706696990732,nan,nan
1706696990742,nan,nan
1706696990755,nan,nan
1706696990765,nan,nan
1706696990776,nan,nan
1706696990820,nan,nan
1706696990821,nan,nan
1706696990835,nan,nan
1706696990842,nan,nan
1706696990855,nan,nan
1706696990866,nan,nan
1706696990875,nan,nan
1706696990888,nan,nan
1706696990899,nan,nan
1706696990909,nan,nan
1706696990921,nan,nan
1706696990932,nan,nan
1706696990968,nan,nan
1706696990969,nan,nan
1706696990975,nan,nan
1706696990988,nan,nan
1706696990999,nan,nan
1706696991010,nan,nan
1706696991021,nan,nan
1706696991032,nan,nan
1706696991042,nan,nan
1706696991054,nan,nan
1706696991066,nan,nan
1706696991076,nan,nan
1706696991115,nan,nan
1706696991116,nan,nan
1706696991120,nan,nan
1706696991134,nan,nan
1706696991143,nan,nan
1706696991154,nan,nan
1706696991166,nan,nan
1706696991175,nan,nan
1706696991186,nan,nan
1706696991199,nan,nan
1706696991208,nan,nan
1706696991220,nan,nan
1706696991232,nan,nan
1706696991267,nan,nan
1706696991268,nan,nan
1706696991276,nan,nan
1706696991287,nan,nan
1706696991299,nan,nan
1706696991309,nan,nan
1706696991321,nan,nan
1706696991332,nan,nan
1706696991343,nan,nan
1706696991354,nan,nan
1706696991364,nan,nan
1706696991375,nan,nan
1706696991419,nan,nan
1706696991420,nan,nan
1706696991436,nan,nan
1706696991442,nan,nan
1706696991455,nan,nan
1706696991465,nan,nan
1706696991475,nan,nan
1706696991487,nan,nan
1706696991498,nan,nan
1706696991508,nan,nan
1706696991521,nan,nan
1706696991532,nan,nan
1706696991568,nan,nan
1706696991569,nan,nan
1706696991575,nan,nan
1706696991587,nan,nan
1706696991599,nan,nan
1706696991608,nan,nan
1706696991620,nan,nan
1706696991632,nan,nan
1706696991642,nan,nan
1706696991654,nan,nan
1706696991665,nan,nan
1706696991675,nan,nan
1706696991693,nan,nan
1706696991718,nan,nan
1706696991720,nan,nan
1706696991737,nan,nan
1706696991742,nan,nan
1706696991754,nan,nan
1706696991765,nan,nan
1706696991775,nan,nan
1706696991787,nan,nan
1706696991798,nan,nan
1706696991808,nan,nan
1706696991820,nan,nan
1706696991831,nan,nan
1706696991866,nan,nan
1706696991867,nan,nan
1706696991883,nan,nan
1706696991887,nan,nan
1706696991900,nan,nan
1706696991909,nan,nan
1706696991920,nan,nan
1706696991931,nan,nan
1706696991941,nan,nan
1706696991953,nan,nan
1706696991964,nan,nan
1706696991975,nan,nan
1706696992017,nan,nan
1706696992018,nan,nan
1706696992019,nan,nan
1706696992035,nan,nan
1706696992041,nan,nan
1706696992053,nan,nan
1706696992064,nan,nan
1706696992074,nan,nan
1706696992086,nan,nan
1706696992098,nan,nan
1706696992108,nan,nan
1706696992120,nan,nan
1706696992131,nan,nan
1706696992169,nan,nan
1706696992170,nan,nan
1706696992174,nan,nan
1706696992186,nan,nan
1706696992198,nan,nan
1706696992208,nan,nan
1706696992220,nan,nan
1706696992232,nan,nan
1706696992241,nan,nan
1706696992253,nan,nan
1706696992265,nan,nan
1706696992274,nan,nan
1706696992286,nan,nan
1706696992298,nan,nan
1706696992334,nan,nan
1706696992335,nan,nan
1706696992341,nan,nan
1706696992353,nan,nan
1706696992365,nan,nan
1706696992374,nan,nan
1706696992386,nan,nan
1706696992398,nan,nan
1706696992408,nan,nan
1706696992419,nan,nan
1706696992431,nan,nan
1706696992441,nan,nan
1706696992453,nan,nan
1706696992486,nan,nan
1706696992487,nan,nan
1706696992503,nan,nan
1706696992507,nan,nan
1706696992520,nan,nan
1706696992530,nan,nan
1706696992541,nan,nan
1706696992553,nan,nan
1706696992563,nan,nan
1706696992574,nan,nan
1706696992586,nan,nan
1706696992597,nan,nan
1706696992637,nan,nan
1706696992642,nan,nan
1706696992655,nan,nan
1706696992664,nan,nan
1706696992675,nan,nan
1706696992686,nan,nan
1706696992698,nan,nan
1706696992707,nan,nan
1706696992720,nan,nan
1706696992732,nan,nan
1706696992741,nan,nan
1706696992754,nan,nan
1706696992787,nan,nan
1706696992788,nan,nan
1706696992806,nan,nan
1706696992808,nan,nan
1706696992821,nan,nan
1706696992839,nan,nan
1706696992854,nan,nan
1706696992864,nan,nan
1706696992875,nan,nan
1706696992886,nan,nan
1706696992897,nan,nan
1706696992936,nan,nan
1706696992937,nan,nan
1706696992954,nan,nan
1706696992969,nan,nan
1706696992984,nan,nan
1706696993001,nan,nan
1706696993012,1410.7522583007812,851.020975112915
1706696993024,1418.2797241210938,859.390926361084
1706696993035,1404.6310424804688,859.8384475708008
1706696993047,1378.2756042480469,817.2038125991821
1706696993086,1382.9087829589844,819.5468187332153
1706696993091,1383.2281494140625,815.6430244445801
1706696993110,1381.2413024902344,814.407148361206
1706696993114,1382.8913879394531,805.3586626052856
1706696993125,1380.8070373535156,803.2776546478271
1706696993136,1383.0194854736328,793.7311792373657
1706696993147,1382.3274993896484,797.3004913330078
1706696993158,1376.7888641357422,790.8237934112549
1706696993169,1382.2207641601562,786.660361289978
1706696993180,1378.9657592773438,771.6365146636963
1706696993192,1383.4085845947266,781.9971799850464
1706696993203,1383.6395263671875,782.4643135070801
1706696993214,1381.4891052246094,780.3308200836182
1706696993256,1382.146224975586,781.1038970947266
1706696993257,1387.0158386230469,780.5394744873047
1706696993272,1379.598159790039,775.2293872833252
1706696993279,1379.2926025390625,778.6892652511597
1706696993291,1380.2324676513672,778.8594675064087
1706696993302,1384.3773651123047,780.5671977996826
1706696993313,1389.0797424316406,776.8466520309448
1706696993324,1388.3740997314453,775.1729536056519
1706696993336,1392.029800415039,769.9262094497681
1706696993347,1389.6370697021484,765.8874893188477
1706696993358,1387.7192687988281,775.0533485412598
1706696993369,1388.2698822021484,778.9596319198608
1706696993403,1384.239273071289,782.7381134033203
1706696993414,1325.8531951904297,758.4416341781616
1706696993424,1261.7033386230469,756.5213871002197
1706696993435,1024.9855041503906,775.4298877716064
1706696993446,672.6486206054688,807.0596551895142
1706696993457,639.9879264831543,809.7904872894287
1706696993468,610.675220489502,811.4222574234009
1706696993480,612.9905128479004,806.7468023300171
1706696993491,607.6932716369629,806.5515804290771
1706696993502,607.1190643310547,795.4064655303955
1706696993536,608.5575675964355,799.8379468917847
1706696993537,607.8735160827637,799.7085571289062
1706696993553,591.1474990844727,798.8352298736572
1706696993557,586.9330215454102,796.9094467163086
1706696993570,590.3556060791016,794.5573854446411
1706696993580,588.68896484375,792.4291706085205
1706696993591,583.8742637634277,794.077205657959
1706696993602,583.6776351928711,795.0712966918945
1706696993613,581.5839385986328,797.9994535446167
1706696993624,599.4474220275879,803.5740280151367
1706696993636,609.3008613586426,806.0390424728394
1706696993647,625.1226425170898,812.2243881225586
1706696993685,618.9627838134766,813.9288997650146
1706696993691,622.4575805664062,813.8549137115479
1706696993702,617.0829582214355,808.0125045776367
1706696993713,620.4348945617676,814.2723941802979
1706696993724,625.8757019042969,821.4006757736206
1706696993736,627.6151657104492,825.0529861450195
1706696993747,635.5882263183594,826.6985321044922
1706696993757,651.3311767578125,824.5927619934082
1706696993768,829.4712066650391,963.9614582061768
1706696993778,1322.1979522705078,1346.6346645355225
1706696993789,nan,nan
1706696993799,nan,nan
1706696993836,nan,nan
1706696993837,nan,nan
1706696993844,nan,nan
1706696993855,nan,nan
1706696993866,nan,nan
1706696993875,nan,nan
1706696993895,nan,nan
1706696993912,nan,nan
1706696993925,nan,nan
1706696993936,nan,nan
1706696993946,nan,nan
1706696993986,nan,nan
1706696993987,nan,nan
1706696993991,nan,nan
1706696994003,nan,nan
1706696994013,nan,nan
1706696994024,nan,nan
1706696994035,nan,nan
1706696994048,nan,nan
1706696994058,nan,nan
1706696994069,nan,nan
1706696994081,nan,nan
1706696994091,nan,nan
1706696994102,nan,nan
1706696994137,nan,nan
1706696994138,nan,nan
1706696994154,nan,nan
1706696994158,nan,nan
1706696994169,nan,nan
1706696994181,nan,nan
1706696994191,nan,nan
1706696994209,nan,nan
1706696994224,nan,nan
1706696994235,nan,nan
1706696994246,nan,nan
1706696994287,nan,nan
1706696994288,nan,nan
1706696994290,nan,nan
1706696994305,nan,nan
1706696994313,nan,nan
1706696994324,nan,nan
1706696994335,nan,nan
1706696994346,nan,nan
1706696994357,nan,nan
1706696994367,nan,nan
1706696994378,nan,nan
1706696994390,nan,nan
1706696994401,nan,nan
1706696994437,nan,nan
1706696994438,nan,nan
1706696994453,nan,nan
1706696994458,1630.9486389160156,830.0719356536865
1706696994469,1543.587646484375,771.7926406860352
1706696994481,1410.208740234375,708.7988376617432
1706696994492,1282.1466064453125,657.778844833374
1706696994504,1185.5307388305664,629.5655465126038
1706696994515,1144.344482421875,604.2216753959656
1706696994526,1144.1175842285156,607.5398683547974
1706696994537,1131.940040588379,603.0174708366394
1706696994548,1139.4069290161133,617.7485489845276
1706696994565,1136.5520477294922,616.5844702720642
1706696994587,1143.178939819336,627.0774006843567
1706696994593,1128.3792877197266,619.1099524497986
1706696994606,1131.6836166381836,626.1225128173828
1706696994615,1130.088119506836,614.3225312232971
1706696994627,1130.467872619629,615.0471997261047
1706696994638,1126.7900848388672,608.7560892105103
1706696994648,1126.7324447631836,611.5616798400879
1706696994660,1122.6458740234375,611.2773871421814
1706696994671,1125.9435272216797,612.9482316970825
1706696994682,1156.106185913086,611.8010830879211
1706696994693,1215.0822067260742,615.9158277511597
1706696994704,1270.4671478271484,617.1610593795776
1706696994716,1313.2696533203125,620.4448556900024
1706696994753,1310.8067321777344,623.0022883415222
1706696994754,1308.223991394043,623.9973878860474
1706696994759,1305.6634902954102,634.7347211837769
1706696994770,1306.6711044311523,635.9965825080872
1706696994781,1307.2106170654297,633.0005979537964
1706696994793,1310.818977355957,642.236967086792
1706696994804,1310.7223510742188,642.81907081604
1706696994815,1312.170639038086,644.4800019264221
1706696994826,1309.0070724487305,636.619176864624
1706696994837,1308.470458984375,638.1083607673645
1706696994848,1303.509864807129,644.4513988494873
1706696994859,1308.8977813720703,649.8705124855042
1706696994881,1305.8344268798828,652.8939199447632
1706696994903,1310.155029296875,654.3766450881958
1706696994904,1348.3574676513672,670.6785321235657
1706696994921,1845.277099609375,874.8274040222168
1706696994924,2089.8343658447266,953.3074235916138
1706696994935,2246.931610107422,1027.6116943359375
1706696994946,nan,nan
1706696994958,nan,nan
1706696994968,nan,nan
1706696994979,nan,nan
1706696994991,nan,nan
1706696995002,nan,nan
