timestamp,x,y
1702290272387,nan,nan
1702290272397,2118.8706970214844,1423.7471008300781
1702290272408,1880.4235076904297,1208.5188817977905
1702290272419,1687.267074584961,1065.9503746032715
1702290272430,1476.499252319336,968.1765604019165
1702290272460,1310.2793884277344,901.79274559021
1702290272461,1286.4687728881836,896.1019134521484
1702290272464,1283.525276184082,893.8729763031006
1702290272478,1273.4701919555664,894.1787910461426
1702290272486,1277.9712295532227,892.9836416244507
1702290272497,1278.114013671875,889.1730165481567
1702290272508,1272.2858810424805,873.8400936126709
1702290272519,1278.925437927246,871.2842702865601
1702290272530,1278.9130020141602,870.5728197097778
1702290272542,1280.7258224487305,877.6460409164429
1702290272553,1276.585578918457,876.7900514602661
1702290272564,1272.6198959350586,881.6282415390015
1702290272575,1281.6127014160156,877.2641372680664
1702290272609,1286.7749786376953,879.8870801925659
1702290272610,1286.7230606079102,877.5772047042847
1702290272625,1279.7566986083984,874.6487903594971
1702290272630,1265.9111785888672,882.4763345718384
1702290272643,1182.3740005493164,920.5767917633057
1702290272653,1168.5952377319336,924.1071796417236
1702290272664,1164.6256256103516,924.3069076538086
1702290272675,1174.797592163086,920.6314659118652
1702290272686,1182.5104141235352,917.2085809707642
1702290272697,1185.412826538086,918.4741973876953
1702290272709,1185.306739807129,915.9947633743286
1702290272720,1189.242820739746,923.280200958252
1702290272730,1186.865234375,922.3909521102905
1702290272764,1186.6662979125977,918.240008354187
1702290272765,1175.1490783691406,913.06725025177
1702290272783,1176.8952560424805,916.0369491577148
1702290272787,1176.4215850830078,913.5247278213501
1702290272798,1173.3708572387695,914.3321371078491
1702290272809,1167.8670120239258,923.2357835769653
1702290272820,1176.9852447509766,922.1110582351685
1702290272830,1179.4669342041016,923.5851573944092
1702290272842,1184.198989868164,921.1838722229004
1702290272853,1189.31884765625,896.4428758621216
1702290272864,1191.6851425170898,875.5517292022705
1702290272875,1203.3111572265625,765.1607179641724
1702290272908,1198.0895233154297,748.4451055526733
1702290272909,1198.7649154663086,747.5850820541382
1702290272925,1184.6990203857422,749.767541885376
1702290272931,1181.2964630126953,752.7770662307739
1702290272942,1198.379135131836,747.5158166885376
1702290272953,1195.1407623291016,744.0872669219971
1702290272963,1195.2259826660156,744.6622896194458
1702290272975,1178.570556640625,750.475172996521
1702290272986,1173.0729675292969,752.0185375213623
1702290272997,1177.7373886108398,750.0754594802856
1702290273008,1188.4529495239258,754.2729234695435
1702290273042,1197.2168350219727,756.8305921554565
1702290273058,1184.4841384887695,752.2980880737305
1702290273064,1169.6178817749023,738.1652927398682
1702290273077,1044.0011596679688,571.2454605102539
1702290273086,974.9366760253906,468.80159854888916
1702290273097,925.2536010742188,404.8172342777252
1702290273108,658.4314727783203,212.13318586349487
1702290273120,640.8012962341309,190.93329548835754
1702290273130,629.150562286377,194.88566994667053
1702290273142,636.2737846374512,188.4110963344574
1702290273177,633.1382179260254,193.9119529724121
1702290273178,633.4927558898926,189.99311685562134
1702290273193,632.4728965759277,190.0826382637024
1702290273197,630.583324432373,187.47617483139038
1702290273209,635.5020713806152,191.1196768283844
1702290273220,635.2534675598145,187.1938991546631
1702290273231,634.7025299072266,186.81347608566284
1702290273242,642.7423286437988,192.85248041152954
1702290273252,618.4355735778809,192.76027143001556
1702290273263,601.5855979919434,189.57755148410797
1702290273275,462.14046478271484,180.8912444114685
1702290273286,418.225040435791,174.66464638710022
1702290273306,389.20249938964844,172.89747834205627
1702290273324,369.3914031982422,175.21674156188965
1702290273326,378.96053314208984,182.67827689647675
1702290273330,378.1567573547363,184.11478221416473
1702290273342,370.06327629089355,183.25523614883423
1702290273354,350.72404861450195,163.0252754688263
1702290273364,353.7230968475342,166.54402256011963
1702290273375,361.4691352844238,171.33755922317505
1702290273386,371.7024040222168,174.95514035224915
1702290273397,368.5941505432129,169.55939412117004
1702290273409,371.2475776672363,169.25096154212952
1702290273419,361.4826774597168,169.0433531999588
1702290273456,363.5590362548828,169.0852653980255
1702290273457,370.4730033874512,161.02069973945618
1702290273463,370.04873275756836,162.54497230052948
1702290273474,427.7984046936035,154.78622138500214
1702290273487,495.7242012023926,149.43114280700684
1702290273496,534.9136924743652,148.52045238018036
1702290273508,612.0823097229004,140.5755615234375
1702290273519,621.5982246398926,149.50149714946747
1702290273530,623.2347679138184,148.4597271680832
1702290273541,622.1567153930664,146.11087918281555
1702290273552,629.662036895752,145.829815864563
1702290273563,628.4235191345215,148.02793979644775
1702290273574,633.8080406188965,147.25516855716705
1702290273607,624.0298461914062,143.1088489294052
1702290273608,624.8052215576172,142.7291178703308
1702290273622,631.4413261413574,152.2356390953064
1702290273630,633.8876152038574,156.4263492822647
1702290273641,632.9219436645508,159.57019329071045
1702290273652,639.7024726867676,153.46632778644562
1702290273663,694.5658493041992,142.1885883808136
1702290273674,898.6387252807617,111.93159699440002
1702290273685,1026.6397857666016,113.07587563991547
1702290273696,1083.5769271850586,81.3207471370697
1702290273708,1152.9208755493164,91.97571247816086
1702290273742,1147.9510498046875,97.18293964862823
1702290273758,1173.5800170898438,128.35219860076904
1702290273763,1176.9549560546875,125.19330203533173
1702290273774,1183.126449584961,119.38678085803986
1702290273786,1184.3658447265625,120.78944742679596
1702290273797,1184.4802856445312,116.30532503128052
1702290273808,1183.6033248901367,116.79363191127777
1702290273819,1180.7245635986328,118.02160084247589
1702290273830,1180.732192993164,119.76900100708008
1702290273841,1185.5850982666016,122.23707854747772
1702290273852,1187.9762268066406,124.53366100788116
1702290273871,1206.4116668701172,119.61249947547913
1702290273890,1291.7922973632812,102.70140767097473
1702290273891,1337.472915649414,97.94564723968506
1702290273896,1374.2354583740234,102.66372263431549
1702290273908,1375.3775024414062,105.59543073177338
1702290273919,1375.809555053711,117.76095449924469
1702290273930,1377.0423889160156,117.73702383041382
1702290273941,1378.5911560058594,124.14234817028046
1702290273952,1376.7768859863281,113.71715426445007
1702290273963,1374.607162475586,118.74517500400543
1702290273974,1377.7294158935547,117.44010865688324
1702290273986,1377.265396118164,117.44063436985016
1702290274008,1379.7773742675781,111.5419739484787
1702290274028,1379.1051483154297,111.76595985889435
1702290274030,1380.456771850586,111.73900365829468
1702290274043,1384.7293090820312,108.47172975540161
1702290274052,1415.98876953125,111.53169572353363
1702290274064,1496.8721008300781,105.47452747821808
1702290274075,1665.2030181884766,105.81545770168304
1702290274086,1710.3089904785156,100.65071940422058
1702290274097,1714.3096923828125,111.07235133647919
1702290274108,1710.2091979980469,103.99585783481598
1702290274119,1714.5037078857422,105.37488877773285
1702290274130,1720.3829193115234,99.03827458620071
1702290274141,1722.1786499023438,106.75262153148651
1702290274174,1719.3617248535156,111.24657690525055
1702290274189,1704.2417907714844,112.59836196899414
1702290274196,1714.3234252929688,100.31676828861237
1702290274207,1713.4136962890625,96.09163463115692
1702290274218,1711.6349792480469,94.38459634780884
1702290274229,1712.8024291992188,98.0504921078682
1702290274240,1713.97705078125,100.39000600576401
1702290274252,1715.7178497314453,103.02322715520859
1702290274263,1711.584701538086,101.72256499528885
1702290274274,1712.3843383789062,90.89781045913696
1702290274308,1713.733139038086,89.67788279056549
1702290274310,1716.9766998291016,89.4807779788971
1702290274324,1724.4579315185547,110.91721773147583
1702290274330,1722.3401641845703,115.66358506679535
1702290274341,1721.5581512451172,111.85724079608917
1702290274352,1721.961898803711,108.22701305150986
1702290274363,1726.64306640625,105.54086655378342
1702290274374,1723.8888549804688,107.19261109828949
1702290274385,1717.1772766113281,113.45868051052094
1702290274396,1717.7877807617188,113.46894800662994
1702290274407,1720.7910919189453,115.07560193538666
1702290274418,1706.05712890625,113.47522974014282
1702290274435,1612.3933410644531,129.49316203594208
1702290274459,1308.5060119628906,150.93389332294464
1702290274460,1211.6111373901367,150.34633934497833
1702290274462,1041.9551467895508,167.78250575065613
1702290274476,514.4399642944336,237.08482146263123
1702290274484,505.26805877685547,243.89578700065613
1702290274496,467.93989181518555,252.12779760360718
1702290274508,426.8304252624512,258.56242775917053
1702290274519,414.5680236816406,240.6373429298401
1702290274530,408.12341690063477,229.98210668563843
1702290274540,399.76293563842773,221.4364492893219
1702290274551,395.7675361633301,215.78165531158447
1702290274562,394.759464263916,220.33485531806946
1702290274574,402.0283889770508,235.42140126228333
1702290274616,405.3167152404785,242.0314908027649
1702290274617,403.47755432128906,239.49638485908508
1702290274619,425.6074333190918,245.0557565689087
1702290274632,424.508113861084,248.33145260810852
1702290274641,414.85326766967773,246.81692719459534
1702290274652,408.75192642211914,245.24323225021362
1702290274663,421.1943817138672,249.35782670974731
1702290274674,490.2814483642578,222.29783535003662
1702290274685,536.8522644042969,218.94227385520935
1702290274696,571.5594673156738,204.43540692329407
1702290274708,582.5662422180176,209.71461653709412
1702290274745,582.1196365356445,210.96081376075745
1702290274752,596.2905693054199,215.5245065689087
1702290274762,588.0998992919922,209.3374764919281
1702290274775,585.0179290771484,205.1814043521881
1702290274784,580.9993171691895,203.2274043560028
1702290274796,587.9748916625977,206.6197657585144
1702290274807,586.5789985656738,213.63864541053772
1702290274818,585.1979637145996,215.82574009895325
1702290274828,580.821647644043,215.7723319530487
1702290274840,554.7107124328613,198.67424726486206
1702290274851,519.9979591369629,196.13187789916992
1702290274893,456.00427627563477,199.5314598083496
1702290274894,227.51052856445312,223.44616413116455
1702290274895,225.69908142089844,219.48155879974365
1702290274910,225.15597343444824,216.1861217021942
1702290274918,223.6210536956787,222.96300172805786
1702290274929,221.53559684753418,222.50741243362427
1702290274940,208.3018970489502,216.83420777320862
1702290274951,204.13851737976074,218.81465435028076
1702290274962,201.1588954925537,217.30637311935425
1702290274974,205.414400100708,221.37062788009644
1702290274985,211.9488525390625,222.17708230018616
1702290275002,215.01489639282227,223.88970494270325
1702290275026,220.46936988830566,229.41905736923218
1702290275027,218.39911460876465,225.6984043121338
1702290275029,224.71948623657227,223.23612570762634
1702290275041,327.77997970581055,201.11363053321838
1702290275052,408.6360740661621,200.31352758407593
1702290275062,429.44507598876953,192.4118149280548
1702290275073,467.97027587890625,186.48381114006042
1702290275084,465.37498474121094,186.25299096107483
1702290275095,488.6083984375,195.91590642929077
1702290275107,493.8689422607422,190.80572426319122
1702290275118,492.3846435546875,185.84252178668976
1702290275129,491.45517349243164,180.25704145431519
1702290275160,488.4686279296875,182.86409497261047
1702290275161,494.0434455871582,184.49743151664734
1702290275162,498.6514472961426,193.49544882774353
1702290275177,507.2503471374512,198.69494318962097
1702290275184,503.6538887023926,197.74829506874084
1702290275197,503.045711517334,182.08952128887177
1702290275207,498.4645652770996,171.8064683675766
1702290275218,496.3785171508789,171.8033730983734
1702290275229,494.6458625793457,177.08751797676086
1702290275240,499.29004669189453,183.16335439682007
1702290275251,512.7534866333008,190.4901623725891
1702290275264,571.0948181152344,227.83291697502136
1702290275274,824.5534515380859,410.47136306762695
1702290275311,972.9862594604492,540.3761959075928
1702290275319,1146.858901977539,707.9372906684875
1702290275329,1149.8783493041992,711.5067529678345
1702290275342,1155.8995819091797,710.1560568809509
1702290275352,1156.1995697021484,707.6134943962097
1702290275363,1159.8792266845703,713.8076376914978
1702290275374,1161.097755432129,721.0938048362732
1702290275385,1163.2000350952148,722.779369354248
1702290275395,1165.0032043457031,725.7220530509949
1702290275407,1164.1143798828125,731.4416599273682
1702290275443,1171.5202713012695,731.3529109954834
1702290275444,1168.9269638061523,722.3405814170837
1702290275457,1167.3146438598633,731.3516235351562
1702290275462,1168.579444885254,736.2582850456238
1702290275475,1168.0896759033203,730.8503293991089
1702290275484,1173.2879638671875,731.1570453643799
1702290275495,1164.2998504638672,720.7020092010498
1702290275507,1166.7597198486328,723.5410737991333
1702290275518,1161.4552307128906,720.821807384491
1702290275528,1169.745979309082,733.3913040161133
1702290275540,1173.8412857055664,739.6807622909546
1702290275551,1174.0698623657227,736.6888976097107
1702290275571,1169.9364852905273,738.8909482955933
1702290275590,1170.453987121582,732.0215749740601
1702290275591,1166.2318801879883,741.479709148407
1702290275595,1172.6990127563477,780.8116865158081
1702290275607,1165.7869338989258,913.9411354064941
1702290275619,1173.8711166381836,959.0061950683594
1702290275628,1170.3047561645508,976.1139678955078
1702290275640,1169.4596481323242,958.2482671737671
1702290275651,1164.1818618774414,956.5301942825317
1702290275662,1160.8059310913086,958.3029842376709
1702290275673,1162.7396392822266,963.5371971130371
1702290275684,1166.0487365722656,961.8846988677979
1702290275695,1169.3505477905273,962.9195594787598
1702290275727,1176.3513946533203,967.795557975769
1702290275728,1168.4905624389648,972.0666646957397
1702290275742,1167.7904510498047,986.0639762878418
1702290275751,1184.843978881836,986.572093963623
1702290275762,1187.1801376342773,986.0638046264648
1702290275774,1168.2384872436523,972.802791595459
1702290275784,1166.3507080078125,963.0208396911621
1702290275794,1167.1350860595703,959.326000213623
1702290275805,1243.4176635742188,856.8855285644531
1702290275816,nan,nan
1702290275827,nan,nan
1702290275838,nan,nan
1702290275877,nan,nan
1702290275883,nan,nan
1702290275893,nan,nan
1702290275903,nan,nan
1702290275921,nan,nan
1702290275940,nan,nan
1702290275952,nan,nan
1702290275964,nan,nan
1702290275974,nan,nan
1702290276012,nan,nan
1702290276013,nan,nan
1702290276018,nan,nan
1702290276029,nan,nan
1702290276041,nan,nan
1702290276052,nan,nan
1702290276063,nan,nan
1702290276074,nan,nan
1702290276085,nan,nan
1702290276096,nan,nan
1702290276107,nan,nan
1702290276148,nan,nan
1702290276149,nan,nan
1702290276151,nan,nan
1702290276164,nan,nan
1702290276173,nan,nan
1702290276184,nan,nan
1702290276196,nan,nan
1702290276206,nan,nan
1702290276218,nan,nan
1702290276229,nan,nan
1702290276239,nan,nan
1702290276251,nan,nan
1702290276262,nan,nan
1702290276294,nan,nan
1702290276296,nan,nan
1702290276311,nan,nan
1702290276318,nan,nan
1702290276329,nan,nan
1702290276339,nan,nan
1702290276352,nan,nan
1702290276363,nan,nan
1702290276373,nan,nan
1702290276383,nan,nan
1702290276395,nan,nan
1702290276427,nan,nan
1702290276428,nan,nan
1702290276445,nan,nan
1702290276451,nan,nan
1702290276462,nan,nan
1702290276473,nan,nan
1702290276484,nan,nan
1702290276496,nan,nan
1702290276506,nan,nan
1702290276517,nan,nan
1702290276529,nan,nan
1702290276540,nan,nan
1702290276577,nan,nan
1702290276578,nan,nan
1702290276584,nan,nan
1702290276596,nan,nan
1702290276607,nan,nan
1702290276617,nan,nan
1702290276628,nan,nan
1702290276638,nan,nan
1702290276650,nan,nan
1702290276661,nan,nan
1702290276672,nan,nan
1702290276710,nan,nan
1702290276711,nan,nan
1702290276718,nan,nan
1702290276729,nan,nan
1702290276741,nan,nan
1702290276752,nan,nan
1702290276762,nan,nan
1702290276774,nan,nan
1702290276785,nan,nan
1702290276796,nan,nan
1702290276807,nan,nan
1702290276843,nan,nan
1702290276844,nan,nan
1702290276851,nan,nan
1702290276863,nan,nan
1702290276873,nan,nan
1702290276885,nan,nan
1702290276896,nan,nan
1702290276906,nan,nan
1702290276924,nan,nan
1702290276939,nan,nan
1702290276976,nan,nan
1702290276977,nan,nan
1702290276983,nan,nan
1702290276994,nan,nan
1702290277006,nan,nan
1702290277017,nan,nan
1702290277027,nan,nan
1702290277045,nan,nan
1702290277067,nan,nan
1702290277110,nan,nan
1702290277111,nan,nan
1702290277124,1035.5883026123047,657.6064538955688
1702290277131,985.6918334960938,599.9127817153931
1702290277142,812.6859283447266,320.6034564971924
1702290277153,815.9310913085938,310.4279065132141
1702290277164,815.7899475097656,299.50292587280273
1702290277175,821.2397766113281,299.10327672958374
1702290277186,819.5561981201172,291.8219804763794
1702290277197,812.9892730712891,274.0580749511719
1702290277209,799.9644470214844,264.43265676498413
1702290277242,814.6613311767578,262.75930166244507
1702290277243,813.4351348876953,258.6020278930664
1702290277259,797.5568389892578,263.44983100891113
1702290277265,794.3924713134766,269.96407985687256
1702290277276,801.1015319824219,274.4482183456421
1702290277287,800.0896453857422,270.4974317550659
1702290277298,804.4480895996094,280.1051688194275
1702290277310,809.2549133300781,290.28852939605713
1702290277322,812.6175689697266,286.6408967971802
1702290277333,787.8953170776367,263.5345780849457
1702290277344,796.6386032104492,267.52797961235046
1702290277355,802.6769256591797,269.1278314590454
1702290277387,814.9329376220703,287.7566635608673
1702290277388,808.3903503417969,284.20300483703613
1702290277403,800.4144668579102,265.3095781803131
1702290277411,795.3871154785156,261.0572576522827
1702290277422,795.1335906982422,258.47212314605713
1702290277432,801.7743682861328,265.4076826572418
1702290277444,798.6981964111328,268.57754945755005
1702290277455,797.8308486938477,267.18244671821594
1702290277466,790.1679611206055,250.3652858734131
1702290277477,794.3036270141602,245.0941014289856
1702290277488,792.0576477050781,242.7935814857483
1702290277528,794.0272521972656,251.83780789375305
1702290277533,799.8941802978516,264.66524720191956
1702290277544,791.838264465332,259.59574341773987
1702290277557,796.7454147338867,265.463011264801
1702290277566,802.1099853515625,265.68735122680664
1702290277577,801.7797088623047,262.2246193885803
1702290277589,785.7650756835938,250.7448399066925
1702290277599,752.6861572265625,237.14143753051758
1702290277611,556.2861061096191,167.35615253448486
1702290277621,444.92557525634766,129.7987461090088
1702290277660,414.4513130187988,125.16164660453796
1702290277665,384.64672088623047,138.79795968532562
1702290277677,376.64960861206055,147.81467199325562
1702290277689,380.7846260070801,149.23022389411926
1702290277699,382.66292572021484,149.1946578025818
1702290277710,390.27292251586914,135.8288562297821
1702290277721,386.86620712280273,137.3833304643631
1702290277732,392.54114151000977,136.59648299217224
1702290277743,382.71270751953125,133.94908368587494
1702290277754,379.5620536804199,135.2694547176361
1702290277776,374.69024658203125,128.83135378360748
1702290277795,378.1197166442871,125.5491292476654
1702290277796,381.4384460449219,121.7113333940506
1702290277799,380.5404281616211,123.12486290931702
1702290277814,311.9750213623047,115.95347285270691
1702290277821,282.44317054748535,120.00982582569122
1702290277833,232.87518501281738,116.28716111183167
1702290277844,201.79264068603516,122.04500019550323
1702290277855,190.03273010253906,112.28819131851196
1702290277866,185.41403770446777,106.0215425491333
1702290277877,175.11747360229492,101.08767539262772
1702290277888,181.80715560913086,102.13645130395889
1702290277928,185.72574615478516,105.70215851068497
1702290277929,198.00960540771484,106.20052099227905
1702290277933,231.92167282104492,131.81616961956024
1702290277944,418.2583236694336,283.1515896320343
1702290277956,583.3503723144531,432.25019216537476
1702290277966,771.5629577636719,611.6271686553955
1702290277977,1004.2101287841797,815.735764503479
1702290277988,1046.695327758789,847.6908731460571
1702290277999,1052.5764465332031,841.9002199172974
1702290278010,1071.4042663574219,858.5162258148193
1702290278022,1076.914939880371,863.3233451843262
1702290278033,1081.8845748901367,865.7985734939575
1702290278044,1077.4441528320312,869.9818325042725
1702290278080,1079.8908615112305,870.6020021438599
1702290278087,1080.3767776489258,880.0148391723633
1702290278099,1085.0744247436523,880.7632827758789
1702290278111,1084.071273803711,879.6511316299438
1702290278121,1086.1114120483398,877.6743650436401
1702290278132,1083.184700012207,873.8220691680908
1702290278143,1081.9043350219727,872.7257108688354
1702290278154,1078.1597518920898,866.2549781799316
1702290278165,1076.356201171875,868.737416267395
1702290278176,1083.8840866088867,871.326413154602
1702290278211,1116.0319900512695,866.5502786636353
1702290278212,1158.1886291503906,856.8666887283325
1702290278228,1230.0580978393555,839.219856262207
1702290278232,1227.8369140625,838.6698532104492
1702290278243,1225.6282806396484,837.828197479248
1702290278254,1227.4127578735352,835.0959062576294
1702290278265,1227.0231628417969,837.570104598999
1702290278277,1235.5337142944336,836.3508367538452
1702290278288,1236.7656707763672,837.7331829071045
1702290278299,1237.3887252807617,837.2164392471313
1702290278310,1237.8395462036133,841.8433141708374
1702290278321,1239.2584991455078,842.7890825271606
1702290278342,1241.384506225586,839.6227025985718
1702290278362,1235.750732421875,832.8550815582275
1702290278363,1234.5108032226562,831.7304849624634
1702290278365,1235.9753036499023,830.1111173629761
1702290278379,1238.6426544189453,831.0711765289307
1702290278388,1239.7425079345703,830.4362869262695
1702290278399,1233.8566970825195,835.4206037521362
1702290278410,1228.046875,839.5492744445801
1702290278421,1226.511459350586,838.2800960540771
1702290278432,1226.617431640625,834.4487857818604
1702290278443,1231.6613388061523,831.6616058349609
1702290278455,1232.8583145141602,835.8619451522827
1702290278494,1239.1517639160156,837.7022838592529
1702290278495,1244.1662979125977,835.995283126831
1702290278498,1232.453384399414,841.8028020858765
1702290278511,1166.9065475463867,852.3958539962769
1702290278520,1144.8276901245117,849.1005992889404
1702290278532,1125.6391525268555,844.4881439208984
1702290278543,1130.2848815917969,836.94748878479
1702290278554,1128.0815124511719,844.9508571624756
1702290278565,1118.5338592529297,845.4549837112427
1702290278576,1111.2094497680664,845.5478096008301
1702290278587,1110.800552368164,843.1744194030762
1702290278607,1118.551368713379,840.6492805480957
1702290278627,1123.8391876220703,837.3060894012451
1702290278628,1126.9070053100586,837.222318649292
1702290278632,1120.061149597168,838.7478303909302
1702290278643,1119.225845336914,843.1324052810669
1702290278656,1113.4605026245117,836.3274478912354
1702290278665,1114.1449737548828,838.5182762145996
1702290278676,1104.9385833740234,838.5567712783813
1702290278687,1068.3377838134766,862.8895139694214
1702290278698,967.3659896850586,898.7518930435181
1702290278709,644.9258804321289,993.4573459625244
1702290278720,533.8371086120605,1029.2745780944824
1702290278732,442.8224754333496,1034.3959665298462
1702290278763,352.79571533203125,1060.0633335113525
1702290278764,361.9708442687988,1062.56019115448
1702290278765,358.84300231933594,1079.1200637817383
1702290278780,363.8922309875488,1074.8348379135132
1702290278787,353.3541488647461,1065.7094478607178
1702290278798,351.8864440917969,1054.222812652588
1702290278810,348.3869171142578,1059.9592638015747
1702290278821,340.66768646240234,1060.0478410720825
1702290278832,342.056884765625,1066.1810445785522
1702290278843,343.01025390625,1060.4016780853271
1702290278854,345.6365203857422,1059.3479347229004
1702290278873,342.4951362609863,1064.6773767471313
1702290278894,344.9879455566406,1070.0827360153198
1702290278899,346.60818099975586,1061.222004890442
1702290278910,344.03064727783203,1056.672763824463
1702290278922,342.3813247680664,1052.6588916778564
1702290278932,342.4891471862793,1051.0043334960938
1702290278943,344.9313545227051,1055.5601406097412
1702290278954,342.94193267822266,1052.4274063110352
1702290278965,341.00624084472656,1058.646354675293
1702290278976,337.9349708557129,1051.860580444336
1702290278988,336.7522621154785,1055.0868701934814
1702290279029,340.3558349609375,1051.8397665023804
1702290279030,342.43560791015625,1056.6561555862427
1702290279032,339.8265838623047,1069.5319604873657
1702290279045,359.86894607543945,1122.8886938095093
1702290279053,381.5985870361328,1147.036943435669
1702290279064,384.8508644104004,1178.4311485290527
1702290279075,nan,nan
1702290279086,nan,nan
1702290279097,nan,nan
1702290279107,nan,nan
1702290279118,nan,nan
1702290279129,nan,nan
1702290279164,nan,nan
1702290279179,nan,nan
1702290279185,nan,nan
1702290279197,nan,nan
1702290279207,nan,nan
1702290279218,nan,nan
1702290279229,nan,nan
1702290279240,nan,nan
1702290279252,nan,nan
1702290279262,nan,nan
1702290279294,nan,nan
1702290279296,nan,nan
1702290279310,nan,nan
1702290279318,nan,nan
1702290279329,nan,nan
1702290279340,nan,nan
1702290279350,nan,nan
1702290279361,nan,nan
1702290279373,nan,nan
1702290279385,nan,nan
1702290279395,nan,nan
1702290279427,nan,nan
1702290279429,nan,nan
1702290279444,nan,nan
1702290279451,nan,nan
1702290279462,nan,nan
1702290279473,nan,nan
1702290279484,nan,nan
1702290279495,nan,nan
1702290279507,nan,nan
1702290279517,nan,nan
1702290279528,nan,nan
1702290279561,nan,nan
1702290279562,nan,nan
1702290279577,nan,nan
1702290279584,nan,nan
1702290279595,nan,nan
1702290279606,nan,nan
1702290279617,nan,nan
1702290279628,nan,nan
1702290279639,nan,nan
1702290279650,nan,nan
1702290279662,nan,nan
1702290279693,nan,nan
1702290279694,nan,nan
1702290279695,nan,nan
1702290279710,nan,nan
1702290279717,nan,nan
1702290279728,nan,nan
1702290279740,nan,nan
1702290279751,nan,nan
1702290279761,nan,nan
1702290279773,nan,nan
1702290279785,nan,nan
1702290279795,nan,nan
1702290279828,nan,nan
1702290279830,nan,nan
1702290279845,nan,nan
1702290279851,nan,nan
1702290279862,nan,nan
1702290279873,nan,nan
1702290279883,nan,nan
1702290279894,nan,nan
1702290279906,nan,nan
1702290279917,nan,nan
1702290279928,nan,nan
1702290279961,nan,nan
1702290279962,nan,nan
1702290279976,nan,nan
1702290279984,nan,nan
1702290279995,nan,nan
1702290280006,nan,nan
1702290280017,nan,nan
1702290280028,nan,nan
1702290280040,nan,nan
1702290280051,nan,nan
1702290280061,nan,nan
1702290280094,nan,nan
1702290280095,nan,nan
1702290280110,nan,nan
1702290280117,nan,nan
1702290280128,nan,nan
1702290280139,nan,nan
1702290280150,nan,nan
1702290280161,nan,nan
1702290280172,nan,nan
1702290280184,nan,nan
1702290280195,nan,nan
1702290280228,nan,nan
1702290280229,nan,nan
1702290280245,649.2594146728516,972.5566291809082
1702290280252,623.1630325317383,925.693244934082
1702290280263,649.5150756835938,893.2870101928711
1702290280273,642.6158905029297,835.2038383483887
1702290280284,665.6935882568359,835.6323909759521
1702290280296,675.7997131347656,855.4574775695801
1702290280307,672.1939086914062,854.4148063659668
1702290280318,635.8115386962891,846.564130783081
1702290280329,633.8996505737305,840.2119731903076
1702290280360,636.8630981445312,846.2411499023438
1702290280361,649.8410797119141,852.1613216400146
1702290280362,653.8387298583984,856.7106914520264
1702290280375,657.5325012207031,858.3173561096191
1702290280384,648.3597564697266,853.9993858337402
1702290280395,643.1891632080078,853.6070537567139
1702290280407,648.9897155761719,854.7543525695801
1702290280418,681.2792205810547,851.6459083557129
1702290280429,769.7982788085938,815.7419013977051
1702290280440,917.7658081054688,751.8197536468506
1702290280452,985.4727172851562,732.7811336517334
1702290280462,1005.4731750488281,735.2810382843018
1702290280496,1013.7111663818359,742.265510559082
1702290280497,1017.9575347900391,740.6486320495605
1702290280512,1020.5699920654297,743.402853012085
1702290280541,1020.3659820556641,742.6968097686768
1702290280552,1021.4061737060547,745.5485343933105
1702290280563,1027.3428344726562,751.3946342468262
1702290280575,1033.7548828125,752.9189014434814
1702290280585,1028.9197540283203,750.2378082275391
1702290280597,1028.0731964111328,746.984052658081
1702290280629,1034.4882202148438,749.161319732666
1702290280644,1072.8617858886719,760.5501937866211
1702290280651,1119.1979217529297,768.0922222137451
1702290280663,1187.2077178955078,772.9079246520996
1702290280674,1192.319564819336,777.4121475219727
1702290280685,1191.9672393798828,778.5593605041504
1702290280719,1199.0259552001953,784.1418743133545
1702290280730,1195.9502410888672,780.6047058105469
1702290280765,1199.728775024414,781.3907432556152
1702290280766,1202.0011901855469,789.4007205963135
1702290280781,1205.9965515136719,794.232816696167
1702290280784,1199.6741485595703,791.4683818817139
1702290280796,1202.264175415039,791.771879196167
1702290280807,1203.9371490478516,799.2567443847656
1702290280818,1207.9910278320312,799.467716217041
1702290280829,1201.7796325683594,795.4674053192139
1702290280840,1193.3596801757812,786.9019317626953
1702290280851,1196.09619140625,795.4332447052002
1702290280862,1202.750244140625,802.5772762298584
1702290280897,1208.7669372558594,804.1942405700684
1702290280898,1208.608627319336,802.6484298706055
1702290280907,1210.2591705322266,804.0064430236816
1702290280918,1237.6913452148438,800.1033782958984
1702290280931,1253.5733795166016,791.466064453125
1702290280940,1266.4566040039062,790.9134006500244
1702290280951,1263.790054321289,789.2380714416504
1702290280962,1268.8539123535156,789.1367053985596
1702290280973,1271.8389892578125,787.7846145629883
1702290280984,1275.8768463134766,784.676685333252
1702290280996,1274.7111511230469,788.0548095703125
1702290281007,1275.1359558105469,786.738166809082
1702290281018,1277.3887634277344,787.2579574584961
1702290281049,1279.4298553466797,788.5781192779541
1702290281050,1276.8547821044922,798.2077217102051
1702290281051,1277.2583770751953,809.024019241333
1702290281065,1282.1795654296875,809.4699096679688
1702290281072,1287.4993896484375,817.0701313018799
1702290281084,1284.6359252929688,818.2510757446289
1702290281095,1285.0242614746094,824.8955726623535
1702290281106,1332.3866271972656,878.9947414398193
1702290281116,1393.86962890625,936.41770362854
1702290281127,1518.1417846679688,1082.9465675354004
1702290281138,nan,nan
1702290281180,nan,nan
1702290281181,nan,nan
1702290281182,nan,nan
1702290281194,nan,nan
1702290281208,nan,nan
1702290281216,nan,nan
1702290281226,nan,nan
1702290281245,nan,nan
1702290281265,nan,nan
1702290281276,nan,nan
1702290281286,nan,nan
1702290281298,nan,nan
1702290281330,nan,nan
1702290281331,nan,nan
1702290281346,nan,nan
1702290281353,nan,nan
1702290281365,nan,nan
1702290281376,nan,nan
1702290281386,nan,nan
1702290281397,nan,nan
1702290281409,nan,nan
1702290281420,nan,nan
1702290281431,nan,nan
1702290281465,nan,nan
1702290281467,nan,nan
1702290281481,nan,nan
1702290281485,nan,nan
1702290281497,nan,nan
1702290281509,nan,nan
1702290281519,nan,nan
1702290281530,nan,nan
1702290281543,nan,nan
1702290281552,nan,nan
1702290281564,nan,nan
1702290281598,nan,nan
1702290281599,nan,nan
1702290281614,nan,nan
1702290281619,nan,nan
1702290281630,nan,nan
1702290281642,nan,nan
1702290281653,nan,nan
1702290281664,nan,nan
1702290281676,nan,nan
1702290281686,nan,nan
1702290281697,nan,nan
1702290281709,nan,nan
1702290281729,nan,nan
1702290281749,nan,nan
1702290281750,nan,nan
1702290281752,nan,nan
1702290281764,nan,nan
1702290281775,nan,nan
1702290281785,nan,nan
1702290281797,nan,nan
1702290281808,nan,nan
1702290281819,nan,nan
1702290281830,nan,nan
1702290281842,nan,nan
1702290281879,nan,nan
1702290281880,nan,nan
1702290281885,nan,nan
1702290281897,nan,nan
1702290281908,nan,nan
1702290281918,nan,nan
1702290281930,nan,nan
1702290281942,nan,nan
1702290281952,nan,nan
1702290281964,nan,nan
1702290281975,nan,nan
1702290281985,nan,nan
1702290281997,nan,nan
1702290282029,nan,nan
1702290282030,nan,nan
1702290282031,nan,nan
1702290282044,nan,nan
1702290282052,nan,nan
1702290282064,nan,nan
1702290282075,nan,nan
1702290282085,nan,nan
1702290282096,nan,nan
1702290282108,nan,nan
1702290282118,nan,nan
1702290282130,nan,nan
1702290282147,nan,nan
1702290282166,nan,nan
1702290282182,nan,nan
1702290282185,nan,nan
1702290282198,nan,nan
1702290282208,nan,nan
1702290282219,nan,nan
1702290282230,nan,nan
1702290282241,nan,nan
1702290282252,nan,nan
1702290282263,nan,nan
1702290282298,nan,nan
1702290282300,nan,nan
1702290282314,nan,nan
1702290282320,nan,nan
1702290282332,nan,nan
1702290282342,nan,nan
1702290282352,nan,nan
1702290282364,nan,nan
1702290282375,nan,nan
1702290282386,nan,nan
1702290282397,nan,nan
1702290282408,nan,nan
1702290282428,nan,nan
1702290282449,nan,nan
1702290282452,nan,nan
1702290282464,nan,nan
1702290282477,nan,nan
1702290282485,nan,nan
1702290282497,nan,nan
1702290282508,nan,nan
1702290282518,nan,nan
1702290282530,nan,nan
1702290282541,nan,nan
1702290282551,nan,nan
1702290282581,nan,nan
1702290282582,nan,nan
1702290282584,nan,nan
1702290282597,nan,nan
1702290282608,nan,nan
1702290282618,nan,nan
1702290282630,nan,nan
1702290282642,nan,nan
1702290282652,nan,nan
1702290282664,nan,nan
1702290282675,nan,nan
1702290282685,nan,nan
1702290282697,nan,nan
1702290282730,nan,nan
1702290282732,nan,nan
1702290282746,nan,nan
1702290282752,nan,nan
1702290282764,nan,nan
1702290282775,nan,nan
1702290282785,nan,nan
1702290282796,nan,nan
1702290282808,nan,nan
1702290282818,nan,nan
1702290282830,nan,nan
1702290282864,nan,nan
1702290282865,nan,nan
1702290282879,nan,nan
1702290282884,nan,nan
1702290282896,nan,nan
1702290282908,nan,nan
1702290282918,nan,nan
1702290282930,nan,nan
1702290282941,nan,nan
1702290282952,nan,nan
1702290282963,nan,nan
1702290282975,nan,nan
1702290282994,nan,nan
1702290283014,nan,nan
1702290283015,nan,nan
1702290283017,nan,nan
1702290283029,nan,nan
1702290283041,nan,nan
1702290283051,nan,nan
1702290283063,nan,nan
1702290283075,nan,nan
1702290283085,nan,nan
1702290283096,nan,nan
1702290283107,nan,nan
1702290283146,nan,nan
1702290283147,nan,nan
1702290283151,nan,nan
1702290283163,nan,nan
1702290283175,nan,nan
1702290283184,nan,nan
1702290283196,nan,nan
1702290283207,nan,nan
1702290283217,nan,nan
1702290283229,nan,nan
1702290283241,nan,nan
1702290283251,nan,nan
1702290283262,nan,nan
1702290283299,nan,nan
1702290283300,nan,nan
1702290283301,nan,nan
1702290283308,nan,nan
1702290283317,nan,nan
1702290283329,nan,nan
1702290283341,nan,nan
1702290283351,nan,nan
1702290283363,nan,nan
1702290283374,nan,nan
1702290283385,nan,nan
1702290283396,nan,nan
1702290283432,nan,nan
1702290283433,nan,nan
1702290283447,nan,nan
1702290283451,nan,nan
1702290283463,nan,nan
1702290283475,nan,nan
1702290283485,nan,nan
1702290283496,nan,nan
1702290283508,nan,nan
1702290283517,nan,nan
1702290283528,nan,nan
1702290283540,nan,nan
1702290283560,nan,nan
1702290283580,nan,nan
1702290283581,nan,nan
1702290283584,nan,nan
1702290283595,nan,nan
1702290283608,nan,nan
1702290283617,nan,nan
1702290283629,nan,nan
1702290283640,nan,nan
1702290283651,nan,nan
1702290283662,nan,nan
1702290283674,nan,nan
1702290283715,nan,nan
1702290283716,nan,nan
1702290283717,nan,nan
1702290283730,nan,nan
1702290283741,nan,nan
1702290283751,nan,nan
1702290283762,nan,nan
1702290283774,nan,nan
1702290283784,nan,nan
1702290283796,nan,nan
1702290283807,nan,nan
1702290283817,nan,nan
1702290283850,nan,nan
1702290283851,nan,nan
1702290283867,nan,nan
1702290283874,nan,nan
1702290283884,nan,nan
1702290283896,nan,nan
1702290283907,nan,nan
1702290283917,nan,nan
1702290283929,nan,nan
1702290283941,nan,nan
1702290283951,nan,nan
1702290283981,nan,nan
1702290283982,nan,nan
1702290283984,nan,nan
1702290283996,nan,nan
1702290284009,nan,nan
1702290284017,nan,nan
1702290284029,nan,nan
1702290284040,nan,nan
1702290284051,nan,nan
1702290284062,nan,nan
1702290284074,nan,nan
1702290284084,nan,nan
1702290284116,nan,nan
1702290284117,nan,nan
1702290284131,nan,nan
1702290284140,nan,nan
1702290284150,nan,nan
1702290284162,nan,nan
1702290284174,nan,nan
1702290284184,nan,nan
1702290284195,nan,nan
1702290284207,nan,nan
1702290284218,nan,nan
1702290284251,nan,nan
1702290284252,nan,nan
1702290284268,nan,nan
1702290284275,nan,nan
1702290284285,nan,nan
1702290284297,nan,nan
1702290284314,nan,nan
1702290284329,nan,nan
1702290284340,nan,nan
1702290284350,nan,nan
1702290284362,nan,nan
1702290284380,nan,nan
1702290284399,nan,nan
1702290284400,nan,nan
1702290284405,nan,nan
1702290284422,nan,nan
1702290284443,nan,nan
1702290284459,nan,nan
1702290284476,nan,nan
1702290284488,nan,nan
1702290284499,1480.1441192626953,979.8841667175293
1702290284533,1309.1505432128906,975.5563688278198
1702290284534,1237.6501083374023,956.6794109344482
1702290284549,1195.2200317382812,942.0372533798218
1702290284555,1200.798225402832,932.7291297912598
1702290284567,1199.1795349121094,930.7660961151123
1702290284578,1201.9641876220703,928.5872840881348
1702290284589,1203.7886428833008,921.9899082183838
1702290284600,1206.70166015625,919.7268533706665
1702290284611,1207.2628784179688,915.9109926223755
1702290284622,1205.3874969482422,915.3127956390381
1702290284634,1200.0639343261719,910.5085515975952
1702290284669,1202.8282928466797,905.3221893310547
1702290284670,1205.7929611206055,899.2194128036499
1702290284685,1200.3214263916016,899.1431951522827
1702290284689,1201.989402770996,896.0475397109985
1702290284701,1195.547981262207,886.582818031311
1702290284711,1169.327392578125,877.5674200057983
1702290284722,1122.9882431030273,863.0550813674927
1702290284733,1117.8152465820312,868.0743312835693
1702290284743,1125.412940979004,873.5544490814209
1702290284755,1113.6966705322266,878.3453893661499
1702290284767,1105.5914306640625,873.4418392181396
1702290284800,1106.0617446899414,873.1006193161011
1702290284801,1004.7991943359375,891.2967681884766
1702290284816,870.4690170288086,883.1225109100342
1702290284822,652.5433349609375,843.9085292816162
1702290284834,655.1474761962891,842.1639776229858
1702290284845,656.0093307495117,846.785101890564
1702290284855,650.9695243835449,850.1373052597046
1702290284867,654.0174865722656,852.2069406509399
1702290284878,649.1879081726074,854.0391683578491
1702290284889,650.6470680236816,853.4244918823242
1702290284900,645.6534957885742,853.8745021820068
1702290284933,648.8712310791016,854.5621347427368
1702290284934,643.1648826599121,848.9366626739502
1702290284949,637.1332931518555,844.8935222625732
1702290284955,639.4053840637207,840.7351541519165
1702290284966,642.8406524658203,836.1480188369751
1702290284978,640.0631904602051,832.9894065856934
1702290284988,637.380485534668,832.8687715530396
1702290285000,635.1960372924805,830.580096244812
1702290285011,640.0872993469238,832.2603607177734
1702290285022,638.743782043457,834.2187595367432
1702290285033,637.7909469604492,833.6484146118164
1702290285044,664.2928123474121,824.3046712875366
1702290285062,839.8783874511719,798.4561157226562
1702290285083,962.8349685668945,788.1525278091431
1702290285089,1149.6477508544922,767.0906209945679
1702290285100,1149.030418395996,766.7516326904297
1702290285112,1152.6192474365234,764.6024322509766
1702290285121,1149.3373489379883,760.3790473937988
1702290285132,1148.5152435302734,759.1603803634644
1702290285143,1150.6885147094727,760.2846765518188
1702290285155,1156.9009399414062,759.6259689331055
1702290285167,1161.2406921386719,762.2801971435547
1702290285177,1167.4242782592773,758.3287668228149
1702290285216,1172.109489440918,759.5477771759033
1702290285217,1170.7775497436523,756.2331676483154
1702290285222,1167.8682708740234,757.2557544708252
1702290285233,1164.3253326416016,757.7499675750732
1702290285244,1159.9620819091797,760.6695413589478
1702290285255,1153.1745147705078,757.8894853591919
1702290285266,1150.7159423828125,756.0052442550659
1702290285277,1150.3556442260742,750.3475427627563
1702290285288,1150.2168655395508,748.176326751709
1702290285300,1154.0405654907227,751.488447189331
1702290285311,1136.1856842041016,753.6723232269287
1702290285349,1062.676124572754,778.9243125915527
1702290285350,1022.8166198730469,776.9045877456665
1702290285354,398.6722755432129,906.4114236831665
1702290285365,400.6746292114258,904.5728445053101
1702290285378,381.7205810546875,917.2354888916016
1702290285388,391.3378715515137,922.8354692459106
1702290285399,381.3787078857422,929.9834060668945
1702290285410,380.3140449523926,924.5396375656128
1702290285421,378.5199165344238,912.9688453674316
1702290285432,373.3523368835449,905.6431531906128
1702290285444,371.3028144836426,907.0613765716553
1702290285455,359.42949295043945,909.6540641784668
1702290285466,357.6003074645996,910.3004550933838
1702290285500,333.2762336730957,932.2918653488159
1702290285501,230.31415939331055,1016.868782043457
1702290285516,176.7896270751953,1061.5525388717651
1702290285522,190.7597541809082,1054.2727661132812
1702290285533,181.94778442382812,1059.522557258606
1702290285544,182.62908935546875,1059.6524620056152
1702290285555,178.4078311920166,1054.5057964324951
1702290285565,177.42751121520996,1050.6828546524048
1702290285577,179.4729518890381,1041.0944080352783
1702290285587,180.32578468322754,1039.8570728302002
1702290285599,180.52870273590088,1039.643611907959
1702290285633,181.15689754486084,1045.4018640518188
1702290285634,178.03271293640137,1050.5055284500122
1702290285649,166.75459384918213,1051.5709018707275
1702290285654,165.41715145111084,1048.5294485092163
1702290285667,172.22984313964844,1049.5701026916504
1702290285677,162.88860321044922,1036.1743354797363
1702290285688,237.5013256072998,1090.3302812576294
1702290285697,290.2733898162842,1125.698962211609
1702290285709,413.95023345947266,1208.1577062606812
1702290285720,nan,nan
1702290285732,nan,nan
1702290285767,nan,nan
1702290285782,nan,nan
1702290285785,nan,nan
1702290285796,nan,nan
1702290285807,nan,nan
1702290285818,nan,nan
1702290285829,nan,nan
1702290285840,nan,nan
1702290285852,nan,nan
1702290285863,nan,nan
1702290285901,nan,nan
1702290285902,nan,nan
1702290285907,nan,nan
1702290285918,nan,nan
1702290285931,nan,nan
1702290285941,nan,nan
1702290285952,nan,nan
1702290285963,nan,nan
1702290285974,nan,nan
1702290285985,nan,nan
1702290285996,nan,nan
1702290286007,nan,nan
1702290286019,nan,nan
1702290286050,nan,nan
1702290286052,nan,nan
1702290286066,nan,nan
1702290286074,nan,nan
1702290286085,nan,nan
1702290286096,nan,nan
1702290286108,nan,nan
1702290286119,nan,nan
1702290286130,nan,nan
1702290286140,nan,nan
1702290286151,nan,nan
1702290286184,nan,nan
1702290286185,nan,nan
1702290286200,nan,nan
1702290286207,nan,nan
1702290286219,nan,nan
1702290286229,nan,nan
1702290286240,nan,nan
1702290286252,nan,nan
1702290286263,nan,nan
1702290286274,nan,nan
1702290286285,nan,nan
1702290286296,nan,nan
1702290286316,nan,nan
1702290286335,1499.2427062988281,847.1973896026611
1702290286341,1504.4387817382812,836.2533760070801
1702290286352,1497.5080871582031,827.1318912506104
1702290286364,1488.1976318359375,823.7996864318848
1702290286375,1489.2733764648438,831.9350624084473
1702290286386,1484.891357421875,829.9993228912354
1702290286397,1485.5819702148438,831.1270523071289
1702290286408,1489.4728088378906,823.87770652771
1702290286419,1487.8286743164062,817.853422164917
1702290286430,1486.69189453125,809.8839569091797
1702290286469,1472.506103515625,808.0305290222168
1702290286470,1422.2929382324219,786.0079193115234
1702290286475,1288.9735412597656,703.212718963623
1702290286485,1198.744125366211,652.1764612197876
1702290286498,1199.7492980957031,653.9231157302856
1702290286508,1200.5489349365234,661.7711734771729
1702290286520,1203.7139129638672,661.5476274490356
1702290286530,1189.8711395263672,668.1851291656494
1702290286541,1188.9779663085938,660.4007577896118
1702290286552,1179.8688507080078,656.1433410644531
1702290286563,1182.6631164550781,658.9513778686523
1702290286574,1180.123062133789,661.2396669387817
1702290286585,1187.1749877929688,662.1556091308594
1702290286618,1186.3761901855469,657.8286266326904
1702290286619,1185.8438110351562,661.6949987411499
1702290286634,1176.8803405761719,657.4492979049683
1702290286641,1173.495864868164,652.0951795578003
1702290286653,1167.9186248779297,653.3480501174927
1702290286664,1171.2918090820312,652.6329517364502
1702290286675,1176.1048126220703,645.67946434021
1702290286686,1177.6093292236328,645.3293609619141
1702290286697,1175.3396606445312,644.2934274673462
1702290286708,1176.8061828613281,647.9977941513062
1702290286719,1169.5411682128906,650.7902956008911
1702290286752,1148.8206481933594,664.3939018249512
1702290286753,1087.2624969482422,684.7628545761108
1702290286770,1080.5199432373047,676.4542722702026
1702290286774,1085.6302642822266,666.1508131027222
1702290286785,1083.7688446044922,679.2759561538696
1702290286796,1086.3792419433594,681.9528436660767
1702290286808,1087.2377014160156,682.2460842132568
1702290286819,1091.231689453125,675.487174987793
1702290286829,1095.4196166992188,675.3496742248535
1702290286840,1094.5510864257812,687.1994590759277
1702290286852,1100.2505493164062,686.8918418884277
1702290286863,1102.5000762939453,681.4232683181763
1702290286884,1101.6899108886719,677.3585414886475
1702290286903,1088.7281036376953,680.0311374664307
1702290286908,1072.1819305419922,683.5264205932617
1702290286920,1084.799575805664,689.5259428024292
1702290286930,1080.5317687988281,693.7064552307129
1702290286941,1063.4535217285156,697.8506183624268
1702290286952,1037.9167175292969,695.5555057525635
1702290286963,1038.4408569335938,697.3672199249268
1702290286974,1040.2873229980469,693.204517364502
1702290286985,1039.4639587402344,699.4473266601562
1702290286996,1035.9040832519531,697.563214302063
1702290287034,1037.2186279296875,701.8306732177734
1702290287041,1036.6325378417969,708.2321834564209
1702290287052,1037.3189544677734,708.4815645217896
1702290287064,1046.66259765625,706.9280290603638
1702290287075,1068.1214904785156,710.5796098709106
1702290287085,1177.2356414794922,713.5213708877563
1702290287097,1248.0328369140625,712.2103071212769
1702290287108,1312.7110290527344,700.0008058547974
1702290287119,1334.5252990722656,696.7249059677124
1702290287130,1342.2381591796875,698.8016653060913
1702290287142,1336.3554382324219,700.47532081604
1702290287152,1346.7221069335938,703.5369873046875
1702290287185,1349.6891784667969,712.2754096984863
1702290287200,1353.2647705078125,734.8226165771484
1702290287207,1357.3123168945312,731.0290718078613
1702290287219,1350.9585571289062,729.761266708374
1702290287230,1353.9286804199219,719.9210357666016
1702290287241,1344.2655944824219,720.1323509216309
1702290287252,1351.7750549316406,723.0097389221191
1702290287263,1346.6484069824219,728.6009216308594
1702290287274,1348.6128234863281,731.8323612213135
1702290287285,1347.0738220214844,728.8231372833252
1702290287317,1344.7288513183594,720.223503112793
1702290287318,1343.2661437988281,709.9964332580566
1702290287333,1346.0345458984375,712.4347114562988
1702290287341,1333.5948181152344,714.5510387420654
1702290287352,1321.1410522460938,706.3114643096924
1702290287363,1316.2370300292969,700.8137083053589
1702290287374,1320.7623291015625,690.4178094863892
1702290287385,1327.8236389160156,684.1147899627686
1702290287396,1329.5030212402344,687.1922922134399
1702290287407,1325.5252075195312,690.2741289138794
1702290287419,1323.37158203125,696.929440498352
1702290287453,1322.1673583984375,691.9273996353149
1702290287454,1320.2688598632812,693.9214611053467
1702290287468,1321.6539001464844,695.2290487289429
1702290287474,1327.1197509765625,693.1192445755005
1702290287485,1328.4774780273438,699.3493509292603
1702290287497,1332.8805541992188,710.2642250061035
1702290287508,1326.7045593261719,715.6122922897339
1702290287519,1323.973388671875,708.1706857681274
1702290287530,1317.2164916992188,698.5030603408813
1702290287541,1319.3017578125,699.0220355987549
1702290287552,1320.5253601074219,696.784257888794
1702290287563,1322.5494384765625,699.1379499435425
1702290287574,1323.3114624023438,705.2222299575806
1702290287604,1336.5008544921875,728.9798641204834
1702290287607,1361.8798828125,745.5950546264648
1702290287619,1363.1097412109375,749.8869323730469
1702290287630,1356.3388061523438,751.2989330291748
1702290287641,1350.3837585449219,748.794994354248
1702290287652,1351.0836791992188,749.1831207275391
1702290287663,1351.995849609375,758.6551380157471
1702290287674,1350.7594299316406,761.7083930969238
1702290287685,1343.8104248046875,759.7092247009277
1702290287696,1351.4634704589844,758.8825035095215
1702290287736,1350.6988525390625,759.7286224365234
1702290287737,1351.7619323730469,771.5243339538574
1702290287741,1353.7847900390625,779.8118877410889
1702290287752,1349.0939331054688,779.2225742340088
1702290287763,1347.8692626953125,781.2990760803223
1702290287774,1347.7558898925781,781.5924453735352
1702290287785,1346.7948913574219,786.0211372375488
1702290287796,1345.8050537109375,785.3891658782959
1702290287807,1342.4801635742188,785.9230327606201
1702290287819,1344.5799255371094,782.0279502868652
1702290287830,1348.7835693359375,787.413740158081
1702290287868,1348.5903930664062,789.6929740905762
1702290287870,1355.9210205078125,786.719799041748
1702290287874,1359.7520446777344,782.7645492553711
1702290287886,1358.8917541503906,779.2383670806885
1702290287899,1364.481201171875,784.7799396514893
1702290287907,1360.1695251464844,780.6453037261963
1702290287918,1355.1739501953125,796.5716171264648
1702290287930,1349.3072509765625,793.1643104553223
1702290287940,1342.8895568847656,794.8867607116699
1702290287952,1345.6005859375,792.6712989807129
1702290287963,1350.1341247558594,793.1002807617188
1702290288001,1351.2554931640625,790.9612941741943
1702290288003,1348.4243774414062,796.4342021942139
1702290288007,1352.1672058105469,806.916446685791
1702290288018,1352.3899841308594,806.6611003875732
1702290288031,1350.4551696777344,804.7953128814697
1702290288040,1348.2080078125,809.7196769714355
1702290288051,1344.5555114746094,812.7198886871338
1702290288062,1344.1459655761719,812.0625972747803
1702290288073,1343.2496643066406,811.5043544769287
1702290288085,1341.26953125,814.5002746582031
1702290288096,1338.9657592773438,817.7007293701172
1702290288136,1332.5706481933594,817.4775695800781
1702290288140,1339.8162841796875,821.5261173248291
1702290288151,1340.2755737304688,821.1306953430176
1702290288163,1335.1771545410156,822.5439834594727
1702290288174,1336.5713500976562,829.0435981750488
1702290288185,1336.1106872558594,830.3018760681152
1702290288196,1339.0489196777344,831.8924903869629
1702290288207,1344.2210388183594,836.7645835876465
1702290288218,1342.1980285644531,835.751781463623
1702290288229,1344.2738342285156,838.7959384918213
1702290288240,1337.2740173339844,838.7999725341797
1702290288251,1336.3591003417969,840.2105140686035
1702290288288,1334.5613098144531,843.140172958374
1702290288289,1337.7265930175781,847.0829772949219
1702290288303,1350.3668212890625,854.9840354919434
1702290288307,1350.2294921875,853.9755249023438
1702290288318,1371.0359191894531,854.2191123962402
1702290288329,1348.3843994140625,858.7488269805908
1702290288339,1389.6060180664062,858.6110687255859
1702290288350,nan,nan
1702290288362,nan,nan
1702290288372,nan,nan
1702290288383,nan,nan
1702290288420,nan,nan
1702290288421,nan,nan
1702290288427,nan,nan
1702290288445,nan,nan
1702290288464,nan,nan
1702290288475,nan,nan
1702290288486,nan,nan
1702290288497,nan,nan
1702290288509,nan,nan
1702290288520,nan,nan
1702290288531,nan,nan
1702290288570,nan,nan
1702290288575,nan,nan
1702290288586,nan,nan
1702290288599,nan,nan
1702290288609,nan,nan
1702290288619,nan,nan
1702290288631,nan,nan
1702290288642,nan,nan
1702290288652,nan,nan
1702290288664,nan,nan
1702290288675,nan,nan
1702290288685,nan,nan
1702290288719,nan,nan
1702290288720,nan,nan
1702290288734,nan,nan
1702290288742,nan,nan
1702290288753,nan,nan
1702290288764,nan,nan
1702290288775,nan,nan
1702290288785,nan,nan
1702290288797,nan,nan
1702290288809,nan,nan
1702290288819,nan,nan
1702290288852,nan,nan
1702290288853,nan,nan
1702290288868,nan,nan
1702290288875,nan,nan
1702290288886,nan,nan
1702290288897,nan,nan
1702290288909,nan,nan
1702290288919,nan,nan
1702290288930,nan,nan
1702290288942,nan,nan
1702290288953,nan,nan
1702290288987,nan,nan
1702290288988,nan,nan
1702290289003,nan,nan
1702290289009,nan,nan
1702290289020,nan,nan
1702290289031,nan,nan
1702290289042,nan,nan
1702290289052,nan,nan
1702290289063,nan,nan
1702290289075,nan,nan
1702290289085,nan,nan
1702290289118,nan,nan
1702290289119,nan,nan
1702290289134,nan,nan
1702290289141,nan,nan
1702290289152,nan,nan
1702290289163,nan,nan
1702290289174,nan,nan
1702290289185,nan,nan
1702290289197,nan,nan
1702290289208,nan,nan
1702290289218,nan,nan
1702290289230,nan,nan
1702290289249,nan,nan
1702290289271,nan,nan
1702290289275,nan,nan
1702290289286,nan,nan
1702290289298,nan,nan
1702290289308,nan,nan
1702290289318,nan,nan
1702290289329,nan,nan
1702290289341,nan,nan
1702290289351,nan,nan
1702290289363,nan,nan
1702290289403,nan,nan
1702290289404,nan,nan
1702290289408,nan,nan
1702290289419,nan,nan
1702290289430,nan,nan
1702290289441,nan,nan
1702290289451,nan,nan
1702290289463,nan,nan
1702290289475,nan,nan
1702290289485,nan,nan
1702290289497,nan,nan
1702290289517,nan,nan
1702290289536,nan,nan
1702290289541,nan,nan
1702290289552,nan,nan
1702290289564,nan,nan
1702290289575,nan,nan
1702290289585,nan,nan
1702290289597,nan,nan
1702290289608,nan,nan
1702290289618,nan,nan
1702290289630,nan,nan
1702290289669,nan,nan
1702290289670,nan,nan
1702290289675,nan,nan
1702290289685,nan,nan
1702290289697,nan,nan
1702290289707,nan,nan
1702290289718,nan,nan
1702290289729,nan,nan
1702290289741,nan,nan
1702290289752,nan,nan
1702290289763,nan,nan
1702290289774,nan,nan
1702290289804,nan,nan
1702290289808,nan,nan
1702290289820,nan,nan
1702290289829,nan,nan
1702290289841,nan,nan
1702290289851,nan,nan
1702290289863,nan,nan
1702290289874,nan,nan
1702290289884,nan,nan
1702290289896,nan,nan
1702290289935,nan,nan
1702290289936,nan,nan
1702290289941,nan,nan
1702290289951,nan,nan
1702290289965,nan,nan
1702290289974,nan,nan
1702290289984,nan,nan
1702290289996,nan,nan
1702290290008,nan,nan
1702290290018,nan,nan
1702290290030,nan,nan
1702290290051,nan,nan
1702290290073,nan,nan
1702290290075,nan,nan
1702290290087,nan,nan
1702290290096,nan,nan
1702290290108,nan,nan
1702290290118,nan,nan
1702290290130,nan,nan
1702290290141,nan,nan
1702290290151,nan,nan
1702290290163,nan,nan
1702290290175,nan,nan
1702290290203,nan,nan
1702290290208,nan,nan
1702290290219,nan,nan
1702290290229,nan,nan
1702290290241,nan,nan
1702290290251,nan,nan
1702290290262,nan,nan
1702290290274,nan,nan
1702290290284,nan,nan
1702290290296,nan,nan
1702290290338,nan,nan
1702290290339,nan,nan
1702290290341,nan,nan
1702290290354,nan,nan
1702290290362,nan,nan
1702290290375,nan,nan
1702290290385,nan,nan
1702290290396,nan,nan
1702290290408,nan,nan
1702290290418,nan,nan
1702290290430,nan,nan
1702290290440,nan,nan
1702290290471,nan,nan
1702290290472,nan,nan
1702290290474,nan,nan
1702290290487,nan,nan
1702290290495,nan,nan
1702290290507,nan,nan
1702290290517,nan,nan
1702290290529,nan,nan
1702290290541,nan,nan
1702290290550,nan,nan
1702290290562,nan,nan
1702290290574,nan,nan
1702290290606,nan,nan
1702290290607,nan,nan
1702290290621,nan,nan
1702290290629,nan,nan
1702290290641,nan,nan
1702290290651,nan,nan
1702290290662,nan,nan
1702290290674,nan,nan
1702290290684,nan,nan
1702290290696,nan,nan
1702290290707,nan,nan
1702290290738,nan,nan
1702290290739,nan,nan
1702290290740,nan,nan
1702290290754,nan,nan
1702290290762,nan,nan
1702290290774,nan,nan
1702290290784,nan,nan
1702290290795,nan,nan
1702290290807,nan,nan
1702290290817,nan,nan
1702290290829,nan,nan
1702290290840,nan,nan
1702290290872,nan,nan
1702290290874,nan,nan
1702290290887,nan,nan
1702290290896,nan,nan
1702290290907,nan,nan
1702290290917,nan,nan
1702290290929,nan,nan
1702290290941,nan,nan
1702290290951,nan,nan
1702290290962,nan,nan
1702290290974,nan,nan
1702290291004,nan,nan
1702290291005,nan,nan
1702290291006,nan,nan
1702290291020,nan,nan
1702290291028,nan,nan
1702290291040,nan,nan
1702290291050,nan,nan
1702290291062,nan,nan
1702290291073,nan,nan
1702290291083,nan,nan
1702290291095,nan,nan
1702290291107,nan,nan
1702290291139,nan,nan
1702290291141,nan,nan
1702290291155,nan,nan
1702290291162,nan,nan
1702290291173,nan,nan
1702290291183,nan,nan
1702290291195,nan,nan
1702290291206,nan,nan
1702290291217,nan,nan
1702290291228,nan,nan
1702290291240,nan,nan
1702290291273,nan,nan
1702290291274,nan,nan
1702290291287,nan,nan
1702290291295,nan,nan
1702290291307,nan,nan
1702290291317,nan,nan
1702290291328,nan,nan
1702290291340,nan,nan
1702290291350,nan,nan
1702290291362,nan,nan
1702290291374,nan,nan
1702290291407,nan,nan
1702290291408,nan,nan
1702290291423,nan,nan
1702290291429,nan,nan
1702290291440,nan,nan
1702290291451,nan,nan
1702290291462,nan,nan
1702290291474,nan,nan
1702290291484,nan,nan
1702290291496,nan,nan
1702290291506,nan,nan
1702290291539,nan,nan
1702290291540,nan,nan
1702290291556,nan,nan
1702290291561,nan,nan
1702290291575,nan,nan
1702290291583,nan,nan
1702290291595,nan,nan
1702290291606,nan,nan
1702290291616,nan,nan
1702290291628,nan,nan
1702290291640,nan,nan
1702290291650,nan,nan
1702290291690,nan,nan
1702290291691,nan,nan
1702290291695,nan,nan
1702290291707,nan,nan
1702290291716,nan,nan
1702290291728,nan,nan
1702290291740,nan,nan
1702290291750,nan,nan
1702290291761,nan,nan
1702290291774,nan,nan
1702290291783,nan,nan
1702290291823,nan,nan
1702290291829,nan,nan
1702290291840,nan,nan
1702290291851,nan,nan
1702290291862,nan,nan
1702290291873,nan,nan
1702290291884,nan,nan
1702290291896,nan,nan
1702290291906,nan,nan
1702290291923,nan,nan
1702290291952,nan,nan
1702290291973,nan,nan
1702290291976,nan,nan
1702290291988,nan,nan
1702290291998,nan,nan
1702290292010,nan,nan
1702290292020,nan,nan
1702290292031,nan,nan
1702290292043,nan,nan
1702290292053,nan,nan
1702290292065,nan,nan
1702290292075,nan,nan
1702290292106,nan,nan
1702290292107,nan,nan
1702290292120,nan,nan
1702290292131,nan,nan
1702290292143,nan,nan
1702290292153,nan,nan
1702290292164,nan,nan
1702290292176,nan,nan
1702290292186,nan,nan
1702290292198,nan,nan
1702290292209,nan,nan
1702290292219,nan,nan
1702290292258,nan,nan
1702290292259,nan,nan
1702290292263,nan,nan
1702290292275,nan,nan
1702290292287,nan,nan
1702290292297,nan,nan
1702290292309,nan,nan
1702290292319,nan,nan
1702290292331,nan,nan
1702290292342,nan,nan
1702290292352,nan,nan
1702290292389,nan,nan
1702290292404,nan,nan
1702290292409,nan,nan
1702290292421,nan,nan
1702290292431,nan,nan
1702290292443,nan,nan
1702290292452,nan,nan
1702290292463,nan,nan
1702290292475,nan,nan
1702290292485,nan,nan
1702290292497,nan,nan
1702290292509,nan,nan
1702290292540,nan,nan
1702290292542,nan,nan
1702290292556,nan,nan
1702290292564,nan,nan
1702290292576,nan,nan
1702290292585,nan,nan
1702290292597,nan,nan
1702290292608,nan,nan
1702290292619,nan,nan
1702290292630,nan,nan
1702290292643,nan,nan
1702290292675,nan,nan
1702290292676,nan,nan
1702290292691,nan,nan
1702290292697,nan,nan
1702290292709,nan,nan
1702290292719,nan,nan
1702290292730,nan,nan
1702290292742,nan,nan
1702290292752,nan,nan
1702290292764,nan,nan
1702290292776,nan,nan
1702290292786,nan,nan
1702290292826,nan,nan
1702290292827,nan,nan
1702290292830,nan,nan
1702290292841,nan,nan
1702290292852,nan,nan
1702290292863,nan,nan
1702290292875,nan,nan
1702290292885,nan,nan
1702290292897,nan,nan
1702290292909,nan,nan
1702290292918,nan,nan
1702290292958,nan,nan
1702290292959,nan,nan
1702290292963,nan,nan
1702290292975,nan,nan
1702290292987,nan,nan
1702290292997,nan,nan
1702290293009,nan,nan
1702290293018,nan,nan
1702290293030,nan,nan
1702290293042,nan,nan
1702290293052,nan,nan
1702290293090,nan,nan
1702290293091,nan,nan
1702290293097,nan,nan
1702290293109,nan,nan
1702290293120,nan,nan
1702290293130,nan,nan
1702290293142,nan,nan
1702290293153,nan,nan
1702290293164,nan,nan
1702290293175,nan,nan
1702290293187,nan,nan
1702290293224,nan,nan
1702290293225,nan,nan
1702290293231,nan,nan
1702290293242,nan,nan
1702290293254,nan,nan
1702290293264,nan,nan
1702290293276,nan,nan
1702290293287,nan,nan
1702290293297,nan,nan
1702290293308,nan,nan
1702290293325,nan,nan
1702290293355,nan,nan
1702290293374,nan,nan
1702290293377,nan,nan
1702290293390,nan,nan
1702290293399,nan,nan
1702290293410,nan,nan
1702290293422,nan,nan
1702290293432,nan,nan
1702290293443,nan,nan
1702290293454,nan,nan
1702290293472,nan,nan
1702290293506,nan,nan
1702290293508,nan,nan
1702290293524,nan,nan
1702290293538,1303.0009460449219,867.0871925354004
1702290293547,1169.2513275146484,924.6818590164185
1702290293559,1188.7344360351562,917.1122360229492
1702290293571,1196.4282989501953,909.3810796737671
1702290293581,1197.8248596191406,895.3767728805542
1702290293593,1197.012939453125,885.4933261871338
1702290293603,1189.060287475586,885.2902936935425
1702290293642,1179.400749206543,876.9099569320679
1702290293643,1132.4986267089844,828.2700061798096
1702290293648,1136.4914321899414,824.8584938049316
1702290293658,1154.3339538574219,813.555793762207
1702290293671,1168.8557052612305,814.317798614502
1702290293681,1196.517219543457,829.983959197998
1702290293692,1175.9072875976562,828.569598197937
1702290293704,1161.4667129516602,825.7773971557617
1702290293715,1161.0766220092773,825.3858804702759
1702290293726,1171.7666625976562,820.1228284835815
1702290293738,1176.3811492919922,822.1818208694458
1702290293775,1175.845603942871,822.4054956436157
1702290293780,1175.6147003173828,820.6404733657837
1702290293792,1162.0079803466797,813.9777374267578
1702290293805,1129.7419738769531,815.5466794967651
1702290293814,1112.9634475708008,814.4207954406738
1702290293825,1056.577262878418,806.476263999939
1702290293837,1049.7549057006836,799.2062330245972
1702290293848,1048.3152770996094,801.3290405273438
1702290293859,1043.8496017456055,796.5742349624634
1702290293870,1043.9330673217773,794.9637079238892
1702290293881,1047.3522567749023,795.0465774536133
1702290293892,1062.0845413208008,806.4830875396729
1702290293927,1061.356315612793,806.8645191192627
1702290293928,1060.6613159179688,807.6084995269775
1702290293942,1068.6754608154297,800.6925630569458
1702290293948,1065.2538299560547,798.051381111145
1702290293959,1065.141487121582,791.8347072601318
1702290293970,1070.2404022216797,800.0096082687378
1702290293981,1069.522361755371,800.134105682373
1702290293992,1066.2660217285156,801.0931777954102
1702290294003,1054.9090576171875,798.4925937652588
1702290294014,1058.1339263916016,798.1366968154907
1702290294026,1054.9860763549805,798.399167060852
1702290294058,1057.1039581298828,800.5730438232422
1702290294059,1062.6276397705078,797.9327630996704
1702290294073,1062.2918319702148,791.5569591522217
1702290294081,1059.8810958862305,793.0755615234375
1702290294092,1054.5605850219727,792.1865701675415
1702290294104,1058.5080337524414,796.1424207687378
1702290294114,1060.1139068603516,795.9795141220093
1702290294126,1065.7919311523438,803.2240104675293
1702290294137,1054.2877960205078,778.0000019073486
1702290294148,1053.0095672607422,776.9266033172607
1702290294159,1051.1529541015625,767.9220199584961
1702290294169,1060.9521484375,792.0292854309082
1702290294209,1060.287208557129,790.1786470413208
1702290294210,1063.3065032958984,795.6631851196289
1702290294213,1062.7604675292969,798.5763645172119
1702290294225,1035.6536483764648,779.028639793396
1702290294236,1055.0403594970703,783.446216583252
1702290294246,1062.551040649414,779.2147207260132
1702290294257,1262.2109985351562,762.2971057891846
1702290294268,nan,nan
1702290294279,nan,nan
1702290294290,nan,nan
1702290294301,nan,nan
1702290294312,nan,nan
1702290294343,nan,nan
1702290294344,nan,nan
1702290294361,nan,nan
1702290294381,nan,nan
1702290294392,nan,nan
1702290294403,nan,nan
1702290294414,nan,nan
1702290294425,nan,nan
1702290294437,nan,nan
1702290294477,nan,nan
1702290294481,nan,nan
1702290294492,nan,nan
1702290294503,nan,nan
1702290294514,nan,nan
1702290294524,nan,nan
1702290294536,nan,nan
1702290294546,nan,nan
1702290294557,nan,nan
1702290294568,nan,nan
1702290294580,nan,nan
1702290294590,nan,nan
1702290294626,nan,nan
1702290294627,nan,nan
1702290294642,nan,nan
1702290294646,nan,nan
1702290294658,nan,nan
1702290294668,nan,nan
1702290294680,nan,nan
1702290294690,nan,nan
1702290294701,nan,nan
1702290294713,nan,nan
1702290294723,nan,nan
1702290294759,nan,nan
1702290294760,nan,nan
1702290294775,nan,nan
1702290294781,nan,nan
1702290294791,nan,nan
1702290294802,nan,nan
1702290294813,nan,nan
1702290294824,nan,nan
1702290294835,nan,nan
1702290294847,nan,nan
1702290294857,nan,nan
1702290294869,nan,nan
1702290294891,nan,nan
1702290294918,nan,nan
1702290294924,nan,nan
1702290294935,nan,nan
1702290294948,nan,nan
1702290294957,nan,nan
1702290294969,nan,nan
1702290294981,nan,nan
1702290294991,nan,nan
1702290295002,nan,nan
1702290295014,nan,nan
1702290295024,nan,nan
1702290295065,nan,nan
1702290295069,nan,nan
1702290295080,nan,nan
1702290295091,nan,nan
1702290295102,nan,nan
1702290295114,nan,nan
1702290295123,nan,nan
1702290295136,nan,nan
1702290295148,nan,nan
1702290295157,nan,nan
1702290295170,nan,nan
1702290295190,nan,nan
1702290295208,nan,nan
1702290295209,nan,nan
1702290295214,nan,nan
1702290295224,nan,nan
1702290295237,nan,nan
1702290295247,nan,nan
1702290295257,nan,nan
1702290295269,nan,nan
1702290295281,nan,nan
1702290295290,nan,nan
1702290295340,nan,nan
1702290295341,nan,nan
1702290295354,1562.8211975097656,884.0967750549316
1702290295359,1562.8211975097656,884.0967750549316
1702290295370,1562.8211975097656,884.0967750549316
1702290295381,1573.6007690429688,855.1235961914062
1702290295392,1573.6007690429688,855.1235961914062
1702290295403,1573.6007690429688,855.1235961914062
1702290295415,1595.0804138183594,846.3692092895508
1702290295426,1595.0804138183594,846.3692092895508
1702290295436,1595.0804138183594,846.3692092895508
1702290295477,nan,nan
1702290295478,nan,nan
1702290295483,1199.232406616211,767.8543853759766
1702290295494,1191.287612915039,771.0530376434326
1702290295506,1190.6779098510742,771.2719058990479
1702290295516,1184.0561294555664,752.1505880355835
1702290295527,1185.056266784668,745.8275699615479
1702290295538,1186.7373657226562,747.1139144897461
1702290295549,1196.2659454345703,761.6850471496582
1702290295561,1198.454818725586,722.1485137939453
1702290295572,1203.1219863891602,728.6487507820129
1702290295611,1190.0579452514648,723.316240310669
1702290295612,1184.4957733154297,727.320306301117
1702290295617,1197.1993255615234,726.7830061912537
1702290295628,1201.1911392211914,730.7787466049194
1702290295640,1198.7492370605469,731.3707423210144
1702290295650,1192.0448303222656,730.3102612495422
1702290295661,1193.672981262207,721.8856358528137
1702290295673,1188.8298797607422,709.0741181373596
1702290295684,1193.3217239379883,704.5401549339294
1702290295694,1185.9423828125,692.7605366706848
1702290295705,1189.4971466064453,697.7924251556396
1702290295716,1183.9879989624023,695.8139634132385
1702290295728,1182.5756072998047,692.3186588287354
1702290295760,1182.5019454956055,689.4975113868713
1702290295761,1184.0167617797852,688.9134120941162
1702290295776,1056.2983703613281,730.9851050376892
1702290295783,852.6916122436523,767.699933052063
1702290295794,573.3810806274414,801.2043714523315
1702290295805,570.797290802002,802.9080677032471
1702290295816,568.6411094665527,806.4558362960815
1702290295827,559.1793441772461,816.1159944534302
1702290295839,562.0054626464844,814.7912836074829
1702290295850,565.1701736450195,812.9224061965942
1702290295861,567.9893112182617,805.3969860076904
1702290295892,566.481990814209,808.9353561401367
1702290295893,563.9781951904297,814.3245792388916
1702290295894,568.2441711425781,817.7534294128418
1702290295907,567.9054641723633,817.6548957824707
1702290295916,566.5543174743652,814.5879077911377
1702290295927,560.2607917785645,817.8986120223999
1702290295939,559.4773101806641,821.5903615951538
1702290295950,560.9429359436035,820.3955125808716
1702290295961,553.0383110046387,817.7685356140137
1702290295972,544.942512512207,811.2023162841797
1702290295983,535.8002853393555,811.2325286865234
1702290295994,540.2013397216797,803.8429355621338
1702290296028,551.0985565185547,800.9645175933838
1702290296043,594.1586303710938,824.0876913070679
1702290296050,591.3474082946777,822.4119329452515
1702290296062,598.2121276855469,821.49169921875
1702290296072,594.7639465332031,821.287636756897
1702290296083,579.4750022888184,820.1734256744385
1702290296094,577.3770523071289,826.9221210479736
1702290296105,573.5159873962402,828.0784749984741
1702290296117,584.9681663513184,836.218786239624
1702290296128,576.1715126037598,833.684720993042
1702290296160,575.3293037414551,831.3432168960571
1702290296176,575.9307861328125,871.6201257705688
1702290296181,575.9195709228516,875.2829933166504
1702290296192,nan,nan
1702290296203,nan,nan
1702290296214,nan,nan
1702290296225,nan,nan
1702290296237,nan,nan
1702290296248,nan,nan
1702290296258,nan,nan
1702290296293,nan,nan
1702290296294,nan,nan
1702290296310,nan,nan
1702290296314,nan,nan
1702290296327,nan,nan
1702290296336,nan,nan
1702290296347,nan,nan
1702290296358,nan,nan
1702290296369,nan,nan
1702290296380,nan,nan
1702290296391,nan,nan
1702290296431,nan,nan
1702290296432,nan,nan
1702290296436,nan,nan
1702290296449,nan,nan
1702290296458,nan,nan
1702290296469,nan,nan
1702290296479,nan,nan
1702290296490,nan,nan
1702290296502,nan,nan
1702290296513,nan,nan
1702290296524,nan,nan
1702290296535,nan,nan
1702290296546,nan,nan
1702290296578,nan,nan
1702290296579,nan,nan
1702290296595,nan,nan
1702290296602,nan,nan
1702290296613,nan,nan
1702290296624,nan,nan
1702290296635,nan,nan
1702290296646,nan,nan
1702290296657,nan,nan
1702290296668,nan,nan
1702290296709,nan,nan
1702290296710,nan,nan
1702290296713,nan,nan
1702290296724,nan,nan
1702290296736,nan,nan
1702290296746,nan,nan
1702290296757,nan,nan
1702290296768,nan,nan
1702290296779,nan,nan
1702290296791,nan,nan
1702290296802,nan,nan
1702290296813,nan,nan
1702290296843,nan,nan
1702290296846,nan,nan
1702290296859,nan,nan
1702290296869,nan,nan
1702290296880,nan,nan
1702290296891,nan,nan
1702290296902,nan,nan
1702290296914,nan,nan
1702290296925,nan,nan
1702290296936,nan,nan
1702290296947,nan,nan
1702290296980,nan,nan
1702290296981,nan,nan
1702290296995,1252.6386260986328,797.8770160675049
1702290297003,1234.9501037597656,784.2987728118896
1702290297013,1256.6828918457031,778.9667129516602
1702290297024,1250.912094116211,763.4462070465088
1702290297036,1247.0988464355469,760.900297164917
1702290297047,1246.69189453125,758.1438446044922
1702290297058,1251.1468505859375,764.7976112365723
1702290297069,1246.904067993164,765.0507259368896
1702290297086,1244.7035217285156,766.3028240203857
1702290297111,1242.0223236083984,761.9575595855713
1702290297114,1249.9884033203125,759.9275779724121
1702290297127,1247.3410034179688,764.3728351593018
1702290297136,1221.9126892089844,729.8161125183105
1702290297147,1202.5572967529297,666.7309856414795
1702290297158,1166.8637084960938,572.5081586837769
1702290297169,1169.2042541503906,565.8748197555542
1702290297180,1167.9573059082031,571.869707107544
1702290297191,1168.8275146484375,576.0621500015259
1702290297202,1168.8814544677734,568.2862758636475
1702290297213,1166.4793395996094,566.9829797744751
1702290297244,1165.7817840576172,562.4832201004028
1702290297247,1161.8450164794922,552.1699333190918
1702290297262,1161.4952850341797,554.1520643234253
1702290297269,1163.97705078125,562.4967813491821
1702290297280,1163.3059692382812,564.0355968475342
1702290297291,1161.8363189697266,571.9823598861694
1702290297303,1163.7289428710938,574.1431903839111
1702290297314,1163.8409423828125,581.2759351730347
1702290297325,1160.230712890625,588.338942527771
1702290297336,1164.7073364257812,593.0934906005859
1702290297357,1161.5740203857422,592.4071025848389
1702290297376,1166.5934753417969,591.8053436279297
1702290297380,1158.2434844970703,604.071364402771
1702290297391,1166.8211364746094,604.3057250976562
1702290297403,1167.650146484375,600.1421213150024
1702290297414,1173.717269897461,594.9214696884155
1702290297425,1165.0898742675781,593.4991693496704
1702290297436,1171.610336303711,593.6739206314087
1702290297447,1164.9553680419922,597.7327251434326
1702290297458,1168.316650390625,598.9611339569092
1702290297469,1165.3269958496094,603.8301372528076
1702290297481,1174.957504272461,611.5877294540405
1702290297512,1170.3710174560547,623.5496091842651
1702290297513,1171.0868835449219,630.3163719177246
1702290297514,1159.7137451171875,640.6013774871826
1702290297527,1155.5245971679688,653.790078163147
1702290297536,1157.499008178711,656.8501138687134
1702290297547,1156.6424560546875,653.1690073013306
1702290297558,1157.7320861816406,651.3881063461304
1702290297570,1156.3337707519531,648.7362384796143
1702290297580,1163.0453491210938,652.7741432189941
1702290297591,1164.595718383789,659.7393035888672
1702290297602,1161.448745727539,664.7130632400513
1702290297614,1152.1819305419922,673.2642459869385
1702290297645,1153.8754272460938,671.2366247177124
1702290297646,1162.6922607421875,671.5977144241333
1702290297647,1165.6843566894531,664.7143077850342
1702290297661,1168.4691619873047,670.4135513305664
1702290297670,1169.1924285888672,671.6831159591675
1702290297681,1170.85205078125,675.3907871246338
1702290297692,1171.476058959961,670.0966644287109
1702290297703,1175.2503967285156,666.7465209960938
1702290297714,1175.2961730957031,669.0690994262695
1702290297725,1170.9380340576172,677.2289800643921
1702290297736,1173.777847290039,682.9536294937134
1702290297747,1164.9165344238281,679.3830728530884
1702290297779,1162.6422882080078,671.0586977005005
1702290297780,1151.277084350586,661.4221858978271
1702290297795,1159.2322540283203,663.6639976501465
1702290297803,1167.3572540283203,676.2809371948242
1702290297815,1169.2361450195312,690.4290533065796
1702290297825,1170.570068359375,696.037745475769
1702290297836,1168.1282043457031,686.8355798721313
1702290297847,1172.0723724365234,675.2933263778687
1702290297858,1179.167709350586,663.6436128616333
1702290297869,1184.9679565429688,660.5040121078491
1702290297881,1180.2959442138672,653.1796073913574
1702290297912,1178.563461303711,656.3261604309082
1702290297913,1176.7386627197266,656.773853302002
1702290297914,1184.478530883789,654.5529842376709
1702290297928,1184.6821594238281,651.3116312026978
1702290297936,1182.2661590576172,656.1529541015625
1702290297947,1179.7001647949219,669.0176868438721
1702290297958,1182.3070526123047,676.2136459350586
1702290297969,1187.0764923095703,678.0187940597534
1702290297980,1184.1841125488281,672.2710132598877
1702290297991,1180.243911743164,666.8544101715088
1702290298002,1174.2594909667969,670.0547361373901
1702290298013,1169.7306060791016,674.0684795379639
1702290298024,1164.112548828125,675.9897136688232
1702290298061,1161.889419555664,669.9419546127319
1702290298069,1174.2876434326172,650.1450634002686
1702290298080,1172.846450805664,649.9653339385986
1702290298092,1176.5242004394531,654.6944761276245
1702290298102,1171.0464477539062,651.3236474990845
1702290298113,1176.6510009765625,650.8601188659668
1702290298124,1175.6470489501953,652.3058938980103
1702290298136,1174.2172241210938,663.170599937439
1702290298147,1165.4367065429688,664.5648336410522
1702290298158,1167.5850677490234,661.4002132415771
1702290298196,1173.5455322265625,651.7470932006836
1702290298202,1180.6522369384766,651.6442680358887
1702290298213,1181.4250946044922,641.8483686447144
1702290298226,1183.138427734375,650.5091571807861
1702290298236,1177.93701171875,657.8493118286133
1702290298247,1174.2440795898438,666.9114017486572
1702290298258,1173.9559936523438,665.9579515457153
1702290298269,1173.97216796875,661.7180871963501
1702290298280,1176.3346862792969,665.446400642395
1702290298291,1176.5872192382812,667.0128107070923
1702290298302,1182.8864288330078,669.6683692932129
1702290298313,1187.9503631591797,668.5048484802246
1702290298345,1191.5477752685547,671.9789743423462
1702290298346,1189.8240661621094,678.0291366577148
1702290298360,1179.1637420654297,705.9961223602295
1702290298369,1176.2553405761719,704.0693521499634
1702290298381,1178.0947875976562,702.0984220504761
1702290298391,1178.60107421875,693.3934307098389
1702290298402,1187.55859375,701.3726806640625
1702290298413,1184.7589111328125,699.5677900314331
1702290298424,1189.972152709961,708.0948972702026
1702290298436,1190.1144409179688,697.5308132171631
1702290298446,1192.6361083984375,696.6664981842041
1702290298458,1192.6535034179688,695.5635738372803
1702290298495,1183.9986419677734,700.2012205123901
1702290298496,1185.4378509521484,708.0649423599243
1702290298502,1191.9857788085938,708.1263113021851
1702290298513,1189.2589569091797,705.3852653503418
1702290298525,1197.8264617919922,710.8443546295166
1702290298536,1204.6002197265625,714.3479633331299
1702290298547,1207.4861907958984,724.5949459075928
1702290298557,1202.520523071289,722.0833683013916
1702290298568,1205.6631469726562,719.9880695343018
1702290298579,1208.3079528808594,722.1242237091064
1702290298590,1216.4323425292969,723.3935737609863
1702290298628,1198.1995391845703,741.0359001159668
1702290298629,1215.4953002929688,741.1604404449463
1702290298634,nan,nan
1702290298645,nan,nan
1702290298657,nan,nan
1702290298667,nan,nan
1702290298678,nan,nan
1702290298689,nan,nan
1702290298699,nan,nan
1702290298717,nan,nan
1702290298763,nan,nan
1702290298764,nan,nan
1702290298765,nan,nan
1702290298781,nan,nan
1702290298792,nan,nan
1702290298803,nan,nan
1702290298814,nan,nan
1702290298825,nan,nan
1702290298836,nan,nan
1702290298848,nan,nan
1702290298858,nan,nan
1702290298877,nan,nan
1702290298915,nan,nan
1702290298919,nan,nan
1702290298930,nan,nan
1702290298941,nan,nan
1702290298952,nan,nan
1702290298963,nan,nan
1702290298974,nan,nan
1702290298985,nan,nan
1702290298996,nan,nan
1702290299007,nan,nan
1702290299045,nan,nan
1702290299046,nan,nan
1702290299052,nan,nan
1702290299063,nan,nan
1702290299074,nan,nan
1702290299085,nan,nan
1702290299096,nan,nan
1702290299107,nan,nan
1702290299119,nan,nan
1702290299129,nan,nan
1702290299140,nan,nan
1702290299152,nan,nan
1702290299163,nan,nan
1702290299194,nan,nan
1702290299196,nan,nan
1702290299210,nan,nan
1702290299219,nan,nan
1702290299229,nan,nan
1702290299241,nan,nan
1702290299252,nan,nan
1702290299262,nan,nan
1702290299274,nan,nan
1702290299286,nan,nan
1702290299296,nan,nan
1702290299330,nan,nan
1702290299331,nan,nan
1702290299346,nan,nan
1702290299353,nan,nan
1702290299362,nan,nan
1702290299375,nan,nan
1702290299385,nan,nan
1702290299395,nan,nan
1702290299407,nan,nan
1702290299419,nan,nan
1702290299429,nan,nan
1702290299440,nan,nan
1702290299487,nan,nan
1702290299488,nan,nan
1702290299496,nan,nan
1702290299507,nan,nan
1702290299520,nan,nan
1702290299529,nan,nan
1702290299540,nan,nan
1702290299552,nan,nan
1702290299562,nan,nan
1702290299573,nan,nan
1702290299584,nan,nan
1702290299595,nan,nan
1702290299629,nan,nan
1702290299630,nan,nan
1702290299645,nan,nan
1702290299652,nan,nan
1702290299661,nan,nan
1702290299673,nan,nan
1702290299684,nan,nan
1702290299695,nan,nan
1702290299706,nan,nan
1702290299718,nan,nan
1702290299728,nan,nan
1702290299740,nan,nan
1702290299760,nan,nan
1702290299779,nan,nan
1702290299785,nan,nan
1702290299795,nan,nan
1702290299808,nan,nan
1702290299818,nan,nan
1702290299828,nan,nan
1702290299840,nan,nan
1702290299851,nan,nan
1702290299862,nan,nan
1702290299873,nan,nan
1702290299913,nan,nan
1702290299919,nan,nan
1702290299928,nan,nan
1702290299941,nan,nan
1702290299952,nan,nan
1702290299962,nan,nan
1702290299974,nan,nan
1702290299985,nan,nan
1702290299995,nan,nan
1702290300007,nan,nan
1702290300018,nan,nan
1702290300050,nan,nan
1702290300051,nan,nan
1702290300052,nan,nan
1702290300067,nan,nan
1702290300073,nan,nan
1702290300085,nan,nan
1702290300095,nan,nan
1702290300107,nan,nan
1702290300118,nan,nan
1702290300127,nan,nan
1702290300139,nan,nan
1702290300179,nan,nan
1702290300180,nan,nan
1702290300185,nan,nan
1702290300194,nan,nan
1702290300208,nan,nan
1702290300218,nan,nan
1702290300228,nan,nan
1702290300240,nan,nan
1702290300252,nan,nan
1702290300261,nan,nan
1702290300272,nan,nan
1702290300284,nan,nan
1702290300294,nan,nan
1702290300328,nan,nan
1702290300343,nan,nan
1702290300350,nan,nan
1702290300361,nan,nan
1702290300373,nan,nan
1702290300384,nan,nan
1702290300394,nan,nan
1702290300406,nan,nan
1702290300417,nan,nan
1702290300428,nan,nan
1702290300465,nan,nan
1702290300466,nan,nan
1702290300473,nan,nan
1702290300484,nan,nan
1702290300495,nan,nan
1702290300506,nan,nan
1702290300517,nan,nan
1702290300527,nan,nan
1702290300539,nan,nan
1702290300551,nan,nan
1702290300561,nan,nan
1702290300573,nan,nan
1702290300594,nan,nan
1702290300616,nan,nan
1702290300617,nan,nan
1702290300631,nan,nan
1702290300639,nan,nan
1702290300650,nan,nan
1702290300661,nan,nan
1702290300672,nan,nan
1702290300684,nan,nan
1702290300694,nan,nan
1702290300706,nan,nan
1702290300717,nan,nan
1702290300748,nan,nan
1702290300751,nan,nan
1702290300763,nan,nan
1702290300773,nan,nan
1702290300784,nan,nan
1702290300794,nan,nan
1702290300806,nan,nan
1702290300817,nan,nan
1702290300828,nan,nan
1702290300839,nan,nan
1702290300851,nan,nan
1702290300861,nan,nan
1702290300899,nan,nan
1702290300900,nan,nan
1702290300906,nan,nan
1702290300918,nan,nan
1702290300929,nan,nan
1702290300939,nan,nan
1702290300951,nan,nan
1702290300961,nan,nan
1702290300973,nan,nan
1702290300984,nan,nan
1702290300995,nan,nan
1702290301032,nan,nan
1702290301033,nan,nan
1702290301039,nan,nan
1702290301050,nan,nan
1702290301063,nan,nan
1702290301072,nan,nan
1702290301084,nan,nan
1702290301094,nan,nan
1702290301106,nan,nan
1702290301117,nan,nan
1702290301127,nan,nan
1702290301139,nan,nan
1702290301180,nan,nan
1702290301182,nan,nan
1702290301184,nan,nan
1702290301196,nan,nan
1702290301206,nan,nan
1702290301217,nan,nan
1702290301227,nan,nan
1702290301239,nan,nan
1702290301251,nan,nan
1702290301261,nan,nan
1702290301272,nan,nan
1702290301284,nan,nan
1702290301317,nan,nan
1702290301334,nan,nan
1702290301340,nan,nan
1702290301351,nan,nan
1702290301361,nan,nan
1702290301372,nan,nan
1702290301384,nan,nan
1702290301395,nan,nan
1702290301406,nan,nan
1702290301424,nan,nan
1702290301447,nan,nan
1702290301448,nan,nan
1702290301451,nan,nan
1702290301462,nan,nan
1702290301472,nan,nan
1702290301484,nan,nan
1702290301495,nan,nan
1702290301513,nan,nan
1702290301529,nan,nan
1702290301540,nan,nan
1702290301579,nan,nan
1702290301580,nan,nan
1702290301585,nan,nan
1702290301596,nan,nan
1702290301609,nan,nan
1702290301618,nan,nan
1702290301629,nan,nan
1702290301640,nan,nan
1702290301652,918.8423919677734,888.9159107208252
1702290301663,883.5157012939453,906.110200881958
1702290301674,863.5361480712891,904.9401569366455
1702290301714,812.2079467773438,902.7377414703369
1702290301716,732.8685760498047,864.4006061553955
1702290301719,730.1430511474609,857.7317333221436
1702290301730,714.0244293212891,864.0839767456055
1702290301741,708.7798309326172,871.4184665679932
1702290301752,706.82861328125,873.0491638183594
1702290301763,720.6208038330078,873.7582969665527
1702290301775,716.5756988525391,873.9362239837646
1702290301786,716.7096710205078,875.5530166625977
1702290301796,706.7633056640625,883.983736038208
1702290301807,705.3943634033203,880.4404735565186
1702290301849,701.0599517822266,879.616756439209
1702290301852,702.8898620605469,861.3603973388672
1702290301864,691.5359497070312,832.9497528076172
1702290301876,686.1490631103516,826.7471981048584
1702290301885,692.8604888916016,830.6187629699707
1702290301896,693.7574005126953,845.3060245513916
1702290301907,697.5960540771484,843.6692333221436
1702290301918,697.7174377441406,842.2380924224854
1702290301930,690.5577850341797,836.1440277099609
1702290301941,690.8787536621094,836.035795211792
1702290301957,679.2707824707031,836.399974822998
1702290301982,676.0355377197266,841.8289375305176
1702290301983,671.7525482177734,841.1064147949219
1702290301985,681.4004516601562,832.6715755462646
1702290301998,684.654541015625,825.5682277679443
1702290302008,684.1921997070312,834.6758079528809
1702290302019,678.9818572998047,834.4252681732178
1702290302030,677.25830078125,833.1239032745361
1702290302041,678.2651519775391,830.2206802368164
1702290302052,680.89111328125,830.9380531311035
1702290302063,707.3380279541016,828.4980583190918
1702290302074,726.0716247558594,826.2234592437744
1702290302085,736.0197448730469,828.9599990844727
1702290302096,727.5109100341797,820.7435989379883
1702290302113,718.1034088134766,819.2189025878906
1702290302133,721.8077087402344,820.5758857727051
1702290302134,724.2720031738281,826.2851715087891
1702290302141,725.5396270751953,829.7142791748047
1702290302152,725.3131103515625,825.3546810150146
1702290302165,730.794677734375,826.9399738311768
1702290302174,732.5229644775391,831.6264152526855
1702290302185,731.0541534423828,835.878381729126
1702290302196,734.8103332519531,840.1909446716309
1702290302207,733.8921356201172,827.8192234039307
1702290302219,732.3408508300781,828.8458442687988
1702290302230,723.9456939697266,821.6831874847412
1702290302266,718.9287567138672,820.2269840240479
1702290302267,726.8375396728516,809.1774845123291
1702290302280,738.3448791503906,810.6452751159668
1702290302285,737.5881195068359,813.1605434417725
1702290302296,741.0274505615234,824.0188980102539
1702290302308,739.9378204345703,822.2474384307861
1702290302319,732.6123809814453,818.9696502685547
1702290302330,800.7822418212891,832.0188331604004
1702290302341,866.3682556152344,876.2315940856934
1702290302351,935.9908294677734,908.6631488800049
1702290302362,1201.0569763183594,1163.6873245239258
1702290302373,nan,nan
1702290302384,nan,nan
1702290302417,nan,nan
1702290302418,nan,nan
1702290302432,nan,nan
1702290302439,nan,nan
1702290302450,nan,nan
1702290302460,nan,nan
1702290302479,nan,nan
1702290302499,nan,nan
1702290302511,nan,nan
1702290302549,nan,nan
1702290302551,nan,nan
1702290302555,nan,nan
1702290302566,nan,nan
1702290302578,nan,nan
1702290302587,nan,nan
1702290302598,nan,nan
1702290302610,nan,nan
1702290302621,nan,nan
1702290302632,nan,nan
1702290302643,nan,nan
1702290302653,nan,nan
1702290302664,nan,nan
1702290302699,nan,nan
1702290302700,nan,nan
1702290302717,nan,nan
1702290302720,nan,nan
1702290302732,nan,nan
1702290302743,nan,nan
1702290302754,nan,nan
1702290302765,nan,nan
1702290302776,nan,nan
1702290302787,nan,nan
1702290302798,nan,nan
1702290302830,nan,nan
1702290302831,nan,nan
1702290302844,nan,nan
1702290302854,nan,nan
1702290302863,nan,nan
1702290302876,nan,nan
1702290302887,nan,nan
1702290302897,nan,nan
1702290302911,nan,nan
1702290302920,nan,nan
1702290302930,nan,nan
1702290302943,nan,nan
1702290302985,nan,nan
1702290302986,nan,nan
1702290302987,nan,nan
1702290303004,nan,nan
1702290303010,nan,nan
1702290303021,nan,nan
1702290303031,nan,nan
1702290303042,nan,nan
1702290303054,nan,nan
1702290303064,nan,nan
1702290303075,nan,nan
1702290303087,nan,nan
1702290303098,nan,nan
1702290303119,nan,nan
1702290303138,nan,nan
1702290303139,nan,nan
1702290303142,nan,nan
1702290303154,nan,nan
1702290303164,nan,nan
1702290303175,nan,nan
1702290303187,nan,nan
1702290303198,nan,nan
1702290303209,nan,nan
1702290303220,nan,nan
1702290303231,nan,nan
1702290303267,nan,nan
1702290303268,nan,nan
1702290303282,nan,nan
1702290303288,nan,nan
1702290303298,nan,nan
1702290303310,nan,nan
1702290303328,nan,nan
1702290303343,nan,nan
1702290303354,nan,nan
1702290303365,nan,nan
1702290303377,nan,nan
1702290303414,nan,nan
1702290303420,nan,nan
1702290303439,nan,nan
1702290303457,nan,nan
1702290303474,nan,nan
1702290303491,nan,nan
1702290303503,nan,nan
1702290303513,nan,nan
1702290303551,nan,nan
1702290303552,472.6831817626953,867.8769207000732
1702290303566,470.3733253479004,871.3416481018066
1702290303570,460.89067459106445,870.559515953064
1702290303582,460.50928115844727,865.5081224441528
1702290303592,452.5883483886719,858.136510848999
1702290303603,446.8863868713379,860.3278970718384
1702290303615,437.1380805969238,859.8666000366211
1702290303626,442.0085334777832,858.2960271835327
1702290303636,438.1501007080078,850.7307815551758
1702290303647,437.39795684814453,849.5173072814941
1702290303658,436.55431747436523,851.7220401763916
1702290303699,439.7323226928711,847.2115516662598
1702290303700,441.7044258117676,846.0907745361328
1702290303703,868.7921142578125,914.7604751586914
1702290303714,1020.8899688720703,939.1387939453125
1702290303725,1115.760498046875,946.8339014053345
1702290303736,1188.350486755371,963.9800834655762
1702290303748,1189.4206237792969,965.8761692047119
1702290303759,1196.185302734375,974.3701457977295
1702290303770,1187.532844543457,970.0690412521362
1702290303781,1190.236587524414,970.0096893310547
1702290303792,1187.143669128418,965.6062746047974
1702290303803,1198.647117614746,967.0319223403931
1702290303814,1201.349754333496,966.305193901062
1702290303848,1201.0247421264648,967.4327945709229
1702290303849,1195.8942794799805,961.8384790420532
1702290303863,1190.2921676635742,957.4528741836548
1702290303869,1184.0241622924805,964.5685386657715
1702290303881,1191.601333618164,967.3832702636719
1702290303892,1197.8734588623047,967.6947069168091
1702290303903,1200.490951538086,967.015528678894
1702290303914,1206.6989135742188,962.6340007781982
1702290303925,1218.129653930664,952.2422218322754
1702290303937,1237.0232772827148,934.2253732681274
1702290303947,1237.6171493530273,931.4124870300293
1702290303981,1237.237548828125,926.1151027679443
1702290303982,1236.8804931640625,920.1790523529053
1702290303997,1240.531120300293,919.9954605102539
1702290304003,1238.9899444580078,919.180326461792
1702290304014,1258.986701965332,923.2623910903931
1702290304025,1378.7369537353516,935.1219606399536
1702290304036,1625.6822204589844,954.6280145645142
1702290304048,1850.9696197509766,967.1292972564697
1702290304058,2007.9729461669922,967.0462989807129
1702290304069,2059.8776245117188,968.8068580627441
1702290304081,2059.6791076660156,969.8305177688599
1702290304116,2062.1505737304688,977.3091173171997
1702290304117,2056.3777923583984,982.1082973480225
1702290304132,2066.2838745117188,983.3988904953003
1702290304136,2059.6324920654297,987.4072694778442
1702290304147,2058.6912536621094,984.975643157959
1702290304158,2051.7765045166016,988.0215167999268
1702290304169,2051.4022827148438,990.3991556167603
1702290304181,2050.765380859375,994.3368530273438
1702290304192,2043.9000701904297,1000.8700704574585
1702290304203,1991.7008972167969,1021.4986181259155
1702290304214,1973.085708618164,1033.781247138977
1702290304250,1941.6033172607422,1042.8156566619873
1702290304251,1951.8142700195312,1051.746597290039
1702290304258,1954.2984771728516,1053.9003038406372
1702290304270,1943.6372375488281,1053.8949823379517
1702290304282,1946.0797119140625,1051.0876750946045
1702290304291,1941.663818359375,1047.373480796814
1702290304302,1945.4891204833984,1048.2981777191162
1702290304314,1941.861343383789,1046.5564584732056
1702290304324,1947.8626251220703,1049.9090909957886
1702290304335,1940.6160736083984,1046.1254167556763
1702290304347,1940.7354736328125,1044.362154006958
1702290304358,1941.1442565917969,1041.4724493026733
1702290304379,1945.2180480957031,1044.5108127593994
1702290304399,1949.1921997070312,1052.6078653335571
1702290304400,1949.9495697021484,1054.3122053146362
1702290304402,1952.9705047607422,1053.946566581726
1702290304414,1949.1080474853516,1046.4764642715454
1702290304424,1946.7987823486328,1044.8513460159302
1702290304436,1943.7691497802734,1043.1139612197876
1702290304447,1946.1725616455078,1048.8332033157349
1702290304458,1942.9924774169922,1048.957872390747
1702290304469,1945.5501556396484,1055.281319618225
1702290304480,1947.1827697753906,1050.225591659546
1702290304491,1946.7737579345703,1056.281762123108
1702290304502,1946.1312103271484,1052.9565525054932
1702290304533,1954.0325927734375,1060.6158685684204
1702290304534,1959.5157623291016,1067.999153137207
1702290304549,1816.1341857910156,1010.9286117553711
1702290304556,nan,nan
1702290304567,nan,nan
1702290304579,nan,nan
1702290304590,nan,nan
1702290304600,nan,nan
1702290304612,nan,nan
1702290304623,nan,nan
1702290304633,nan,nan
1702290304667,nan,nan
1702290304668,nan,nan
1702290304682,nan,nan
1702290304693,nan,nan
1702290304713,nan,nan
1702290304724,nan,nan
1702290304734,nan,nan
1702290304745,nan,nan
1702290304757,nan,nan
1702290304767,nan,nan
1702290304778,nan,nan
1702290304818,nan,nan
1702290304823,nan,nan
1702290304834,nan,nan
1702290304846,nan,nan
1702290304857,nan,nan
1702290304867,nan,nan
1702290304878,nan,nan
1702290304890,nan,nan
1702290304900,nan,nan
1702290304912,nan,nan
1702290304950,nan,nan
1702290304951,nan,nan
1702290304956,nan,nan
1702290304967,nan,nan
1702290304979,nan,nan
1702290304990,nan,nan
1702290305000,nan,nan
1702290305012,nan,nan
1702290305023,nan,nan
1702290305033,nan,nan
1702290305045,nan,nan
1702290305084,nan,nan
1702290305085,nan,nan
1702290305090,nan,nan
1702290305101,nan,nan
1702290305112,nan,nan
1702290305123,nan,nan
1702290305133,nan,nan
1702290305145,nan,nan
1702290305156,nan,nan
1702290305167,nan,nan
1702290305178,nan,nan
1702290305190,nan,nan
1702290305200,nan,nan
1702290305235,nan,nan
1702290305250,nan,nan
1702290305256,nan,nan
1702290305267,nan,nan
1702290305279,nan,nan
1702290305290,nan,nan
1702290305300,nan,nan
1702290305312,nan,nan
1702290305323,nan,nan
1702290305333,nan,nan
1702290305345,nan,nan
1702290305367,nan,nan
1702290305386,nan,nan
1702290305387,nan,nan
1702290305390,nan,nan
1702290305401,nan,nan
1702290305412,nan,nan
1702290305424,nan,nan
1702290305434,nan,nan
1702290305445,nan,nan
1702290305457,nan,nan
1702290305475,nan,nan
1702290305517,nan,nan
1702290305522,nan,nan
1702290305534,nan,nan
1702290305546,nan,nan
1702290305556,nan,nan
1702290305566,nan,nan
1702290305583,nan,nan
1702290305603,nan,nan
1702290305620,nan,nan
1702290305650,nan,nan
1702290305651,nan,nan
1702290305658,1257.4657440185547,814.2311954498291
1702290305670,1261.8806457519531,832.1057796478271
1702290305682,1266.0973358154297,829.7201156616211
1702290305692,1267.8578186035156,836.4258098602295
1702290305703,1265.5718231201172,837.4150943756104
1702290305714,1279.9168395996094,838.4062671661377
1702290305725,1277.285385131836,839.8547458648682
1702290305736,1276.7853546142578,837.9808902740479
1702290305748,1263.4733581542969,838.5434246063232
1702290305782,1267.4786376953125,830.524435043335
1702290305797,1263.7287139892578,823.8589954376221
1702290305803,1263.513412475586,819.4951915740967
1702290305816,1262.9268646240234,821.2634754180908
1702290305824,1269.839096069336,820.1693916320801
1702290305836,1269.6280670166016,827.8197383880615
1702290305847,1269.9850463867188,832.223539352417
1702290305858,1243.7754821777344,843.019323348999
1702290305869,1209.5690155029297,854.8210430145264
1702290305880,1191.9144439697266,853.4351348876953
1702290305916,1199.336929321289,849.5059776306152
1702290305917,1192.398681640625,852.8518295288086
1702290305931,1199.0768432617188,857.9066562652588
1702290305937,1205.0511169433594,860.3690528869629
1702290305949,1205.5875396728516,865.2281856536865
1702290305958,1201.917495727539,868.1887435913086
1702290305969,1203.2437133789062,863.0586433410645
1702290305980,1194.5569610595703,858.3279991149902
1702290305992,1193.5822296142578,851.4479827880859
1702290306003,1190.3677368164062,854.1229820251465
1702290306014,1192.400131225586,852.0403003692627
1702290306050,1194.3865203857422,850.6277847290039
1702290306051,1199.2314910888672,853.0034065246582
1702290306067,1205.9888458251953,861.0838508605957
1702290306069,1212.6657104492188,856.2608528137207
1702290306081,1209.7943878173828,855.9916019439697
1702290306092,1205.2986145019531,845.544376373291
1702290306103,1193.9337158203125,849.7185802459717
1702290306114,1206.2274169921875,856.4989471435547
1702290306125,1202.8202819824219,857.6760292053223
1702290306136,1176.662368774414,852.7470302581787
1702290306147,1154.0758514404297,847.6673126220703
1702290306158,1138.5726928710938,847.8523635864258
1702290306169,1143.4249114990234,851.108865737915
1702290306200,1146.0917663574219,845.4431819915771
1702290306201,1150.4049682617188,839.6388816833496
1702290306202,1137.9722595214844,835.3669166564941
1702290306216,1133.057632446289,843.3719158172607
1702290306225,1127.5334930419922,853.5279178619385
1702290306236,1135.2287292480469,858.576135635376
1702290306247,1134.006118774414,857.2965717315674
1702290306258,1153.0554962158203,855.9976959228516
1702290306269,1222.8488159179688,871.131706237793
1702290306280,1257.8602600097656,876.8203926086426
1702290306291,1276.7141723632812,881.1311531066895
1702290306333,1277.5169372558594,884.6987056732178
1702290306334,1277.4765014648438,886.4337730407715
1702290306336,1278.5761260986328,883.652172088623
