timestamp,x,y
1706174300852,0.5239952206611633,0.5909745395183563
1706174300863,0.524393230676651,0.5907565951347351
1706174300874,0.5253975689411163,0.5854824781417847
1706174300885,0.5248527228832245,0.5816478729248047
1706174300920,0.5241104662418365,0.5825043618679047
1706174300921,0.5224243998527527,0.5811153948307037
1706174300922,0.5240592658519745,0.5824916958808899
1706174300929,0.5252353549003601,0.5815493762493134
1706174300946,0.5280199944972992,0.5785865485668182
1706174300951,0.5338576436042786,0.532501757144928
1706174300964,0.5415671169757843,0.4467349201440811
1706174300973,0.5629534125328064,0.2456953004002571
1706174300985,0.5680595934391022,0.18140681833028793
1706174300996,0.5715402364730835,0.1481778770685196
1706174301007,0.5718081891536713,0.13454323261976242
1706174301018,0.5692823231220245,0.13561593741178513
1706174301029,0.5711406469345093,0.13645512610673904
1706174301040,0.5721994936466217,0.13998304307460785
1706174301052,0.5724647641181946,0.14263585954904556
1706174301087,0.5730500519275665,0.142233707010746
1706174301088,0.5731119215488434,0.13814449310302734
1706174301088,0.5733634829521179,0.13894488662481308
1706174301095,0.571420282125473,0.14149779081344604
1706174301106,0.5737385749816895,0.1445590779185295
1706174301118,0.5745458006858826,0.14674323797225952
1706174301128,0.5764405727386475,0.14244115352630615
1706174301139,0.5744748711585999,0.14596132189035416
1706174301151,0.5714375674724579,0.1435687243938446
1706174301162,0.552344560623169,0.14062226563692093
1706174301173,0.47993452847003937,0.13205339759588242
1706174301183,0.4551887959241867,0.1336756981909275
1706174301195,0.38688182830810547,0.13566064834594727
1706174301235,0.28462304174900055,0.12710469216108322
1706174301236,0.2875828891992569,0.12068141996860504
1706174301236,0.2852759510278702,0.11960968375205994
1706174301240,0.2865331321954727,0.11629004776477814
1706174301251,0.28291621804237366,0.11305662617087364
1706174301264,0.282220259308815,0.115825604647398
1706174301273,0.2819080203771591,0.11359305679798126
1706174301284,0.2825840562582016,0.11701012030243874
1706174301295,0.28320562839508057,0.11320076882839203
1706174301307,0.2816464453935623,0.11239069327712059
1706174301318,0.26868976652622223,0.1121550016105175
1706174301329,0.24069959670305252,0.11094872280955315
1706174301340,0.17848754674196243,0.11293232068419456
1706174301361,0.16566330939531326,0.11407485976815224
1706174301382,0.16462471336126328,0.11735588312149048
1706174301382,0.16618455201387405,0.12186980992555618
1706174301384,0.16474977880716324,0.12689678370952606
1706174301399,0.16158881038427353,0.12653596699237823
1706174301407,0.1617022529244423,0.12081332504749298
1706174301418,0.16244439035654068,0.1149338148534298
1706174301429,0.16271448880434036,0.11394714564085007
1706174301440,0.16144533455371857,0.11377410218119621
1706174301451,0.16029292345046997,0.11442283913493156
1706174301462,0.15969176590442657,0.1142127737402916
1706174301473,0.15780600905418396,0.1157708540558815
1706174301484,0.1569957584142685,0.11000808700919151
1706174301529,0.1580500826239586,0.10892222821712494
1706174301531,0.1544104889035225,0.11022008955478668
1706174301531,0.16054601967334747,0.258369117975235
1706174301531,0.16054601967334747,0.258369117975235
1706174301538,nan,nan
1706174301555,nan,nan
1706174301561,nan,nan
1706174301572,nan,nan
1706174301584,0.22259452939033508,0.644061803817749
1706174301594,0.22259452939033508,0.644061803817749
1706174301606,0.31644342839717865,0.4500134289264679
1706174301617,0.2996039390563965,0.32743310928344727
1706174301629,0.3051087409257889,0.2112153172492981
1706174301640,0.3018566220998764,0.10541407018899918
1706174301650,0.31880058348178864,0.07241620123386383
1706174301661,0.32351236045360565,0.10213708505034447
1706174301702,0.3214861750602722,0.09952157363295555
1706174301703,0.3216538429260254,0.09341834113001823
1706174301703,0.3219306170940399,0.08961718901991844
1706174301706,0.3212098181247711,0.08568355068564415
1706174301719,0.3207595646381378,0.08682891353964806
1706174301728,0.3217472583055496,0.08498964458703995
1706174301740,0.32113219797611237,0.08933567255735397
1706174301750,0.32789747416973114,0.08498383313417435
1706174301762,0.35109153389930725,0.08426212146878242
1706174301773,0.4147006571292877,0.07949092611670494
1706174301784,0.43488410115242004,0.08001745864748955
1706174301795,0.44031308591365814,0.07758007943630219
1706174301806,0.4384044408798218,0.07890133559703827
1706174301817,0.43829190731048584,0.07941959425806999
1706174301853,0.43842165172100067,0.0819048248231411
1706174301854,0.4388071894645691,0.08182776719331741
1706174301854,0.43796704709529877,0.07946256175637245
1706174301862,0.4374830722808838,0.0766238421201706
1706174301874,0.4396383464336395,0.07875503972172737
1706174301884,0.4412086009979248,0.08106691762804985
1706174301897,0.44330212473869324,0.08231405168771744
1706174301906,0.4414616823196411,0.07950447872281075
1706174301918,0.43823792040348053,0.07806409150362015
1706174301929,0.4448842406272888,0.07852911204099655
1706174301940,0.4808100163936615,0.07664097845554352
1706174301951,0.5044526755809784,0.07866718992590904
1706174301962,0.5217294692993164,0.07511548697948456
1706174301983,0.5336935818195343,0.07518836110830307
1706174302012,0.5324808955192566,0.07617833465337753
1706174302014,0.5319427847862244,0.0754430778324604
1706174302014,0.5330778062343597,0.07669086381793022
1706174302018,0.5318807363510132,0.07591437175869942
1706174302034,0.5319187045097351,0.07474098727107048
1706174302039,0.5316707789897919,0.07501521706581116
1706174302051,0.532185286283493,0.07152608409523964
1706174302062,0.5326375663280487,0.07197244837880135
1706174302072,0.534494549036026,0.07310589030385017
1706174302084,0.5366140007972717,0.07349255308508873
1706174302095,0.5376453101634979,0.07459398731589317
1706174302106,0.5386224091053009,0.07770410552620888
1706174302117,0.5383225977420807,0.07830745354294777
1706174302129,0.5382794439792633,0.07772749662399292
1706174302140,0.5378691256046295,0.07298501953482628
1706174302151,0.5406358540058136,0.07475630193948746
1706174302187,0.5556644201278687,0.07554072886705399
1706174302187,0.5984050929546356,0.071950513869524
1706174302187,0.6113296747207642,0.07013766840100288
1706174302195,0.6139729619026184,0.06517010554671288
1706174302206,0.6099433898925781,0.06520537845790386
1706174302219,0.6099884808063507,0.06746285036206245
1706174302229,0.6103506982326508,0.07093560323119164
1706174302239,0.6100254952907562,0.07376701012253761
1706174302250,0.6091303527355194,0.07596538960933685
1706174302261,0.6090052127838135,0.0750776045024395
1706174302272,0.6085509657859802,0.07248438149690628
1706174302284,0.609134167432785,0.07200057059526443
1706174302295,0.6093739569187164,0.0727284699678421
1706174302339,0.6108660995960236,0.07364773005247116
1706174302340,0.6118578314781189,0.07283155992627144
1706174302340,0.6046846210956573,0.0737050361931324
1706174302340,0.5506643950939178,0.07473737560212612
1706174302350,0.5181755274534225,0.07348453626036644
1706174302368,0.43158572912216187,0.08267817087471485
1706174302373,0.25088509917259216,0.10808177664875984
1706174302385,0.2231210097670555,0.11474074795842171
1706174302395,0.1877169907093048,0.13093924149870872
1706174302406,0.15735292434692383,0.13542001321911812
1706174302417,0.15698354691267014,0.1379399299621582
1706174302429,0.15514889359474182,0.13368059694766998
1706174302439,0.15634864568710327,0.13542557507753372
1706174302450,0.15497978776693344,0.13118594139814377
1706174302461,0.1547393575310707,0.13035035133361816
1706174302506,0.15486180037260056,0.13028505444526672
1706174302507,0.1579590067267418,0.1311098374426365
1706174302507,0.15876706689596176,0.1345544420182705
1706174302507,0.18047524243593216,0.13603708893060684
1706174302521,0.21612627059221268,0.134730264544487
1706174302528,0.2846369445323944,0.12286391481757164
1706174302540,0.4464665502309799,0.09247520193457603
1706174302550,0.501730278134346,0.08656605705618858
1706174302562,0.5409913063049316,0.07529987394809723
1706174302573,0.5727404356002808,0.07195502147078514
1706174302584,0.571418821811676,0.07315337657928467
1706174302595,0.5690380036830902,0.07527028396725655
1706174302606,0.5705638825893402,0.07563729211688042
1706174302617,0.5726531445980072,0.0706918053328991
1706174302651,0.5730165243148804,0.07170326262712479
1706174302652,0.5721042156219482,0.07210063189268112
1706174302652,0.5703403055667877,0.07506930083036423
1706174302668,0.5708558857440948,0.06968192756175995
1706174302672,0.5707466900348663,0.06678140535950661
1706174302683,0.5698673129081726,0.06562412157654762
1706174302694,0.5759094953536987,0.06893488392233849
1706174302705,0.59931680560112,0.06910883635282516
1706174302716,0.6076022684574127,0.06272745877504349
1706174302728,0.6123324036598206,0.059564366936683655
1706174302738,0.6126842200756073,0.05827464908361435
1706174302750,0.6142444312572479,0.06198793835937977
1706174302761,0.6153768301010132,0.06240838207304478
1706174302772,0.6137446761131287,0.06099253334105015
1706174302805,0.6128807961940765,0.05990043096244335
1706174302806,0.6121101677417755,0.06501954793930054
1706174302806,0.6119058430194855,0.0688515231013298
1706174302822,0.6053065657615662,0.07429802417755127
1706174302828,0.5740480124950409,0.07304316945374012
1706174302839,0.4621712565422058,0.0873822271823883
1706174302849,0.42923814058303833,0.09227349236607552
1706174302861,0.3331395387649536,0.11413507908582687
1706174302872,0.14890144020318985,0.15217358246445656
1706174302883,0.14094427973031998,0.15140674263238907
1706174302894,0.11211024597287178,0.16244378685951233
1706174302905,0.07850171998143196,0.1685754731297493
1706174302917,0.07540397346019745,0.16628777235746384
1706174302928,0.07381704822182655,0.16823489218950272
1706174302970,0.07697230204939842,0.16829778254032135
1706174302970,0.07507162541151047,0.17061176896095276
1706174302970,0.07308681681752205,0.16982022672891617
1706174302972,0.07394418865442276,0.1709555685520172
1706174302987,0.0740613341331482,0.16999033838510513
1706174302995,0.07410133630037308,0.17177839577198029
1706174303007,0.07264431565999985,0.17257973551750183
1706174303016,0.07324026897549629,0.17117471247911453
1706174303028,0.0751640759408474,0.16777809709310532
1706174303038,0.07425321079790592,0.16826071590185165
1706174303049,0.07259765826165676,0.16714268177747726
1706174303061,0.06972525268793106,0.16689810156822205
1706174303072,0.07167193293571472,0.166554756462574
1706174303083,0.07318823784589767,0.1695902869105339
1706174303116,0.07420572638511658,0.17070172727108002
1706174303117,0.08322595804929733,0.1667366698384285
1706174303117,0.09353742003440857,0.16421545296907425
1706174303134,0.10497613251209259,0.16434436291456223
1706174303138,0.12127004936337471,0.1594705432653427
1706174303150,0.12015614658594131,0.15979639440774918
1706174303161,0.11925229802727699,0.15558123588562012
1706174303172,0.11843404546380043,0.1545267105102539
1706174303183,0.11881641671061516,0.1557977944612503
1706174303194,0.11965912953019142,0.1564863622188568
1706174303205,0.11959274858236313,0.1613764986395836
1706174303216,0.12156786769628525,0.16112270951271057
1706174303255,0.12209416180849075,0.16196706146001816
1706174303255,0.1222158670425415,0.1603633612394333
1706174303255,0.1223902590572834,0.15834355354309082
1706174303261,0.12326334044337273,0.15801436454057693
1706174303273,0.12528527528047562,0.15745725482702255
1706174303283,0.13447228074073792,0.1558348536491394
1706174303294,0.16067278385162354,0.15282002836465836
1706174303305,0.22523359954357147,0.1485612466931343
1706174303316,0.24271750450134277,0.14759164303541183
1706174303328,0.24754329770803452,0.1447765976190567
1706174303339,0.24547561258077621,0.14559464901685715
1706174303350,0.24480660259723663,0.14399759471416473
1706174303361,0.24745047092437744,0.1410449929535389
1706174303401,0.247426375746727,0.1416480727493763
1706174303401,0.2461383193731308,0.14120087400078773
1706174303401,0.2433616891503334,0.14112915843725204
1706174303405,0.2440398931503296,0.13957206159830093
1706174303418,0.24526359885931015,0.1407020017504692
1706174303427,0.24609971046447754,0.14208565652370453
1706174303438,0.24601509422063828,0.14055919647216797
1706174303449,0.24817059934139252,0.13700417801737785
1706174303460,0.2510245814919472,0.13132694363594055
1706174303471,0.2620871663093567,0.19639362394809723
1706174303481,0.28240859508514404,0.31495946645736694
1706174303492,0.2956945598125458,0.4662066400051117
1706174303503,nan,nan
1706174303514,nan,nan
1706174303551,nan,nan
1706174303551,nan,nan
1706174303551,nan,nan
1706174303560,0.4702434539794922,0.38989943265914917
1706174303571,0.45433327555656433,0.5847368836402893
1706174303584,0.44005224108695984,0.5254554748535156
1706174303594,0.42690126597881317,0.46697379648685455
1706174303605,0.38582415878772736,0.1943809650838375
1706174303616,0.3718864321708679,0.1269940845668316
1706174303627,0.3714328557252884,0.14367936551570892
1706174303638,0.37205770611763,0.13998789340257645
1706174303650,0.37243278324604034,0.14262253418564796
1706174303661,0.37225571274757385,0.13827941566705704
1706174303702,0.3708207309246063,0.1365220583975315
1706174303702,0.3710593283176422,0.1429947018623352
1706174303702,0.3711725324392319,0.14170200377702713
1706174303705,0.3718220442533493,0.13763367384672165
1706174303718,0.3688473552465439,0.12908430397510529
1706174303728,0.3531173765659332,0.13436057791113853
1706174303739,0.2870590388774872,0.14542026445269585
1706174303750,0.2541655898094177,0.15600727498531342
1706174303760,0.20605962723493576,0.15862366557121277
1706174303771,0.1481364592909813,0.14828599989414215
1706174303782,0.14501995593309402,0.1455191671848297
1706174303793,0.14755525439977646,0.14632223546504974
1706174303804,0.14585914462804794,0.1526782140135765
1706174303816,0.14540968090295792,0.15356715768575668
1706174303850,0.14449430257081985,0.14929649233818054
1706174303851,0.14646120369434357,0.14639122784137726
1706174303851,0.14620816707611084,0.1464473381638527
1706174303867,0.14705391228199005,0.15441665053367615
1706174303871,0.1449841633439064,0.15492811053991318
1706174303884,0.14571987837553024,0.15574204921722412
1706174303894,0.146030493080616,0.1515185534954071
1706174303904,0.13742154091596603,0.15751731395721436
1706174303916,0.12836577743291855,0.15987659990787506
1706174303927,0.1198018416762352,0.16295210272073746
1706174303938,0.11076150834560394,0.15936072170734406
1706174303949,0.11139720678329468,0.1567579209804535
1706174303961,0.11041714996099472,0.15782327950000763
1706174304002,0.1129334568977356,0.16054543107748032
1706174304002,0.11495189741253853,0.16390398889780045
1706174304002,0.11678953841328621,0.16487903892993927
1706174304005,0.115830197930336,0.1673487350344658
1706174304017,0.11395188048481941,0.16880549490451813
1706174304028,0.11244941875338554,0.16602616012096405
1706174304038,0.11351453512907028,0.1613888293504715
1706174304049,0.11352535709738731,0.1615661010146141
1706174304061,0.1138802208006382,0.15868963301181793
1706174304071,0.11365175247192383,0.1543923020362854
1706174304083,0.11387527734041214,0.15047572553157806
1706174304094,0.11410516873002052,0.15100909024477005
1706174304105,0.10564644262194633,0.15670964866876602
1706174304116,0.09716032445430756,0.1599668264389038
1706174304151,0.09031320363283157,0.15631520003080368
1706174304151,0.0795179009437561,0.15337199717760086
1706174304151,0.07960494607686996,0.15091821551322937
1706174304160,0.0785459652543068,0.15917278081178665
1706174304171,0.08178897574543953,0.1595234051346779
1706174304183,0.08373221755027771,0.1614535003900528
1706174304194,0.0844610296189785,0.15779074281454086
1706174304204,0.08125154674053192,0.158706896007061
1706174304215,0.08215354382991791,0.16013211011886597
1706174304227,0.0813630148768425,0.1592373549938202
1706174304237,0.0830417163670063,0.15618932992219925
1706174304249,0.0837264321744442,0.15211595594882965
1706174304260,0.08615297824144363,0.15217852592468262
1706174304305,0.08652281761169434,0.15680281817913055
1706174304306,0.09710754454135895,0.1618162989616394
1706174304306,0.1247146874666214,0.16343014687299728
1706174304306,0.2015586569905281,0.15753207355737686
1706174304320,0.22119727730751038,0.15271305292844772
1706174304327,0.22921257466077805,0.14655356109142303
1706174304338,0.2315274477005005,0.14571692049503326
1706174304349,0.23163887113332748,0.14310673624277115
1706174304360,0.23235470056533813,0.14444275200366974
1706174304371,0.23411669582128525,0.14825385808944702
1706174304382,0.23537707328796387,0.14990675449371338
1706174304394,0.2344699129462242,0.14921265095472336
1706174304404,0.23322132974863052,0.14262526482343674
1706174304416,0.23322555422782898,0.14101643860340118
1706174304449,0.23328012973070145,0.14173022657632828
1706174304449,0.23539606481790543,0.14574413001537323
1706174304450,0.24803292751312256,0.1536668762564659
1706174304464,0.28381340205669403,0.15506847947835922
1706174304471,0.3685927838087082,0.16285771131515503
1706174304483,0.3905639946460724,0.15777677297592163
1706174304494,0.3974262923002243,0.1586490198969841
1706174304505,0.39386045932769775,0.15766752511262894
1706174304515,0.39427611231803894,0.15850622206926346
1706174304526,0.3946484178304672,0.15893089771270752
1706174304537,0.39820632338523865,0.16025392711162567
1706174304549,0.3976510763168335,0.16223201900720596
1706174304560,0.3995336443185806,0.16016820073127747
1706174304603,0.397902250289917,0.1604287549853325
1706174304603,0.39848707616329193,0.15607734769582748
1706174304604,0.39829348027706146,0.1531664803624153
1706174304604,0.39988358318805695,0.15169895440340042
1706174304619,0.4003729522228241,0.15166790038347244
1706174304627,0.40175242722034454,0.1486842781305313
1706174304639,0.40212661027908325,0.1476977989077568
1706174304649,0.4034162312746048,0.14768528938293457
1706174304660,0.41381724178791046,0.15017136931419373
1706174304671,0.44930723309516907,0.1422366052865982
1706174304682,0.46374066174030304,0.14511214196681976
1706174304694,0.47121892869472504,0.1432369351387024
1706174304704,0.4727679342031479,0.14621231704950333
1706174304715,0.4729093760251999,0.14680173993110657
1706174304759,0.47481299936771393,0.14973784238100052
1706174304761,0.47327256202697754,0.14820457994937897
1706174304761,0.47224149107933044,0.14612848311662674
1706174304761,0.4701273739337921,0.14451758563518524
1706174304775,0.47158707678318024,0.14091255515813828
1706174304782,0.47216129302978516,0.1408425197005272
1706174304793,0.47425514459609985,0.13988091796636581
1706174304804,0.4731963723897934,0.14287487417459488
1706174304815,0.46282611787319183,0.14276141673326492
1706174304826,0.44070737063884735,0.14969047904014587
1706174304837,0.39386802911758423,0.1621914505958557
1706174304849,0.3826588839292526,0.16065358370542526
1706174304860,0.38264764845371246,0.15904929488897324
1706174304871,0.38890157639980316,0.15566839277744293
1706174304903,0.39084792137145996,0.15482528507709503
1706174304903,0.3911686837673187,0.15275435894727707
1706174304904,0.38904431462287903,0.15358047932386398
1706174304920,0.38917358219623566,0.1542060449719429
1706174304928,0.3887326270341873,0.1524769514799118
1706174304937,0.4086807370185852,0.15505092591047287
1706174304948,0.43218134343624115,0.15703494101762772
1706174304959,0.46418890357017517,0.15768494457006454
1706174304970,0.5110379457473755,0.14838192611932755
1706174304981,0.5165739953517914,0.1531182825565338
1706174304993,0.5161173343658447,0.15316485613584518
1706174305004,0.5153989791870117,0.14792266488075256
1706174305015,0.5149904489517212,0.1466090828180313
1706174305053,0.5154231190681458,0.1422833651304245
1706174305054,0.5162473917007446,0.1416538581252098
1706174305054,0.5161270797252655,0.1343618966639042
1706174305060,0.5163354277610779,0.13749665766954422
1706174305071,0.516271710395813,0.14178836718201637
1706174305082,0.5167547166347504,0.1459254026412964
1706174305093,0.5169840157032013,0.14439614117145538
1706174305104,0.5177456140518188,0.142135888338089
1706174305115,0.5218696296215057,0.1455032303929329
1706174305126,0.5274940729141235,0.1496146246790886
1706174305137,0.53729248046875,0.15807675570249557
1706174305149,0.5373208522796631,0.15945352613925934
1706174305160,0.5372720956802368,0.15772812068462372
1706174305171,0.5360962748527527,0.1582537218928337
1706174305208,0.534917026758194,0.15375325083732605
1706174305209,0.5353734195232391,0.15534213185310364
1706174305209,0.5353100597858429,0.1513638198375702
1706174305215,0.5375652313232422,0.15427597612142563
1706174305227,0.5367155075073242,0.14979098737239838
1706174305238,0.5392219722270966,0.15019168704748154
1706174305249,0.537398636341095,0.14853449910879135
1706174305260,0.5400146245956421,0.15354076772928238
1706174305270,0.5660059750080109,0.13135014474391937
1706174305281,0.5911660194396973,0.12254682555794716
1706174305292,0.6204014420509338,0.10595659539103508
1706174305303,0.6511918902397156,0.08744774386286736
1706174305314,0.6525986194610596,0.08397813513875008
1706174305354,0.6516282856464386,0.08399375528097153
1706174305355,0.6539378762245178,0.08867595344781876
1706174305355,0.651170402765274,0.08907969668507576
1706174305359,0.6487830877304077,0.08820730075240135
1706174305372,0.6478347480297089,0.08763008937239647
1706174305381,0.6499160826206207,0.08609124273061752
1706174305393,0.6500062644481659,0.08744272589683533
1706174305403,0.6513319611549377,0.08364496752619743
1706174305415,0.6491611003875732,0.0814393125474453
1706174305426,0.6480434536933899,0.06692625395953655
1706174305437,0.6569648683071136,0.15110095590353012
1706174305447,0.660645604133606,0.17703209072351456
1706174305458,0.6685232222080231,0.26062867045402527
1706174305468,nan,nan
1706174305502,nan,nan
1706174305503,nan,nan
1706174305503,nan,nan
1706174305519,nan,nan
1706174305526,nan,nan
1706174305535,nan,nan
1706174305547,nan,nan
1706174305559,0.7107708156108856,0.22648638486862183
1706174305570,0.6956606805324554,0.2706286162137985
1706174305581,0.6956606805324554,0.2706286162137985
1706174305593,0.6665768027305603,0.20836521685123444
1706174305604,0.6161586344242096,0.10845278576016426
1706174305615,0.6114048659801483,0.13304626941680908
1706174305653,0.5958800911903381,0.2142433002591133
1706174305653,0.5677347481250763,0.386539950966835
1706174305653,0.5594416260719299,0.43964335322380066
1706174305659,0.558094710111618,0.4664001911878586
1706174305673,0.556191086769104,0.47978153824806213
1706174305681,0.5556219518184662,0.47952044010162354
1706174305692,0.5530335307121277,0.47841310501098633
1706174305703,0.5501166582107544,0.47741007804870605
1706174305714,0.5475772023200989,0.48000355064868927
1706174305725,0.5451157093048096,0.4859386384487152
1706174305737,0.5463180541992188,0.4991593062877655
1706174305748,0.5471035242080688,0.5119644552469254
1706174305759,0.5495055615901947,0.527174323797226
1706174305770,0.550531804561615,0.5443422794342041
1706174305807,0.5507841408252716,0.5406683683395386
1706174305807,0.5495222210884094,0.539795309305191
1706174305807,0.5473006367683411,0.5493815839290619
1706174305814,0.546895295381546,0.5582223534584045
1706174305826,0.5481492578983307,0.5601342022418976
1706174305837,0.5480257570743561,0.5609453320503235
1706174305848,0.5491169989109039,0.5554394423961639
1706174305859,0.548612654209137,0.5529180467128754
1706174305870,0.5491251945495605,0.5519083142280579
1706174305881,0.5475656092166901,0.5563113987445831
1706174305892,0.547085702419281,0.5567575991153717
1706174305903,0.547588437795639,0.5543464720249176
1706174305915,0.5472452938556671,0.5519812703132629
1706174305953,0.5449303388595581,0.5610410869121552
1706174305953,0.5349622666835785,0.5879144668579102
1706174305953,0.5335043668746948,0.5998000204563141
1706174305959,0.5327309966087341,0.6041482388973236
1706174305970,0.5360058546066284,0.6032275855541229
1706174305981,0.5363357067108154,0.6020906567573547
1706174305992,0.5358166694641113,0.6001547276973724
1706174306004,0.5350041091442108,0.5947150886058807
1706174306015,0.5366798937320709,0.5916408598423004
1706174306025,0.5376498699188232,0.591958224773407
1706174306036,0.5385190546512604,0.5950016379356384
1706174306047,0.5357227921485901,0.6008293330669403
1706174306058,0.5370274484157562,0.6018603146076202
1706174306081,0.5383882820606232,0.6036005020141602
1706174306101,0.5390064120292664,0.6007073819637299
1706174306102,0.5376761853694916,0.6022801101207733
1706174306103,0.5351630747318268,0.6050075888633728
1706174306116,0.5357777774333954,0.6014474928379059
1706174306125,0.5343808531761169,0.5989903509616852
1706174306137,0.5345815420150757,0.6074276268482208
1706174306147,0.5336996018886566,0.614355742931366
1706174306159,0.5558363795280457,0.6161284446716309
1706174306170,0.61418616771698,0.6641326248645782
1706174306180,0.6148343086242676,0.6681236326694489
1706174306192,0.566851794719696,0.7626919746398926
1706174306202,0.6255875825881958,0.8400827646255493
1706174306238,0.6255875825881958,0.8400827646255493
1706174306239,nan,nan
1706174306239,nan,nan
1706174306245,nan,nan
1706174306256,nan,nan
1706174306269,nan,nan
1706174306279,nan,nan
1706174306290,nan,nan
1706174306301,nan,nan
1706174306311,nan,nan
1706174306322,nan,nan
1706174306333,nan,nan
1706174306344,nan,nan
1706174306355,nan,nan
1706174306390,nan,nan
1706174306391,nan,nan
1706174306391,nan,nan
1706174306399,nan,nan
1706174306417,nan,nan
1706174306437,nan,nan
1706174306449,nan,nan
1706174306460,nan,nan
1706174306470,nan,nan
1706174306482,nan,nan
1706174306521,nan,nan
1706174306522,nan,nan
1706174306522,nan,nan
1706174306527,nan,nan
1706174306539,nan,nan
1706174306549,nan,nan
1706174306560,nan,nan
1706174306570,nan,nan
1706174306582,nan,nan
1706174306593,nan,nan
1706174306603,nan,nan
1706174306615,nan,nan
1706174306626,nan,nan
1706174306668,nan,nan
1706174306668,nan,nan
1706174306668,nan,nan
1706174306669,nan,nan
1706174306684,nan,nan
1706174306693,nan,nan
1706174306704,nan,nan
1706174306715,nan,nan
1706174306726,nan,nan
1706174306736,nan,nan
1706174306748,nan,nan
1706174306760,nan,nan
1706174306769,nan,nan
1706174306781,nan,nan
1706174306818,nan,nan
1706174306818,nan,nan
1706174306818,nan,nan
1706174306834,nan,nan
1706174306837,nan,nan
1706174306848,nan,nan
1706174306860,nan,nan
1706174306870,nan,nan
1706174306881,nan,nan
1706174306893,nan,nan
1706174306904,nan,nan
1706174306914,nan,nan
1706174306927,nan,nan
1706174306968,nan,nan
1706174306968,nan,nan
1706174306968,nan,nan
1706174306969,nan,nan
1706174306984,nan,nan
1706174306993,nan,nan
1706174307003,nan,nan
1706174307015,nan,nan
1706174307026,nan,nan
1706174307036,nan,nan
1706174307048,nan,nan
1706174307067,nan,nan
1706174307109,nan,nan
1706174307109,nan,nan
1706174307109,nan,nan
1706174307115,nan,nan
1706174307126,nan,nan
1706174307138,nan,nan
1706174307149,nan,nan
1706174307160,nan,nan
1706174307170,nan,nan
1706174307182,nan,nan
1706174307194,nan,nan
1706174307205,1.1886167526245117,1.624709129333496
1706174307216,1.1588996648788452,1.5698580741882324
1706174307253,1.160309910774231,1.5345191359519958
1706174307253,1.0777448415756226,1.3974458575248718
1706174307253,1.0717180967330933,1.3870162963867188
1706174307261,0.980874091386795,1.2073221802711487
1706174307271,0.8358226716518402,0.8855171203613281
1706174307284,0.8358226716518402,0.8855171203613281
1706174307294,0.5327375829219818,0.48505258560180664
1706174307305,0.5455683767795563,0.5043522268533707
1706174307317,0.5457315146923065,0.5089340060949326
1706174307328,0.5486089289188385,0.5194597840309143
1706174307340,0.5539654791355133,0.5268805623054504
1706174307350,0.5555135905742645,0.5313193500041962
1706174307390,0.5545192956924438,0.5299234092235565
1706174307391,0.5558723211288452,0.5308186113834381
1706174307391,0.5560906827449799,0.5293352901935577
1706174307395,0.5595991313457489,0.5312788486480713
1706174307407,0.5596731901168823,0.5332573652267456
1706174307417,0.5596531331539154,0.5312794744968414
1706174307429,0.56127068400383,0.5288942158222198
1706174307440,0.5586600005626678,0.5228516161441803
1706174307450,0.559162050485611,0.5209973454475403
1706174307462,0.5564379990100861,0.5246909856796265
1706174307473,0.5567903816699982,0.523547500371933
1706174307484,0.5545462369918823,0.5222488343715668
1706174307495,0.5555323958396912,0.5226649940013885
1706174307539,0.5568278729915619,0.5210884213447571
1706174307539,0.5574318170547485,0.5222626030445099
1706174307540,0.5587630569934845,0.5212812125682831
1706174307540,0.5561793744564056,0.5216778516769409
1706174307556,0.5535782873630524,0.5177955329418182
1706174307561,0.5465243458747864,0.5011029541492462
1706174307573,0.5676454901695251,0.5284377485513687
1706174307582,0.578912615776062,0.5443682968616486
1706174307593,0.6778469085693359,0.6793608069419861
1706174307604,nan,nan
1706174307615,nan,nan
1706174307626,nan,nan
1706174307637,nan,nan
1706174307648,nan,nan
1706174307668,nan,nan
1706174307688,nan,nan
1706174307689,nan,nan
1706174307692,nan,nan
1706174307705,nan,nan
1706174307714,nan,nan
1706174307725,nan,nan
1706174307736,nan,nan
1706174307747,nan,nan
1706174307763,nan,nan
1706174307783,nan,nan
1706174307824,nan,nan
1706174307824,nan,nan
1706174307825,nan,nan
1706174307828,nan,nan
1706174307840,nan,nan
1706174307850,nan,nan
1706174307862,nan,nan
1706174307871,nan,nan
1706174307883,nan,nan
1706174307895,nan,nan
1706174307904,nan,nan
1706174307917,nan,nan
1706174307928,nan,nan
1706174307937,nan,nan
1706174307972,nan,nan
1706174307973,nan,nan
1706174307973,nan,nan
1706174307989,nan,nan
1706174307995,nan,nan
1706174308004,nan,nan
1706174308016,nan,nan
1706174308028,nan,nan
1706174308037,nan,nan
1706174308049,nan,nan
1706174308068,nan,nan
1706174308083,nan,nan
1706174308102,nan,nan
1706174308123,nan,nan
1706174308124,nan,nan
1706174308128,nan,nan
1706174308142,nan,nan
1706174308150,nan,nan
1706174308160,nan,nan
1706174308177,nan,nan
1706174308198,nan,nan
1706174308208,nan,nan
1706174308220,nan,nan
1706174308239,nan,nan
1706174308273,nan,nan
1706174308273,nan,nan
1706174308276,nan,nan
1706174308290,nan,nan
1706174308299,nan,nan
1706174308310,nan,nan
1706174308321,nan,nan
1706174308332,nan,nan
1706174308343,nan,nan
1706174308355,nan,nan
1706174308367,0.6401795446872711,0.3586762845516205
1706174308377,0.6334021985530853,0.3591669350862503
1706174308389,0.6297895014286041,0.3583546578884125
1706174308421,0.6297236680984497,0.35608676075935364
1706174308422,0.6274928748607635,0.3509613424539566
1706174308423,0.6275261342525482,0.35442811250686646
1706174308440,0.627896636724472,0.3611040264368057
1706174308445,0.6265332400798798,0.36872169375419617
1706174308456,0.6270530521869659,0.36715030670166016
1706174308467,0.6247400939464569,0.3664776086807251
1706174308478,0.6231491565704346,0.37233467400074005
1706174308490,0.6227807998657227,0.3812505602836609
1706174308501,0.610821545124054,0.4088459312915802
1706174308512,0.5546764433383942,0.5180907547473907
1706174308523,0.5373208522796631,0.5553682744503021
1706174308534,0.5292998254299164,0.5703133940696716
1706174308554,0.5344415307044983,0.5711420476436615
1706174308576,0.5342661142349243,0.5658740699291229
1706174308577,0.5337614715099335,0.5707249045372009
1706174308578,0.5342105329036713,0.5706141889095306
1706174308593,0.5345726311206818,0.5711362659931183
1706174308601,0.532937616109848,0.5675340294837952
1706174308612,0.5315964818000793,0.5653810203075409
1706174308623,0.531877189874649,0.5667153596878052
1706174308634,0.5311353206634521,0.5708719789981842
1706174308645,0.5308403074741364,0.5736170709133148
1706174308657,0.5303817391395569,0.5788858830928802
1706174308667,0.5305554568767548,0.5767609775066376
1706174308678,0.5316661894321442,0.5745756328105927
1706174308689,0.5298268795013428,0.5677399039268494
1706174308723,0.5313495099544525,0.567876011133194
1706174308725,0.5292108356952667,0.566391259431839
1706174308725,0.5302815139293671,0.5660629868507385
1706174308741,0.5290042757987976,0.5620857775211334
1706174308744,0.5279965996742249,0.5652799606323242
1706174308756,0.5284413993358612,0.5669235587120056
1706174308767,0.5291049182415009,0.5706728100776672
1706174308778,0.5294182896614075,0.5648675858974457
1706174308789,0.5299045443534851,0.5657090246677399
1706174308801,0.5297043323516846,0.5631857216358185
1706174308811,0.5305851697921753,0.5661868155002594
1706174308823,0.530547708272934,0.5682889521121979
1706174308834,0.5309097468852997,0.5673803091049194
1706174308854,0.5319488346576691,0.566376268863678
1706174308874,0.5300321578979492,0.560163676738739
1706174308874,0.5298077762126923,0.5614120364189148
1706174308878,0.5276763141155243,0.5616577565670013
1706174308892,0.5298805832862854,0.5670357942581177
1706174308900,0.5293683111667633,0.5668879151344299
1706174308911,0.5295715630054474,0.5630022585391998
1706174308923,0.5286104679107666,0.5606577098369598
1706174308934,0.5281999707221985,0.5599557161331177
1706174308945,0.5271447896957397,0.5616881847381592
1706174308956,0.5270439088344574,0.564357727766037
1706174308967,0.5270559787750244,0.5653058588504791
1706174308978,0.5283480882644653,0.5639389753341675
1706174308989,0.5290652811527252,0.5603972971439362
1706174309024,0.5221596956253052,0.5574907660484314
1706174309025,0.4818914085626602,0.5518234372138977
1706174309025,0.45855918526649475,0.5437455475330353
1706174309034,0.4421636760234833,0.5349721014499664
1706174309044,0.43076881766319275,0.5303019285202026
1706174309057,0.4353179484605789,0.5355340540409088
1706174309066,0.4369925260543823,0.5388378500938416
1706174309078,0.43626153469085693,0.5343395173549652
1706174309089,0.434799462556839,0.5325347781181335
1706174309100,0.43423324823379517,0.5288001596927643
1706174309111,0.4367441087961197,0.5321144163608551
1706174309123,0.43585821986198425,0.531237006187439
1706174309133,0.43461400270462036,0.5307973921298981
1706174309174,0.4339078217744827,0.5304207503795624
1706174309175,0.4352276623249054,0.5311800241470337
1706174309175,0.4426768124103546,0.5334024429321289
1706174309177,0.4635404497385025,0.5342548191547394
1706174309195,0.4709763675928116,0.5333240628242493
1706174309201,0.47208528220653534,0.5306046307086945
1706174309211,0.4685394912958145,0.5311036705970764
1706174309222,0.46792908012866974,0.5303352475166321
1706174309233,0.4687265306711197,0.5308876931667328
1706174309244,0.46874965727329254,0.5290058255195618
1706174309256,0.46786145865917206,0.5300300419330597
1706174309267,0.468116819858551,0.5310410559177399
1706174309277,0.47101379930973053,0.5323705673217773
1706174309289,0.47299668192863464,0.528689444065094
1706174309335,0.47296491265296936,0.5318094491958618
1706174309337,0.4701508730649948,0.5344304144382477
1706174309337,0.4695748835802078,0.5402087271213531
1706174309337,0.4624546468257904,0.537152111530304
1706174309351,0.4070344418287277,0.5322533249855042
1706174309355,0.3916183412075043,0.525090903043747
1706174309368,0.30933302640914917,0.5289568305015564
1706174309377,0.17081408202648163,0.5439567863941193
1706174309389,0.17015832662582397,0.5406363606452942
1706174309400,0.16611826419830322,0.54012531042099
1706174309411,0.1740499883890152,0.5372141599655151
1706174309422,0.17285002022981644,0.5383486151695251
1706174309433,0.1740337684750557,0.5380712747573853
1706174309475,0.1698445975780487,0.5415807664394379
1706174309476,0.1712796986103058,0.5420860946178436
1706174309476,0.17198359221220016,0.5439054369926453
1706174309478,0.1733214631676674,0.5409664511680603
1706174309492,0.1728333905339241,0.5418066084384918
1706174309500,0.17160777002573013,0.5444781482219696
1706174309512,0.1704384982585907,0.5428851544857025
1706174309522,0.1696745604276657,0.5450950264930725
1706174309533,0.16924729198217392,0.539758026599884
1706174309544,0.171773761510849,0.5403007864952087
1706174309556,0.17164860665798187,0.5373018383979797
1706174309567,0.17715303599834442,0.5415293872356415
1706174309578,0.22801051288843155,0.554870069026947
1706174309589,0.2817298322916031,0.5626215040683746
1706174309624,0.35691340267658234,0.5681962370872498
1706174309625,0.4680657535791397,0.5718473196029663
1706174309625,0.48352620005607605,0.5766284167766571
1706174309633,0.4825540632009506,0.5776337683200836
1706174309644,0.48283426463603973,0.5717383027076721
1706174309656,0.4825742542743683,0.5686473548412323
1706174309666,0.48235826194286346,0.5658117532730103
1706174309677,0.48522377014160156,0.5639521479606628
1706174309689,0.48691603541374207,0.5604863166809082
1706174309700,0.4867451637983322,0.560214102268219
1706174309711,0.4878634810447693,0.5587433576583862
1706174309722,0.48743823170661926,0.5653096735477448
1706174309733,0.4898236095905304,0.5637257993221283
1706174309744,0.49011193215847015,0.5637244880199432
1706174309784,0.489649698138237,0.5606821775436401
1706174309784,0.4877472221851349,0.5631346106529236
1706174309785,0.4846259504556656,0.562856137752533
1706174309789,0.48529893159866333,0.5628336071968079
1706174309804,0.4864463061094284,0.5613361597061157
1706174309810,0.4897705614566803,0.5655787885189056
1706174309822,0.4902145564556122,0.5648797750473022
1706174309833,0.4895116537809372,0.5682209730148315
1706174309844,0.48921243846416473,0.5690511465072632
1706174309855,0.4897974729537964,0.5697095692157745
1706174309866,0.4915973097085953,0.5666292309761047
1706174309877,0.4920802563428879,0.5604026913642883
1706174309889,0.49104586243629456,0.5623111724853516
1706174309900,0.4902351498603821,0.564446210861206
1706174309921,0.4886263906955719,0.5676260590553284
1706174309942,0.4901091158390045,0.5626145005226135
1706174309942,0.48955410718917847,0.5522508025169373
1706174309944,0.49705103039741516,0.6129155457019806
1706174309960,0.49781307578086853,0.6274171769618988
1706174309965,0.5016204714775085,0.676434189081192
1706174309976,nan,nan
1706174309987,nan,nan
1706174309997,nan,nan
1706174310008,nan,nan
1706174310019,nan,nan
1706174310030,nan,nan
1706174310041,nan,nan
1706174310053,nan,nan
1706174310093,nan,nan
1706174310094,nan,nan
1706174310094,nan,nan
1706174310096,nan,nan
1706174310111,nan,nan
1706174310118,nan,nan
1706174310129,nan,nan
1706174310140,nan,nan
1706174310152,nan,nan
1706174310163,nan,nan
1706174310174,nan,nan
1706174310185,nan,nan
1706174310196,nan,nan
1706174310208,nan,nan
1706174310242,nan,nan
1706174310243,nan,nan
1706174310243,nan,nan
1706174310259,nan,nan
1706174310263,nan,nan
1706174310276,nan,nan
1706174310286,nan,nan
1706174310296,nan,nan
1706174310308,nan,nan
1706174310319,nan,nan
1706174310330,nan,nan
1706174310342,nan,nan
1706174310353,nan,nan
1706174310370,nan,nan
1706174310390,nan,nan
1706174310391,nan,nan
1706174310396,nan,nan
1706174310407,nan,nan
1706174310420,nan,nan
1706174310429,nan,nan
1706174310440,nan,nan
1706174310451,nan,nan
1706174310462,nan,nan
1706174310473,nan,nan
1706174310485,nan,nan
1706174310522,nan,nan
1706174310523,nan,nan
1706174310523,nan,nan
1706174310529,nan,nan
1706174310540,nan,nan
1706174310554,nan,nan
1706174310563,nan,nan
1706174310575,nan,nan
1706174310586,nan,nan
1706174310597,nan,nan
1706174310609,0.34681087732315063,0.8239631056785583
1706174310620,0.34681087732315063,0.8239631056785583
1706174310631,0.34681087732315063,0.8239631056785583
1706174310652,0.30711308121681213,0.5516833066940308
1706174310675,0.31227707862854004,0.532649040222168
1706174310675,0.31305769085884094,0.5391941070556641
1706174310676,0.31181415915489197,0.5309114456176758
1706174310692,0.30509084463119507,0.5385043025016785
1706174310699,0.3067002296447754,0.5330425500869751
1706174310711,0.30394598841667175,0.5341761708259583
1706174310721,0.3033531606197357,0.541165828704834
1706174310733,0.2948439121246338,0.5501357913017273
1706174310742,0.24563205242156982,0.5716772079467773
1706174310754,0.23263835906982422,0.5771490931510925
1706174310765,0.20488545298576355,0.5828233361244202
1706174310776,0.18665635585784912,0.5715794563293457
1706174310810,0.18665635585784912,0.5715794563293457
1706174310810,0.18678058683872223,0.5619280338287354
1706174310811,0.1898680180311203,0.5593061447143555
1706174310827,0.1865619271993637,0.5548766851425171
1706174310832,0.18398313224315643,0.5563789010047913
1706174310843,0.17758728563785553,0.5525116920471191
1706174310854,0.1702743023633957,0.5539978742599487
1706174310865,0.1690773069858551,0.5588397979736328
1706174310876,0.16856253147125244,0.5542959570884705
1706174310887,0.16834776103496552,0.5555964112281799
1706174310898,0.1751636117696762,0.5484246015548706
1706174310909,0.2242182344198227,0.544655978679657
1706174310921,0.27821993827819824,0.5323840975761414
1706174310939,0.356055349111557,0.5200051665306091
1706174310958,0.463651567697525,0.5007460117340088
1706174310959,0.4791428744792938,0.500490665435791
1706174310965,0.47862255573272705,0.5010771155357361
1706174310977,0.4790736436843872,0.49800577759742737
1706174310988,0.4810549020767212,0.4984038472175598
1706174310998,0.48071444034576416,0.5010056495666504
1706174311009,0.48295360803604126,0.5059707164764404
1706174311021,0.4826609194278717,0.5063045620918274
1706174311032,0.48342758417129517,0.5019077062606812
1706174311043,0.48481714725494385,0.500086784362793
1706174311054,0.48540449142456055,0.4979645013809204
1706174311065,0.48779940605163574,0.4970082938671112
1706174311107,0.48679766058921814,0.5027283430099487
1706174311107,0.48622003197669983,0.5000473856925964
1706174311107,0.4848502278327942,0.5155303478240967
1706174311109,0.48651543259620667,0.5117949843406677
1706174311125,0.4870144724845886,0.5210779905319214
1706174311131,0.488242506980896,0.5089913606643677
1706174311142,0.49095144867897034,0.5062453746795654
1706174311153,0.4914020597934723,0.502030611038208
1706174311164,0.48870062828063965,0.5014810562133789
1706174311175,0.48564472794532776,0.5012121796607971
1706174311187,0.48547548055648804,0.4997037351131439
1706174311198,0.48633873462677,0.5038174986839294
1706174311209,0.4860501289367676,0.5066702365875244
1706174311220,0.48590338230133057,0.5125625133514404
1706174311237,0.4812433123588562,0.5177873969078064
1706174311258,0.47555339336395264,0.5290811061859131
1706174311259,0.47463497519493103,0.5284687876701355
1706174311265,0.47781452536582947,0.5235051512718201
1706174311277,0.47693485021591187,0.5196487307548523
1706174311287,0.47845974564552307,0.5206907987594604
1706174311298,0.47207966446876526,0.5222375392913818
1706174311309,0.472147673368454,0.5289681553840637
1706174311320,0.47213536500930786,0.5325421094894409
1706174311331,0.47687748074531555,0.5340319871902466
1706174311342,0.4786715805530548,0.5346297025680542
1706174311354,0.4775514602661133,0.5365180373191833
1706174311365,0.4739108383655548,0.5375034213066101
1706174311407,0.4735637903213501,0.5376070141792297
1706174311407,0.47374123334884644,0.5357160568237305
1706174311407,0.4773867428302765,0.5331584811210632
1706174311409,0.4766131043434143,0.5383179187774658
1706174311423,0.47765684127807617,0.542859673500061
1706174311431,0.4752275049686432,0.542429506778717
1706174311444,0.4744800627231598,0.5416039824485779
1706174311454,0.4701210558414459,0.5134410858154297
1706174311465,0.4762188494205475,0.5318808555603027
1706174311476,0.49128010869026184,0.6754704713821411
1706174311487,0.5080057978630066,0.7678883075714111
1706174311497,0.5561417043209076,0.8493813872337341
1706174311507,0.6047444939613342,0.8146867752075195
1706174311519,0.6047444939613342,0.8146867752075195
1706174311539,nan,nan
1706174311559,nan,nan
1706174311559,nan,nan
1706174311563,nan,nan
1706174311576,nan,nan
1706174311585,nan,nan
1706174311597,nan,nan
1706174311606,nan,nan
1706174311618,nan,nan
1706174311628,nan,nan
1706174311639,nan,nan
1706174311651,nan,nan
1706174311662,nan,nan
1706174311673,nan,nan
1706174311709,nan,nan
1706174311709,nan,nan
1706174311710,nan,nan
1706174311726,nan,nan
1706174311743,nan,nan
1706174311754,nan,nan
1706174311766,nan,nan
1706174311775,nan,nan
1706174311787,nan,nan
1706174311800,nan,nan
1706174311810,nan,nan
1706174311821,nan,nan
1706174311857,nan,nan
1706174311858,nan,nan
1706174311858,nan,nan
1706174311872,nan,nan
1706174311875,nan,nan
1706174311890,nan,nan
1706174311899,nan,nan
1706174311908,nan,nan
1706174311920,nan,nan
1706174311932,nan,nan
1706174311942,nan,nan
1706174311953,nan,nan
1706174311966,nan,nan
1706174311986,nan,nan
1706174312006,nan,nan
1706174312006,nan,nan
1706174312008,nan,nan
1706174312022,nan,nan
1706174312035,nan,nan
1706174312043,nan,nan
1706174312054,nan,nan
1706174312067,nan,nan
1706174312076,nan,nan
1706174312088,nan,nan
1706174312101,nan,nan
1706174312110,nan,nan
1706174312142,nan,nan
1706174312143,nan,nan
1706174312143,nan,nan
1706174312159,nan,nan
1706174312166,nan,nan
1706174312177,nan,nan
1706174312187,nan,nan
1706174312199,nan,nan
1706174312209,nan,nan
1706174312220,nan,nan
1706174312232,nan,nan
1706174312242,nan,nan
1706174312253,nan,nan
1706174312291,nan,nan
1706174312292,nan,nan
1706174312292,nan,nan
1706174312298,nan,nan
1706174312309,nan,nan
1706174312321,nan,nan
1706174312332,nan,nan
1706174312342,nan,nan
1706174312354,nan,nan
1706174312365,nan,nan
1706174312376,nan,nan
1706174312387,nan,nan
1706174312425,nan,nan
1706174312426,nan,nan
1706174312426,nan,nan
1706174312431,nan,nan
1706174312443,nan,nan
1706174312454,nan,nan
1706174312465,nan,nan
1706174312475,nan,nan
1706174312487,nan,nan
1706174312498,nan,nan
1706174312508,nan,nan
1706174312520,nan,nan
1706174312532,nan,nan
1706174312574,nan,nan
1706174312574,nan,nan
1706174312574,nan,nan
1706174312575,nan,nan
1706174312590,nan,nan
1706174312599,nan,nan
1706174312608,nan,nan
1706174312619,nan,nan
1706174312631,nan,nan
1706174312641,nan,nan
1706174312653,nan,nan
1706174312665,nan,nan
1706174312674,nan,nan
1706174312707,nan,nan
1706174312707,nan,nan
1706174312708,nan,nan
1706174312723,nan,nan
1706174312732,nan,nan
1706174312742,nan,nan
1706174312753,nan,nan
1706174312765,nan,nan
1706174312775,nan,nan
1706174312787,nan,nan
1706174312798,nan,nan
1706174312808,nan,nan
1706174312820,nan,nan
1706174312859,nan,nan
1706174312859,nan,nan
1706174312859,nan,nan
1706174312865,nan,nan
1706174312875,nan,nan
1706174312889,nan,nan
1706174312899,nan,nan
1706174312909,nan,nan
1706174312920,nan,nan
1706174312932,nan,nan
1706174312942,nan,nan
1706174312954,nan,nan
1706174312990,nan,nan
1706174312991,nan,nan
1706174312991,nan,nan
1706174312997,nan,nan
1706174313008,nan,nan
1706174313022,nan,nan
1706174313031,nan,nan
1706174313041,nan,nan
1706174313053,nan,nan
1706174313064,nan,nan
1706174313075,nan,nan
1706174313087,nan,nan
1706174313098,nan,nan
1706174313108,nan,nan
1706174313143,nan,nan
1706174313143,nan,nan
1706174313143,nan,nan
1706174313160,nan,nan
1706174313164,nan,nan
1706174313175,nan,nan
1706174313186,nan,nan
1706174313198,nan,nan
1706174313208,nan,nan
1706174313220,nan,nan
1706174313231,nan,nan
1706174313241,nan,nan
1706174313253,nan,nan
1706174313292,nan,nan
1706174313293,nan,nan
1706174313293,nan,nan
1706174313298,nan,nan
1706174313309,nan,nan
1706174313320,nan,nan
1706174313332,nan,nan
1706174313341,nan,nan
1706174313354,nan,nan
1706174313364,nan,nan
1706174313374,nan,nan
1706174313386,nan,nan
1706174313425,nan,nan
1706174313426,nan,nan
1706174313426,nan,nan
1706174313431,nan,nan
1706174313442,nan,nan
1706174313453,nan,nan
1706174313464,nan,nan
1706174313475,nan,nan
1706174313486,nan,nan
1706174313498,nan,nan
1706174313508,nan,nan
1706174313519,nan,nan
1706174313531,nan,nan
1706174313541,nan,nan
1706174313574,nan,nan
1706174313575,nan,nan
1706174313575,nan,nan
1706174313591,nan,nan
1706174313598,nan,nan
1706174313608,nan,nan
1706174313620,nan,nan
1706174313631,nan,nan
1706174313641,nan,nan
1706174313653,nan,nan
1706174313665,nan,nan
1706174313675,nan,nan
1706174313710,nan,nan
1706174313710,nan,nan
1706174313710,nan,nan
1706174313727,nan,nan
1706174313732,nan,nan
1706174313741,nan,nan
1706174313753,nan,nan
1706174313771,nan,nan
1706174313787,nan,nan
1706174313796,nan,nan
1706174313807,nan,nan
1706174313819,nan,nan
1706174313830,nan,nan
1706174313864,nan,nan
1706174313865,nan,nan
1706174313865,nan,nan
1706174313882,nan,nan
1706174313902,nan,nan
1706174313916,nan,nan
1706174313933,nan,nan
1706174313944,nan,nan
1706174313956,nan,nan
1706174313967,0.35554245114326477,0.5699156820774078
1706174313978,0.3676971197128296,0.5687907338142395
1706174314013,0.37154287099838257,0.5689235329627991
1706174314013,0.3832569122314453,0.591353714466095
1706174314013,0.38604554533958435,0.5815241932868958
1706174314022,0.379520982503891,0.5779576897621155
1706174314034,0.3808914124965668,0.5714237093925476
1706174314045,0.3828822374343872,0.5722757279872894
1706174314057,0.38644684851169586,0.5705162584781647
1706174314068,0.38560767471790314,0.5730418264865875
1706174314079,0.3862542510032654,0.5625008642673492
1706174314090,0.3870478421449661,0.5636076629161835
1706174314102,0.38874201476573944,0.5655262768268585
1706174314112,0.4212755411863327,0.586601972579956
1706174314123,0.43963275849819183,0.5928276181221008
1706174314161,0.4554568976163864,0.5954923629760742
1706174314162,0.4654776453971863,0.5911641120910645
1706174314162,0.4641970545053482,0.5914071202278137
1706174314168,0.46695929765701294,0.5887957215309143
1706174314180,0.47065970301628113,0.5864469408988953
1706174314189,0.4697933495044708,0.5851512849330902
1706174314202,0.46870097517967224,0.5828645527362823
1706174314211,0.46859271824359894,0.5802374184131622
1706174314223,0.4672568440437317,0.5785672068595886
1706174314235,0.4680836945772171,0.579617977142334
1706174314245,0.4669283926486969,0.5778995156288147
1706174314256,0.46831144392490387,0.5745870769023895
1706174314268,0.46780653297901154,0.5742601752281189
1706174314279,0.4658394902944565,0.5752012431621552
1706174314313,0.4658745974302292,0.5791736543178558
1706174314314,0.466640442609787,0.5804799199104309
1706174314314,0.4683864563703537,0.5776447057723999
1706174314331,0.4678708463907242,0.5726155638694763
1706174314335,0.46646563708782196,0.5696921944618225
1706174314346,0.4652409255504608,0.5653936266899109
1706174314357,0.46538515388965607,0.5705150067806244
1706174314368,0.46636325120925903,0.5707676410675049
1706174314378,0.46688589453697205,0.5709394216537476
1706174314390,0.4662887006998062,0.5676566362380981
1706174314401,0.4665067046880722,0.5709018111228943
1706174314412,0.46685849130153656,0.5672005414962769
1706174314423,0.4689615070819855,0.5660780370235443
1706174314464,0.4726255387067795,0.5613117516040802
1706174314464,0.4787190556526184,0.5676520466804504
1706174314464,0.477403923869133,0.5680482983589172
1706174314468,0.4759320914745331,0.571382075548172
1706174314481,0.4772143065929413,0.5705256164073944
1706174314489,0.479746013879776,0.5731773674488068
1706174314500,0.4800822585821152,0.5738086700439453
1706174314511,0.47946396470069885,0.5699028968811035
1706174314522,0.4778873324394226,0.5645308494567871
1706174314534,0.4791075736284256,0.5636052787303925
1706174314544,0.4790648967027664,0.5621644258499146
1706174314556,0.4804324060678482,0.5642929971218109
1706174314567,0.4792216569185257,0.5607240796089172
1706174314609,0.47923192381858826,0.5643270015716553
1706174314610,0.4758131206035614,0.5597550272941589
1706174314610,0.4764384329319,0.5574603378772736
1706174314611,0.4756307601928711,0.5554454624652863
1706174314625,0.47955092787742615,0.5589262247085571
1706174314634,0.4799056947231293,0.5630723237991333
1706174314645,0.4577191472053528,0.5661992430686951
1706174314656,0.4357885420322418,0.565741777420044
1706174314667,0.36981311440467834,0.5650902092456818
1706174314677,0.24871474504470825,0.5751046240329742
1706174314688,0.23427770286798477,0.575540155172348
1706174314700,0.19188663363456726,0.5797767043113708
1706174314711,0.17940527200698853,0.5877799093723297
1706174314723,0.17981722205877304,0.5827009677886963
1706174314761,0.17707566171884537,0.5848987400531769
1706174314762,0.17616839706897736,0.580588310956955
1706174314762,0.1739933118224144,0.5774209499359131
1706174314767,0.17422379553318024,0.5716923177242279
1706174314780,0.1732570379972458,0.5710241794586182
1706174314790,0.17291627079248428,0.5729810297489166
1706174314802,0.16840238869190216,0.5746981799602509
1706174314811,0.14769305288791656,0.5798985660076141
1706174314823,0.14077820628881454,0.5844102799892426
1706174314834,0.13334465771913528,0.584844708442688
1706174314845,0.13289229571819305,0.5866295993328094
1706174314857,0.13068782538175583,0.5848826467990875
1706174314867,0.12986352294683456,0.5866826474666595
1706174314877,0.1287270002067089,0.5796411037445068
1706174314889,0.1294071115553379,0.5803512930870056
1706174314926,0.12858587503433228,0.5791712403297424
1706174314927,0.1259998418390751,0.5826146602630615
1706174314927,0.12460830062627792,0.5806028842926025
1706174314933,0.12399661540985107,0.5760584771633148
1706174314944,0.12459399551153183,0.5774827003479004
1706174314956,0.1231583021581173,0.5779009461402893
1706174314967,0.12422294914722443,0.5790505111217499
1706174314978,0.12343153730034828,0.574535071849823
1706174314989,0.13261912018060684,0.574868768453598
1706174315000,0.16430121660232544,0.5718907713890076
1706174315011,0.2766623795032501,0.5474298298358917
1706174315023,0.34073708951473236,0.5387407839298248
1706174315034,0.38873153924942017,0.5287050604820251
1706174315045,0.43700793385505676,0.5225677490234375
1706174315079,0.43816855549812317,0.522258460521698
1706174315079,0.43659447133541107,0.5209174454212189
1706174315080,0.4355045408010483,0.5188597440719604
1706174315097,0.43374766409397125,0.5179428160190582
1706174315100,0.4337267279624939,0.5175089240074158
1706174315111,0.4359874725341797,0.5199748873710632
1706174315122,0.4377234876155853,0.5210149586200714
1706174315133,0.43872493505477905,0.5184619128704071
1706174315144,0.43706659972667694,0.5154050588607788
1706174315155,0.4360761344432831,0.5179051458835602
1706174315167,0.44665560126304626,0.5236382186412811
1706174315177,0.46741603314876556,0.5307132005691528
1706174315189,0.4739755541086197,0.5320319831371307
1706174315228,0.4725758582353592,0.5291730165481567
1706174315228,0.47012652456760406,0.5301736891269684
1706174315228,0.4702218770980835,0.5272684693336487
1706174315233,0.470024049282074,0.528518557548523
1706174315245,0.46953602135181427,0.5213560461997986
1706174315256,0.4694526493549347,0.5183575451374054
1706174315267,0.5054088979959488,0.5854260325431824
1706174315276,0.5505084693431854,0.6767334342002869
1706174315287,0.6448948383331299,0.8572689592838287
1706174315298,nan,nan
1706174315309,nan,nan
1706174315321,nan,nan
1706174315332,nan,nan
1706174315343,nan,nan
1706174315378,nan,nan
1706174315379,nan,nan
1706174315379,nan,nan
1706174315386,nan,nan
1706174315397,nan,nan
1706174315408,nan,nan
1706174315420,nan,nan
1706174315430,nan,nan
1706174315441,nan,nan
1706174315452,nan,nan
1706174315463,nan,nan
1706174315474,nan,nan
1706174315486,nan,nan
1706174315525,nan,nan
1706174315526,nan,nan
1706174315526,nan,nan
1706174315530,nan,nan
1706174315542,nan,nan
1706174315552,nan,nan
1706174315563,nan,nan
1706174315574,nan,nan
1706174315586,nan,nan
1706174315597,nan,nan
1706174315608,nan,nan
1706174315619,nan,nan
1706174315630,nan,nan
1706174315641,nan,nan
1706174315677,nan,nan
1706174315678,nan,nan
1706174315678,nan,nan
1706174315693,nan,nan
1706174315697,nan,nan
1706174315710,nan,nan
1706174315719,nan,nan
1706174315730,nan,nan
1706174315741,nan,nan
1706174315753,nan,nan
1706174315764,nan,nan
1706174315775,nan,nan
1706174315786,nan,nan
1706174315827,nan,nan
1706174315828,nan,nan
1706174315828,nan,nan
1706174315830,nan,nan
1706174315844,nan,nan
1706174315853,nan,nan
1706174315863,nan,nan
1706174315875,nan,nan
1706174315886,nan,nan
1706174315897,nan,nan
1706174315908,nan,nan
1706174315919,nan,nan
1706174315930,nan,nan
1706174315941,nan,nan
1706174315976,nan,nan
1706174315977,nan,nan
1706174315977,nan,nan
1706174315993,nan,nan
1706174315996,nan,nan
1706174316008,nan,nan
1706174316019,nan,nan
1706174316030,nan,nan
1706174316041,nan,nan
1706174316052,nan,nan
1706174316063,nan,nan
1706174316074,nan,nan
1706174316086,nan,nan
1706174316129,nan,nan
1706174316129,nan,nan
1706174316130,nan,nan
1706174316130,nan,nan
1706174316146,nan,nan
1706174316153,nan,nan
1706174316163,nan,nan
1706174316174,nan,nan
1706174316185,nan,nan
1706174316196,nan,nan
1706174316207,nan,nan
1706174316218,nan,nan
1706174316229,nan,nan
1706174316261,nan,nan
1706174316262,nan,nan
1706174316263,nan,nan
1706174316280,nan,nan
1706174316286,nan,nan
1706174316296,nan,nan
1706174316307,nan,nan
1706174316318,nan,nan
1706174316329,nan,nan
1706174316341,nan,nan
1706174316352,nan,nan
1706174316363,nan,nan
1706174316374,nan,nan
1706174316412,nan,nan
1706174316413,nan,nan
1706174316413,nan,nan
1706174316419,nan,nan
1706174316430,nan,nan
1706174316441,nan,nan
1706174316452,nan,nan
1706174316463,nan,nan
1706174316474,nan,nan
1706174316485,nan,nan
1706174316496,nan,nan
1706174316508,nan,nan
1706174316519,nan,nan
1706174316530,nan,nan
1706174316562,nan,nan
1706174316563,nan,nan
1706174316563,nan,nan
1706174316582,nan,nan
1706174316585,nan,nan
1706174316596,nan,nan
1706174316606,nan,nan
1706174316624,nan,nan
1706174316643,nan,nan
1706174316655,nan,nan
1706174316666,nan,nan
1706174316676,nan,nan
1706174316711,nan,nan
1706174316711,nan,nan
1706174316712,nan,nan
1706174316726,nan,nan
1706174316734,nan,nan
1706174316744,nan,nan
1706174316756,nan,nan
1706174316766,nan,nan
1706174316776,nan,nan
1706174316790,nan,nan
1706174316799,nan,nan
1706174316809,nan,nan
1706174316823,nan,nan
1706174316863,nan,nan
1706174316863,nan,nan
1706174316864,nan,nan
1706174316866,nan,nan
1706174316880,nan,nan
1706174316889,nan,nan
1706174316900,nan,nan
1706174316909,nan,nan
1706174316921,nan,nan
1706174316932,nan,nan
1706174316941,nan,nan
1706174316953,nan,nan
1706174316965,nan,nan
1706174316975,nan,nan
1706174317011,nan,nan
1706174317012,nan,nan
1706174317012,nan,nan
1706174317027,nan,nan
1706174317032,nan,nan
1706174317042,nan,nan
1706174317054,nan,nan
1706174317066,nan,nan
1706174317076,nan,nan
1706174317087,nan,nan
1706174317099,nan,nan
1706174317109,nan,nan
1706174317144,nan,nan
1706174317144,nan,nan
1706174317145,nan,nan
1706174317161,nan,nan
1706174317165,nan,nan
1706174317176,nan,nan
1706174317187,nan,nan
1706174317198,nan,nan
1706174317209,nan,nan
1706174317220,nan,nan
1706174317232,nan,nan
1706174317243,nan,nan
1706174317278,nan,nan
1706174317279,nan,nan
1706174317279,nan,nan
1706174317295,nan,nan
1706174317297,nan,nan
1706174317309,nan,nan
1706174317319,nan,nan
1706174317331,nan,nan
1706174317341,nan,nan
1706174317353,nan,nan
1706174317365,nan,nan
1706174317375,nan,nan
1706174317386,nan,nan
1706174317428,nan,nan
1706174317428,nan,nan
1706174317428,nan,nan
1706174317432,nan,nan
1706174317444,nan,nan
1706174317453,nan,nan
1706174317465,nan,nan
1706174317475,nan,nan
1706174317486,nan,nan
1706174317499,nan,nan
1706174317508,nan,nan
1706174317520,nan,nan
1706174317532,nan,nan
1706174317541,nan,nan
1706174317579,nan,nan
1706174317579,nan,nan
1706174317580,nan,nan
1706174317586,nan,nan
1706174317599,nan,nan
1706174317609,nan,nan
1706174317619,nan,nan
1706174317632,nan,nan
1706174317641,nan,nan
1706174317653,nan,nan
1706174317665,nan,nan
1706174317675,nan,nan
1706174317686,nan,nan
1706174317728,nan,nan
1706174317729,nan,nan
1706174317729,nan,nan
1706174317732,nan,nan
1706174317744,nan,nan
1706174317753,nan,nan
1706174317765,nan,nan
1706174317774,nan,nan
1706174317786,nan,nan
1706174317798,nan,nan
1706174317808,nan,nan
1706174317819,nan,nan
1706174317831,nan,nan
1706174317841,nan,nan
1706174317877,nan,nan
1706174317878,nan,nan
1706174317878,nan,nan
1706174317894,nan,nan
1706174317898,nan,nan
1706174317909,nan,nan
1706174317920,nan,nan
1706174317931,nan,nan
1706174317941,nan,nan
1706174317954,nan,nan
1706174317965,nan,nan
1706174317975,nan,nan
1706174318012,nan,nan
1706174318013,nan,nan
1706174318013,nan,nan
1706174318020,nan,nan
1706174318031,nan,nan
1706174318043,nan,nan
1706174318053,nan,nan
1706174318064,nan,nan
1706174318074,nan,nan
1706174318087,nan,nan
1706174318097,nan,nan
1706174318108,nan,nan
1706174318120,nan,nan
1706174318131,nan,nan
1706174318163,nan,nan
1706174318163,nan,nan
1706174318165,nan,nan
1706174318181,nan,nan
1706174318187,nan,nan
1706174318198,nan,nan
1706174318208,nan,nan
1706174318220,nan,nan
1706174318231,nan,nan
1706174318241,nan,nan
1706174318253,nan,nan
1706174318265,nan,nan
1706174318274,nan,nan
1706174318317,nan,nan
1706174318318,nan,nan
1706174318318,nan,nan
1706174318319,nan,nan
1706174318335,nan,nan
1706174318342,nan,nan
1706174318353,nan,nan
1706174318364,nan,nan
1706174318374,nan,nan
1706174318386,nan,nan
1706174318397,nan,nan
1706174318407,nan,nan
1706174318420,nan,nan
1706174318431,nan,nan
1706174318463,nan,nan
1706174318463,nan,nan
1706174318465,nan,nan
1706174318481,nan,nan
1706174318487,nan,nan
1706174318497,nan,nan
1706174318508,nan,nan
1706174318520,nan,nan
1706174318538,nan,nan
1706174318554,nan,nan
1706174318565,nan,nan
1706174318577,nan,nan
1706174318612,nan,nan
1706174318613,nan,nan
1706174318613,nan,nan
1706174318630,nan,nan
1706174318633,nan,nan
1706174318645,nan,nan
1706174318655,nan,nan
1706174318667,0.4266410320997238,0.5188016295433044
1706174318677,0.4266410320997238,0.5188016295433044
1706174318689,0.4266410320997238,0.5188016295433044
1706174318700,0.43269379436969757,0.506904661655426
1706174318711,0.43269379436969757,0.506904661655426
1706174318749,0.43269379436969757,0.506904661655426
1706174318749,0.4293622225522995,0.5061096847057343
1706174318750,0.42916780710220337,0.5069992542266846
1706174318756,0.42916780710220337,0.5069992542266846
1706174318769,0.4374782145023346,0.5245204567909241
1706174318777,0.4380384385585785,0.5322981476783752
1706174318789,0.4380384385585785,0.5322981476783752
1706174318800,0.43423008918762207,0.542616605758667
1706174318811,0.39204858243465424,0.5171900689601898
1706174318822,0.376890167593956,0.5185287892818451
1706174318834,0.317275732755661,0.5200903415679932
1706174318845,0.17058902978897095,0.5531693994998932
1706174318856,0.1615973860025406,0.5538234114646912
1706174318867,0.1562998965382576,0.5571123361587524
1706174318878,0.16440964490175247,0.5448652803897858
1706174318917,0.1606714352965355,0.5432551205158234
1706174318918,0.16096416860818863,0.5430301427841187
1706174318918,0.16357958316802979,0.5459765493869781
1706174318923,0.16455784440040588,0.5476072430610657
1706174318935,0.16409068554639816,0.5465845167636871
1706174318945,0.1597851887345314,0.5447952151298523
1706174318956,0.15844856947660446,0.5433945655822754
1706174318967,0.15763583034276962,0.5447604954242706
1706174318978,0.1597684845328331,0.5451755523681641
1706174318989,0.1834852248430252,0.5515637993812561
1706174319001,0.24354074895381927,0.5511350035667419
1706174319011,0.40758733451366425,0.5441479086875916
1706174319023,0.47318796813488007,0.5372483432292938
1706174319063,0.5089466571807861,0.5366356670856476
1706174319063,0.5337623357772827,0.5393932461738586
1706174319063,0.5308402180671692,0.5374242663383484
1706174319068,0.5333679914474487,0.540305882692337
1706174319079,0.5343123972415924,0.5386016666889191
1706174319090,0.5366228222846985,0.5435827076435089
1706174319101,0.5374184548854828,0.5404384434223175
1706174319112,0.5374965369701385,0.5412067174911499
1706174319123,0.5349311530590057,0.5383684933185577
1706174319134,0.5351313352584839,0.5424867272377014
1706174319145,0.5346442759037018,0.5431745946407318
1706174319156,0.537056028842926,0.544885516166687
1706174319167,0.5370162427425385,0.5399251580238342
1706174319178,0.53916996717453,0.5397261083126068
1706174319213,0.5391589403152466,0.5392387807369232
1706174319214,0.5393288135528564,0.5408617854118347
1706174319214,0.538727343082428,0.5404834151268005
1706174319230,0.5370818376541138,0.537672609090805
1706174319233,0.537275642156601,0.5402961373329163
1706174319244,0.5461459159851074,0.5494078099727631
1706174319256,0.5493362843990326,0.5583475828170776
1706174319267,0.5518969893455505,0.5598639249801636
1706174319278,0.5492355525493622,0.5619501173496246
1706174319289,0.5489652752876282,0.5572360455989838
1706174319300,0.5494332909584045,0.556919127702713
1706174319311,0.5478049516677856,0.5523777604103088
1706174319323,0.5494621694087982,0.554377019405365
1706174319344,0.5496494770050049,0.5554348528385162
1706174319365,0.5509194135665894,0.5556392073631287
1706174319365,0.550009548664093,0.5541238486766815
1706174319367,0.5504723787307739,0.5540065765380859
1706174319381,0.5511175096035004,0.5533374845981598
1706174319390,0.5510870516300201,0.553236186504364
1706174319401,0.5505527555942535,0.5524455606937408
1706174319411,0.5489654242992401,0.5601359903812408
1706174319423,0.5487544238567352,0.562673419713974
1706174319434,0.5482479333877563,0.5616320073604584
1706174319445,0.5483632981777191,0.5582462847232819
1706174319456,0.5598417818546295,0.5585804283618927
1706174319467,0.5975014269351959,0.562460333108902
1706174319478,0.6774254143238068,0.5661697685718536
1706174319513,0.7338118851184845,0.5608195960521698
1706174319514,0.7647724449634552,0.5581603050231934
1706174319514,0.7693721055984497,0.557546079158783
1706174319529,0.7700431644916534,0.5592257082462311
1706174319533,0.7685525715351105,0.5604832172393799
1706174319546,0.769364207983017,0.5644457638263702
1706174319555,0.7683261632919312,0.563910722732544
1706174319567,0.7698085904121399,0.565217137336731
1706174319577,0.7688679397106171,0.5665720105171204
1706174319589,0.7699798047542572,0.565240889787674
1706174319600,0.7665596008300781,0.5631771087646484
1706174319611,0.7639509737491608,0.5633934140205383
1706174319622,0.7632926106452942,0.5614706575870514
1706174319662,0.7653711438179016,0.5648943483829498
1706174319662,0.7681209444999695,0.5620333254337311
1706174319662,0.7683338224887848,0.5683527588844299
1706174319667,0.770188719034195,0.5681693255901337
1706174319678,0.7688001692295074,0.5680781304836273
1706174319692,0.7680825889110565,0.5656362473964691
1706174319700,0.7603036165237427,0.5673364996910095
1706174319711,0.7169448137283325,0.5741948485374451
1706174319723,0.6774648129940033,0.5767976343631744
1706174319733,0.6265057921409607,0.5715591609477997
1706174319744,0.5650633275508881,0.5636418163776398
1706174319756,0.5572039484977722,0.5582172274589539
1706174319767,0.5579562783241272,0.5605297982692719
1706174319810,0.5567207932472229,0.5574977099895477
1706174319811,0.5560016632080078,0.5640661418437958
1706174319811,0.5521461963653564,0.5646810233592987
1706174319811,0.5509345829486847,0.5706380307674408
1706174319826,0.5505680739879608,0.566502183675766
1706174319834,0.5526581108570099,0.5653643310070038
1706174319845,0.5525082051753998,0.563575804233551
1706174319856,0.5541750490665436,0.5676404535770416
1706174319867,0.5556325912475586,0.5672800838947296
1706174319878,0.5573035776615143,0.5674541890621185
1706174319889,0.5566736459732056,0.5611538589000702
1706174319899,0.5558614730834961,0.5614231824874878
1706174319910,0.5617299675941467,0.55485600233078
1706174319920,0.5608939528465271,0.5925867557525635
1706174319932,0.6056616306304932,0.6545364260673523
1706174319964,0.6879530549049377,0.7783135175704956
1706174319965,0.6879530549049377,0.7783135175704956
1706174319965,nan,nan
1706174319980,nan,nan
1706174319986,nan,nan
1706174319998,nan,nan
1706174320008,nan,nan
1706174320020,nan,nan
1706174320031,nan,nan
1706174320042,nan,nan
1706174320052,nan,nan
1706174320063,nan,nan
1706174320073,nan,nan
1706174320113,nan,nan
1706174320113,nan,nan
1706174320129,nan,nan
1706174320134,nan,nan
1706174320145,nan,nan
1706174320155,nan,nan
1706174320167,nan,nan
1706174320177,nan,nan
1706174320188,nan,nan
1706174320200,nan,nan
1706174320210,nan,nan
1706174320246,nan,nan
1706174320246,nan,nan
1706174320246,nan,nan
1706174320255,nan,nan
1706174320267,nan,nan
1706174320277,nan,nan
1706174320287,nan,nan
1706174320299,nan,nan
1706174320309,nan,nan
1706174320321,nan,nan
1706174320332,nan,nan
1706174320342,nan,nan
1706174320355,nan,nan
1706174320396,nan,nan
1706174320396,nan,nan
1706174320397,nan,nan
1706174320399,nan,nan
1706174320414,nan,nan
1706174320421,nan,nan
1706174320433,nan,nan
1706174320443,nan,nan
1706174320454,nan,nan
1706174320466,nan,nan
1706174320476,nan,nan
1706174320488,nan,nan
1706174320500,nan,nan
1706174320509,nan,nan
1706174320547,nan,nan
1706174320548,nan,nan
1706174320548,nan,nan
1706174320555,nan,nan
1706174320566,nan,nan
1706174320576,nan,nan
1706174320588,nan,nan
1706174320600,nan,nan
1706174320610,nan,nan
1706174320621,nan,nan
1706174320633,nan,nan
1706174320643,nan,nan
1706174320655,nan,nan
1706174320666,nan,nan
1706174320699,nan,nan
1706174320699,nan,nan
1706174320700,nan,nan
1706174320709,nan,nan
1706174320721,nan,nan
1706174320734,nan,nan
1706174320742,nan,nan
1706174320754,nan,nan
1706174320766,nan,nan
1706174320776,nan,nan
1706174320787,nan,nan
1706174320800,nan,nan
1706174320809,nan,nan
1706174320848,nan,nan
1706174320848,nan,nan
1706174320849,nan,nan
1706174320854,nan,nan
1706174320866,nan,nan
1706174320877,nan,nan
1706174320888,nan,nan
1706174320899,nan,nan
1706174320909,nan,nan
1706174320921,nan,nan
1706174320933,nan,nan
1706174320943,nan,nan
1706174320955,nan,nan
1706174320967,nan,nan
1706174320999,nan,nan
1706174321000,nan,nan
1706174321000,nan,nan
1706174321016,nan,nan
1706174321021,nan,nan
1706174321034,nan,nan
1706174321042,nan,nan
1706174321054,nan,nan
1706174321066,nan,nan
1706174321075,nan,nan
1706174321087,nan,nan
1706174321100,nan,nan
1706174321109,nan,nan
1706174321149,nan,nan
1706174321150,nan,nan
1706174321150,nan,nan
1706174321154,nan,nan
1706174321167,nan,nan
1706174321175,nan,nan
1706174321187,nan,nan
1706174321199,nan,nan
1706174321209,nan,nan
1706174321221,nan,nan
1706174321232,nan,nan
1706174321242,nan,nan
1706174321254,nan,nan
1706174321266,nan,nan
1706174321299,nan,nan
1706174321299,nan,nan
1706174321299,nan,nan
1706174321315,nan,nan
1706174321321,nan,nan
1706174321334,nan,nan
1706174321343,nan,nan
1706174321354,nan,nan
1706174321366,nan,nan
1706174321376,nan,nan
1706174321388,nan,nan
1706174321398,nan,nan
1706174321408,nan,nan
1706174321427,nan,nan
1706174321447,nan,nan
1706174321448,nan,nan
1706174321454,nan,nan
1706174321465,nan,nan
1706174321476,nan,nan
1706174321488,nan,nan
1706174321499,nan,nan
1706174321509,nan,nan
1706174321522,nan,nan
1706174321532,nan,nan
1706174321543,nan,nan
1706174321581,nan,nan
1706174321582,nan,nan
1706174321582,nan,nan
1706174321587,nan,nan
1706174321598,nan,nan
1706174321610,nan,nan
1706174321621,nan,nan
1706174321632,nan,nan
1706174321642,nan,nan
1706174321655,nan,nan
1706174321672,nan,nan
1706174321688,nan,nan
1706174321698,nan,nan
1706174321736,nan,nan
1706174321737,nan,nan
1706174321737,nan,nan
1706174321744,nan,nan
1706174321756,nan,nan
1706174321767,nan,nan
1706174321778,nan,nan
1706174321789,nan,nan
1706174321801,0.556035041809082,0.6136589646339417
1706174321812,0.5525241494178772,0.588535726070404
1706174321823,0.5513769388198853,0.5901317298412323
1706174321835,0.5527699291706085,0.5906171202659607
1706174321846,0.5534362494945526,0.5806194245815277
1706174321888,0.5527156293392181,0.5823688209056854
1706174321889,0.5548055768013,0.5820126831531525
1706174321889,0.558235764503479,0.5913504362106323
1706174321890,0.5607571601867676,0.5858583748340607
1706174321905,0.5563164353370667,0.590481698513031
1706174321913,0.5542048215866089,0.5853288471698761
1706174321924,0.5533646643161774,0.5947735607624054
1706174321935,0.5482490360736847,0.5871089696884155
1706174321946,0.5287542641162872,0.5753884315490723
1706174321957,0.5212584733963013,0.565338671207428
1706174321968,0.5190397500991821,0.5632086098194122
1706174321979,0.5181272327899933,0.5616503059864044
1706174321990,0.5177789032459259,0.5640995502471924
1706174322001,0.5198887288570404,0.5676588416099548
1706174322035,0.5217524468898773,0.56657475233078
1706174322036,0.5210978984832764,0.5684289038181305
1706174322036,0.5215626955032349,0.5621984899044037
1706174322052,0.5219026207923889,0.5631551742553711
1706174322057,0.5230435729026794,0.5570333003997803
1706174322068,0.5239202380180359,0.5644590258598328
1706174322079,0.5249737799167633,0.5656984150409698
1706174322090,0.5244873762130737,0.5689665079116821
1706174322101,0.5217152833938599,0.5643227398395538
1706174322112,0.520338773727417,0.5672943294048309
1706174322123,0.5215100646018982,0.5652100443840027
1706174322135,0.5236788690090179,0.565394252538681
1706174322145,0.5234833657741547,0.5656788349151611
1706174322184,0.5217044353485107,0.5674202740192413
1706174322185,0.5200231075286865,0.5687691867351532
1706174322185,0.5205018520355225,0.5693300068378448
1706174322190,0.5198994576931,0.5582102239131927
1706174322202,0.5194065272808075,0.5629648566246033
1706174322212,0.5211179256439209,0.6058832406997681
1706174322222,0.5246691703796387,0.6324287354946136
1706174322233,0.5449570417404175,0.6962356269359589
1706174322243,0.6414933204650879,0.8592798709869385
1706174322255,0.6414933204650879,0.8592798709869385
1706174322266,nan,nan
1706174322277,nan,nan
1706174322288,nan,nan
1706174322299,nan,nan
1706174322336,nan,nan
1706174322337,nan,nan
1706174322337,nan,nan
1706174322342,nan,nan
1706174322354,nan,nan
1706174322365,nan,nan
1706174322376,nan,nan
1706174322387,nan,nan
1706174322398,nan,nan
1706174322409,nan,nan
1706174322419,nan,nan
1706174322438,nan,nan
1706174322486,nan,nan
1706174322487,nan,nan
1706174322487,nan,nan
1706174322490,nan,nan
1706174322504,nan,nan
1706174322512,nan,nan
1706174322523,nan,nan
1706174322534,nan,nan
1706174322545,nan,nan
1706174322556,nan,nan
1706174322568,nan,nan
1706174322578,nan,nan
1706174322590,nan,nan
1706174322601,nan,nan
1706174322634,nan,nan
1706174322634,nan,nan
1706174322635,nan,nan
1706174322652,nan,nan
1706174322656,nan,nan
1706174322668,nan,nan
1706174322678,nan,nan
1706174322689,nan,nan
1706174322701,nan,nan
1706174322711,nan,nan
1706174322723,nan,nan
1706174322766,nan,nan
1706174322767,nan,nan
1706174322767,nan,nan
1706174322768,nan,nan
1706174322782,nan,nan
1706174322790,nan,nan
1706174322801,nan,nan
1706174322811,nan,nan
1706174322823,nan,nan
1706174322835,nan,nan
1706174322845,nan,nan
1706174322857,nan,nan
1706174322868,nan,nan
1706174322878,nan,nan
1706174322916,nan,nan
1706174322916,nan,nan
1706174322916,nan,nan
1706174322922,nan,nan
1706174322934,nan,nan
1706174322946,nan,nan
1706174322956,nan,nan
1706174322967,nan,nan
1706174322977,nan,nan
1706174322989,nan,nan
1706174323001,nan,nan
1706174323011,nan,nan
1706174323048,nan,nan
1706174323048,nan,nan
1706174323049,nan,nan
1706174323056,nan,nan
1706174323068,nan,nan
1706174323078,nan,nan
1706174323089,nan,nan
1706174323101,nan,nan
1706174323111,nan,nan
1706174323123,nan,nan
1706174323134,nan,nan
1706174323144,nan,nan
1706174323156,nan,nan
1706174323168,nan,nan
1706174323200,nan,nan
1706174323201,nan,nan
1706174323201,nan,nan
1706174323219,nan,nan
1706174323223,nan,nan
1706174323235,nan,nan
1706174323245,nan,nan
1706174323256,nan,nan
1706174323268,nan,nan
1706174323278,nan,nan
1706174323290,nan,nan
1706174323301,nan,nan
1706174323310,nan,nan
1706174323349,nan,nan
1706174323349,nan,nan
1706174323349,nan,nan
1706174323355,nan,nan
1706174323367,nan,nan
1706174323377,nan,nan
1706174323389,nan,nan
1706174323401,nan,nan
1706174323410,nan,nan
1706174323422,nan,nan
1706174323434,nan,nan
1706174323444,nan,nan
1706174323456,nan,nan
1706174323468,nan,nan
1706174323500,nan,nan
1706174323500,nan,nan
1706174323501,nan,nan
1706174323519,nan,nan
1706174323522,nan,nan
1706174323535,nan,nan
1706174323544,nan,nan
1706174323556,nan,nan
1706174323568,nan,nan
1706174323577,nan,nan
1706174323589,nan,nan
1706174323601,nan,nan
1706174323611,nan,nan
1706174323631,nan,nan
1706174323651,nan,nan
1706174323651,nan,nan
1706174323656,nan,nan
1706174323668,nan,nan
1706174323677,nan,nan
1706174323688,nan,nan
1706174323700,nan,nan
1706174323710,nan,nan
1706174323722,nan,nan
1706174323734,nan,nan
1706174323744,nan,nan
1706174323784,nan,nan
1706174323785,nan,nan
1706174323785,nan,nan
1706174323789,nan,nan
1706174323802,nan,nan
1706174323810,nan,nan
1706174323822,nan,nan
1706174323834,nan,nan
1706174323844,nan,nan
1706174323856,nan,nan
1706174323867,nan,nan
1706174323877,nan,nan
1706174323889,nan,nan
1706174323900,nan,nan
1706174323934,nan,nan
1706174323934,nan,nan
1706174323935,nan,nan
1706174323951,nan,nan
1706174323957,nan,nan
1706174323967,nan,nan
1706174323977,nan,nan
1706174323989,nan,nan
1706174324000,nan,nan
1706174324011,nan,nan
1706174324022,nan,nan
1706174324034,nan,nan
1706174324044,nan,nan
1706174324083,nan,nan
1706174324083,nan,nan
1706174324083,nan,nan
1706174324088,nan,nan
1706174324100,nan,nan
1706174324111,nan,nan
1706174324122,nan,nan
1706174324133,nan,nan
1706174324143,nan,nan
1706174324155,nan,nan
1706174324167,nan,nan
1706174324177,nan,nan
1706174324188,nan,nan
1706174324200,nan,nan
1706174324235,nan,nan
1706174324236,nan,nan
1706174324236,nan,nan
1706174324243,nan,nan
1706174324256,nan,nan
1706174324268,nan,nan
1706174324277,nan,nan
1706174324288,nan,nan
1706174324301,nan,nan
1706174324310,nan,nan
1706174324322,nan,nan
1706174324334,nan,nan
1706174324344,nan,nan
1706174324385,nan,nan
1706174324385,nan,nan
1706174324385,nan,nan
1706174324389,nan,nan
1706174324400,nan,nan
1706174324411,nan,nan
1706174324422,nan,nan
1706174324434,nan,nan
1706174324444,nan,nan
1706174324456,nan,nan
1706174324467,nan,nan
1706174324478,nan,nan
1706174324490,nan,nan
1706174324535,nan,nan
1706174324536,nan,nan
1706174324536,nan,nan
1706174324543,nan,nan
1706174324555,nan,nan
1706174324566,nan,nan
1706174324577,nan,nan
1706174324590,nan,nan
1706174324601,nan,nan
1706174324612,nan,nan
1706174324623,nan,nan
1706174324635,0.5666387379169464,0.5469294786453247
1706174324667,0.5666387379169464,0.5469294786453247
1706174324668,0.5666387379169464,0.5469294786453247
1706174324668,0.48947906494140625,0.5907714366912842
1706174324686,0.4971839338541031,0.5939182341098785
1706174324690,0.4971839338541031,0.5939182341098785
1706174324703,0.50107242166996,0.593948483467102
1706174324713,0.5022264868021011,0.5909185409545898
1706174324724,0.5077422857284546,0.5858229994773865
1706174324735,0.5088041126728058,0.5863797664642334
1706174324746,0.5067359209060669,0.5795985162258148
1706174324758,0.5093992054462433,0.5807035267353058
1706174324769,0.5072813034057617,0.5791493952274323
1706174324780,0.5104143917560577,0.5712167918682098
1706174324818,0.5080435574054718,0.5692274272441864
1706174324818,0.5098816752433777,0.5697486996650696
1706174324818,0.5064896643161774,0.5741370320320129
1706174324824,0.5069658756256104,0.5754284560680389
1706174324836,0.5069372951984406,0.5732158720493317
1706174324846,0.5101906359195709,0.5679464638233185
1706174324857,0.5095033943653107,0.5649040639400482
1706174324868,0.5102227032184601,0.5636847019195557
1706174324879,0.5109117031097412,0.5630165040493011
1706174324891,0.5101748704910278,0.5621353685855865
1706174324902,0.5101706683635712,0.5623766779899597
1706174324913,0.5089535713195801,0.5603666007518768
1706174324925,0.5084905326366425,0.5576821863651276
1706174324936,0.508968710899353,0.5631641447544098
1706174324968,0.509538859128952,0.5649725198745728
1706174324969,0.5114928781986237,0.5668602883815765
1706174324969,0.5106204152107239,0.5672983229160309
1706174324985,0.5156727135181427,0.5709367990493774
1706174324992,0.5156156122684479,0.5704836249351501
1706174325002,0.519184947013855,0.5696532726287842
1706174325013,0.5204392671585083,0.5656460225582123
1706174325024,0.5216661989688873,0.5705974400043488
1706174325035,0.5212336778640747,0.5684019327163696
1706174325046,0.5203651189804077,0.5730891823768616
1706174325057,0.5215131640434265,0.5723271667957306
1706174325068,0.5227738916873932,0.5712210834026337
1706174325079,0.5249861478805542,0.568941205739975
1706174325118,0.522614598274231,0.5678232312202454
1706174325119,0.5229766070842743,0.5672820210456848
1706174325119,0.5225048959255219,0.5696927011013031
1706174325124,0.5235311090946198,0.5693913102149963
1706174325135,0.5245508849620819,0.5723563134670258
1706174325146,0.5233272314071655,0.5669580698013306
1706174325158,0.5230423808097839,0.5662293136119843
1706174325169,0.5225077867507935,0.5626848638057709
1706174325180,0.5232076346874237,0.5640256106853485
1706174325190,0.5228867828845978,0.5641768872737885
1706174325201,0.5238462686538696,0.5668216645717621
1706174325213,0.5223914980888367,0.5684472620487213
1706174325224,0.5146161317825317,0.5712648034095764
1706174325235,0.5054723024368286,0.5662259757518768
1706174325267,0.4914938807487488,0.5637400448322296
1706174325268,0.492851123213768,0.5587315857410431
1706174325268,0.49264127016067505,0.561312198638916
1706174325284,0.4947999566793442,0.562131404876709
1706174325290,0.4946453869342804,0.5636658072471619
1706174325301,0.4945431053638458,0.5642069876194
1706174325312,0.4946431964635849,0.5665183663368225
1706174325323,0.4955691546201706,0.5670512616634369
1706174325335,0.49730151891708374,0.5650848746299744
1706174325345,0.4958103448152542,0.5660079717636108
1706174325357,0.49420037865638733,0.5626048743724823
1706174325368,0.49424901604652405,0.5607775747776031
1706174325402,0.49347344040870667,0.5598010420799255
1706174325402,0.49370716512203217,0.5566738545894623
1706174325402,0.5578912794589996,0.6093671023845673
1706174325418,0.631392776966095,0.671225905418396
1706174325422,0.7528931200504303,0.7725692093372345
1706174325434,nan,nan
1706174325444,nan,nan
1706174325455,nan,nan
1706174325466,nan,nan
1706174325477,nan,nan
1706174325489,nan,nan
1706174325500,nan,nan
1706174325511,nan,nan
1706174325554,nan,nan
1706174325554,nan,nan
1706174325554,nan,nan
1706174325554,nan,nan
1706174325569,nan,nan
1706174325583,nan,nan
1706174325601,nan,nan
1706174325611,nan,nan
1706174325623,nan,nan
1706174325634,nan,nan
1706174325645,nan,nan
1706174325656,nan,nan
1706174325668,nan,nan
1706174325707,nan,nan
1706174325707,nan,nan
1706174325708,nan,nan
1706174325711,nan,nan
1706174325724,nan,nan
1706174325734,nan,nan
1706174325746,nan,nan
1706174325757,nan,nan
1706174325768,nan,nan
1706174325778,nan,nan
1706174325790,nan,nan
1706174325801,nan,nan
1706174325811,nan,nan
1706174325823,nan,nan
1706174325858,nan,nan
1706174325859,nan,nan
1706174325859,nan,nan
1706174325874,nan,nan
1706174325878,nan,nan
1706174325892,nan,nan
1706174325901,nan,nan
1706174325911,nan,nan
1706174325923,nan,nan
1706174325935,nan,nan
1706174325943,nan,nan
1706174325956,nan,nan
1706174325968,nan,nan
1706174326001,nan,nan
1706174326002,nan,nan
1706174326002,nan,nan
1706174326011,nan,nan
1706174326022,nan,nan
1706174326034,nan,nan
1706174326044,nan,nan
1706174326056,nan,nan
1706174326067,nan,nan
1706174326077,nan,nan
1706174326089,nan,nan
1706174326101,nan,nan
1706174326111,nan,nan
1706174326123,nan,nan
1706174326155,nan,nan
1706174326155,nan,nan
1706174326156,nan,nan
1706174326172,nan,nan
1706174326179,nan,nan
1706174326190,nan,nan
1706174326209,nan,nan
1706174326224,nan,nan
1706174326235,nan,nan
1706174326246,nan,nan
1706174326258,nan,nan
1706174326269,nan,nan
1706174326306,nan,nan
1706174326306,nan,nan
1706174326307,0.7347143292427063,0.656552255153656
1706174326312,0.7347143292427063,0.656552255153656
1706174326323,0.7347143292427063,0.656552255153656
1706174326336,0.7066506147384644,0.6431344747543335
1706174326345,0.7066506147384644,0.6431344747543335
1706174326357,0.7066506147384644,0.6431344747543335
1706174326368,0.5509209632873535,0.5381962060928345
1706174326379,0.5730546712875366,0.5307813286781311
1706174326390,0.5730546712875366,0.5307813286781311
1706174326402,0.5766007304191589,0.5449848771095276
1706174326413,0.5720997452735901,0.5506808161735535
1706174326433,0.5720997452735901,0.5506808161735535
1706174326453,0.5701005458831787,0.5401722192764282
1706174326454,0.5711733102798462,0.5374507308006287
1706174326457,0.5720605850219727,0.5375738143920898
1706174326472,0.5723969340324402,0.5325239300727844
1706174326480,0.5705742835998535,0.5296884179115295
1706174326491,0.572706401348114,0.531643271446228
1706174326502,0.5711328387260437,0.5363749265670776
1706174326513,0.5705643892288208,0.5368925333023071
1706174326524,0.5677386522293091,0.5346919298171997
1706174326535,0.5814312696456909,0.5309537649154663
1706174326546,0.6585575938224792,0.5308654308319092
1706174326558,0.7062142491340637,0.535362184047699
1706174326569,0.7511734366416931,0.5443543195724487
1706174326603,0.8069431781768799,0.5583582520484924
1706174326604,0.8085281848907471,0.5586260557174683
1706174326604,0.8106123208999634,0.5561974048614502
1706174326621,0.8098013997077942,0.5594742894172668
1706174326625,0.8103854656219482,0.5562126636505127
1706174326636,0.8098220229148865,0.5585817098617554
1706174326647,0.8096040487289429,0.55479896068573
1706174326658,0.8106972575187683,0.5587753057479858
1706174326669,0.8118577003479004,0.5593495965003967
1706174326680,0.8129293918609619,0.5645239949226379
1706174326690,0.8127759099006653,0.5634493827819824
1706174326702,0.8110567927360535,0.5655186772346497
1706174326712,0.8122630715370178,0.5624629855155945
1706174326754,0.8112476468086243,0.5651547312736511
1706174326755,0.8113418817520142,0.5643954277038574
1706174326755,0.8137601613998413,0.5600892305374146
1706174326757,0.8166435360908508,0.5549802184104919
1706174326771,0.8223815560340881,0.54786217212677
1706174326779,0.8374345898628235,0.5467590093612671
1706174326791,nan,nan
1706174326801,nan,nan
1706174326811,nan,nan
1706174326823,nan,nan
1706174326834,nan,nan
1706174326845,nan,nan
1706174326856,nan,nan
1706174326867,nan,nan
1706174326905,nan,nan
1706174326906,nan,nan
1706174326907,nan,nan
1706174326927,nan,nan
1706174326939,nan,nan
1706174326948,nan,nan
1706174326960,nan,nan
1706174326972,nan,nan
1706174326982,nan,nan
1706174326993,nan,nan
1706174327039,nan,nan
1706174327040,nan,nan
1706174327040,nan,nan
1706174327040,nan,nan
1706174327054,nan,nan
1706174327060,nan,nan
1706174327072,nan,nan
1706174327081,nan,nan
1706174327092,nan,nan
1706174327105,nan,nan
1706174327114,nan,nan
1706174327126,nan,nan
1706174327138,nan,nan
1706174327148,nan,nan
1706174327188,nan,nan
1706174327189,nan,nan
1706174327189,nan,nan
1706174327193,nan,nan
1706174327205,nan,nan
1706174327214,nan,nan
1706174327226,nan,nan
1706174327238,nan,nan
1706174327248,nan,nan
1706174327259,nan,nan
1706174327272,nan,nan
1706174327281,nan,nan
1706174327293,nan,nan
1706174327339,nan,nan
1706174327340,nan,nan
1706174327340,nan,nan
1706174327340,nan,nan
1706174327348,nan,nan
1706174327360,nan,nan
1706174327373,nan,nan
1706174327381,nan,nan
1706174327393,nan,nan
1706174327405,nan,nan
1706174327415,nan,nan
1706174327426,nan,nan
1706174327438,nan,nan
1706174327448,nan,nan
1706174327489,nan,nan
1706174327490,nan,nan
1706174327490,nan,nan
1706174327493,nan,nan
1706174327506,nan,nan
1706174327514,nan,nan
1706174327526,nan,nan
1706174327538,nan,nan
1706174327547,nan,nan
1706174327559,nan,nan
1706174327571,nan,nan
1706174327581,nan,nan
1706174327593,nan,nan
1706174327604,nan,nan
1706174327641,nan,nan
1706174327641,nan,nan
1706174327641,nan,nan
1706174327647,nan,nan
1706174327659,nan,nan
1706174327673,nan,nan
1706174327681,nan,nan
1706174327693,nan,nan
1706174327705,nan,nan
1706174327714,nan,nan
1706174327727,nan,nan
1706174327738,nan,nan
1706174327772,nan,nan
1706174327773,nan,nan
1706174327773,nan,nan
1706174327781,nan,nan
1706174327793,nan,nan
1706174327805,nan,nan
1706174327814,nan,nan
1706174327825,nan,nan
1706174327837,nan,nan
1706174327847,nan,nan
1706174327859,nan,nan
1706174327871,nan,nan
1706174327881,nan,nan
1706174327901,nan,nan
1706174327922,nan,nan
1706174327922,nan,nan
1706174327925,nan,nan
1706174327940,nan,nan
1706174327948,nan,nan
1706174327959,nan,nan
1706174327971,nan,nan
1706174327980,nan,nan
1706174327992,nan,nan
1706174328004,nan,nan
1706174328014,nan,nan
1706174328026,nan,nan
1706174328038,nan,nan
1706174328073,nan,nan
1706174328073,nan,nan
1706174328073,nan,nan
1706174328081,nan,nan
1706174328092,nan,nan
1706174328106,nan,nan
1706174328114,nan,nan
1706174328126,nan,nan
1706174328138,nan,nan
1706174328148,nan,nan
1706174328159,nan,nan
1706174328171,nan,nan
1706174328181,nan,nan
1706174328219,nan,nan
1706174328220,nan,nan
1706174328220,nan,nan
1706174328225,nan,nan
1706174328237,nan,nan
1706174328252,nan,nan
1706174328259,nan,nan
1706174328270,nan,nan
1706174328280,nan,nan
1706174328292,nan,nan
1706174328304,nan,nan
1706174328313,nan,nan
1706174328325,nan,nan
1706174328337,nan,nan
1706174328371,nan,nan
1706174328371,nan,nan
1706174328371,nan,nan
1706174328387,nan,nan
1706174328392,nan,nan
1706174328405,nan,nan
1706174328414,nan,nan
1706174328425,nan,nan
1706174328437,nan,nan
1706174328447,nan,nan
1706174328459,nan,nan
1706174328471,nan,nan
1706174328481,nan,nan
1706174328520,nan,nan
1706174328521,nan,nan
1706174328521,nan,nan
1706174328526,nan,nan
1706174328538,nan,nan
1706174328548,nan,nan
1706174328559,nan,nan
1706174328570,nan,nan
1706174328580,nan,nan
1706174328592,nan,nan
1706174328604,nan,nan
1706174328614,nan,nan
1706174328658,nan,nan
1706174328659,nan,nan
1706174328659,nan,nan
1706174328659,nan,nan
1706174328676,nan,nan
1706174328680,nan,nan
1706174328692,nan,nan
1706174328703,nan,nan
1706174328713,nan,nan
1706174328725,nan,nan
1706174328736,nan,nan
1706174328746,nan,nan
1706174328758,nan,nan
1706174328770,nan,nan
1706174328807,nan,nan
1706174328808,nan,nan
1706174328808,nan,nan
1706174328813,nan,nan
1706174328826,nan,nan
1706174328837,nan,nan
1706174328847,nan,nan
1706174328858,nan,nan
1706174328870,nan,nan
1706174328880,nan,nan
1706174328892,nan,nan
1706174328903,nan,nan
1706174328913,nan,nan
1706174328925,nan,nan
1706174328958,nan,nan
1706174328959,nan,nan
1706174328959,nan,nan
1706174328978,nan,nan
1706174328980,nan,nan
1706174328994,nan,nan
1706174329003,nan,nan
1706174329013,nan,nan
1706174329025,nan,nan
1706174329037,nan,nan
1706174329047,nan,nan
1706174329059,nan,nan
1706174329070,nan,nan
1706174329108,nan,nan
1706174329108,nan,nan
1706174329108,nan,nan
1706174329113,nan,nan
1706174329126,nan,nan
1706174329136,nan,nan
1706174329146,nan,nan
1706174329158,nan,nan
1706174329170,nan,nan
1706174329180,nan,nan
1706174329191,nan,nan
1706174329203,nan,nan
1706174329213,nan,nan
1706174329238,nan,nan
1706174329259,nan,nan
1706174329260,nan,nan
1706174329260,nan,nan
1706174329277,nan,nan
1706174329280,nan,nan
1706174329293,nan,nan
1706174329303,nan,nan
1706174329313,nan,nan
1706174329325,nan,nan
1706174329336,nan,nan
1706174329347,nan,nan
1706174329359,nan,nan
1706174329370,nan,nan
1706174329417,nan,nan
1706174329417,nan,nan
1706174329417,nan,nan
1706174329417,nan,nan
1706174329426,nan,nan
1706174329436,nan,nan
1706174329446,nan,nan
1706174329458,nan,nan
1706174329469,nan,nan
1706174329479,nan,nan
1706174329491,nan,nan
1706174329503,nan,nan
1706174329513,nan,nan
1706174329525,nan,nan
1706174329536,nan,nan
1706174329576,nan,nan
1706174329577,nan,nan
1706174329577,nan,nan
1706174329579,nan,nan
1706174329595,nan,nan
1706174329603,nan,nan
1706174329613,nan,nan
1706174329625,nan,nan
1706174329636,nan,nan
1706174329647,nan,nan
1706174329658,nan,nan
1706174329670,nan,nan
1706174329681,nan,nan
1706174329703,nan,nan
1706174329723,nan,nan
1706174329724,nan,nan
1706174329726,nan,nan
1706174329744,nan,nan
1706174329759,nan,nan
1706174329769,nan,nan
1706174329780,nan,nan
1706174329791,nan,nan
1706174329803,nan,nan
1706174329812,nan,nan
1706174329855,nan,nan
1706174329856,nan,nan
1706174329856,nan,nan
1706174329872,nan,nan
1706174329891,nan,nan
1706174329905,nan,nan
1706174329916,0.7495883703231812,0.6337873935699463
1706174329927,0.7495883703231812,0.6337873935699463
1706174329939,0.7495266795158386,0.6377943754196167
1706174329950,0.7493476271629333,0.6494275331497192
1706174329961,0.7493476271629333,0.6494275331497192
1706174329972,0.5628610253334045,0.5743786692619324
1706174330011,0.5524241626262665,0.5446841716766357
1706174330011,0.5522817373275757,0.5452829897403717
1706174330011,0.5517968833446503,0.5462487637996674
1706174330018,0.5548646748065948,0.5433803498744965
1706174330029,0.5544675588607788,0.5438792705535889
1706174330039,0.55562824010849,0.5418393909931183
1706174330051,0.5537674427032471,0.5399894118309021
1706174330062,0.5542767345905304,0.5459296107292175
1706174330073,0.5516363382339478,0.5462085008621216
1706174330084,0.5536165833473206,0.5409348607063293
1706174330095,0.553060919046402,0.5332323908805847
1706174330107,0.5534538924694061,0.5367190837860107
1706174330118,0.5544412434101105,0.5452856421470642
1706174330166,0.5529190599918365,0.545244425535202
1706174330167,0.553370863199234,0.5452286303043365
1706174330167,0.5548655390739441,0.5371147990226746
1706174330167,0.5557797849178314,0.5386036038398743
1706174330173,0.5568109452724457,0.5321161150932312
1706174330184,0.5520181357860565,0.5373528301715851
1706174330195,0.5525689721107483,0.5379523932933807
1706174330206,0.5532300770282745,0.5409014821052551
1706174330217,0.5548578202724457,0.540123850107193
1706174330229,0.5548037886619568,0.5386175215244293
1706174330239,0.5523390769958496,0.542349249124527
1706174330251,0.5543917715549469,0.5457731783390045
1706174330262,0.5543066561222076,0.5446296036243439
1706174330273,0.5556422472000122,0.5403195023536682
1706174330284,0.5530072152614594,0.5382513105869293
1706174330327,0.5528725385665894,0.540452241897583
1706174330328,0.5525592565536499,0.5423867404460907
1706174330328,0.5509553849697113,0.545622855424881
1706174330329,0.5515584647655487,0.5472549796104431
1706174330344,0.552506148815155,0.5495692491531372
1706174330352,0.556051105260849,0.5482409000396729
1706174330364,0.5573230385780334,0.5476590096950531
1706174330373,0.5552464723587036,0.5469733774662018
1706174330384,0.5544508695602417,0.5482358932495117
1706174330394,0.5547520220279694,0.550424724817276
1706174330405,0.5577074587345123,0.5458290874958038
1706174330417,0.5588016510009766,0.5435696244239807
1706174330428,0.5801986753940582,0.548876941204071
1706174330439,0.6139625608921051,0.5519816875457764
1706174330478,0.7177823483943939,0.5689307153224945
1706174330478,0.8533584475517273,0.5594951212406158
1706174330479,0.8696248233318329,0.55442214012146
1706174330484,0.8745467662811279,0.5563158690929413
1706174330495,0.8754361271858215,0.5518826544284821
1706174330506,0.8762601912021637,0.5537935495376587
1706174330517,0.8784080147743225,0.555064857006073
1706174330529,0.8779272437095642,0.5533101856708527
1706174330540,0.8771263659000397,0.5531689524650574
1706174330551,0.8753684759140015,0.5557930171489716
1706174330562,0.8756623864173889,0.5620332360267639
1706174330572,0.8722913861274719,0.5601051151752472
1706174330583,0.8716268241405487,0.5605714321136475
1706174330624,0.8720927834510803,0.558749794960022
1706174330625,0.8737945854663849,0.5607698261737823
1706174330625,0.8767463564872742,0.5607261657714844
1706174330627,0.8765914142131805,0.5583447813987732
1706174330641,0.8748761713504791,0.5574949085712433
1706174330650,0.8740142583847046,0.5554412305355072
1706174330661,0.8738195896148682,0.5553113520145416
1706174330672,0.874285101890564,0.555396556854248
1706174330683,0.8741819858551025,0.5594247579574585
1706174330694,0.874016672372818,0.5652784109115601
1706174330705,0.8735146820545197,0.5678598880767822
1706174330717,0.8747518658638,0.5801076292991638
1706174330727,0.8955273032188416,0.5868035554885864
1706174330738,0.9357476830482483,0.6371307373046875
1706174330778,1.0369415283203125,0.6877374649047852
1706174330779,nan,nan
1706174330779,nan,nan
1706174330781,nan,nan
1706174330796,nan,nan
1706174330804,nan,nan
1706174330815,nan,nan
1706174330826,nan,nan
1706174330836,nan,nan
1706174330847,nan,nan
1706174330858,nan,nan
1706174330869,nan,nan
1706174330881,nan,nan
1706174330890,nan,nan
1706174330924,nan,nan
1706174330927,nan,nan
1706174330941,nan,nan
1706174330949,nan,nan
1706174330960,nan,nan
1706174330971,nan,nan
1706174330982,nan,nan
1706174330993,nan,nan
1706174331004,nan,nan
1706174331014,nan,nan
1706174331059,nan,nan
1706174331060,nan,nan
1706174331060,nan,nan
1706174331060,nan,nan
1706174331077,nan,nan
1706174331081,nan,nan
1706174331095,nan,nan
1706174331105,nan,nan
1706174331115,nan,nan
1706174331126,nan,nan
1706174331138,nan,nan
1706174331148,nan,nan
1706174331159,nan,nan
1706174331171,nan,nan
1706174331209,nan,nan
1706174331209,nan,nan
1706174331209,nan,nan
1706174331215,nan,nan
1706174331227,nan,nan
1706174331239,nan,nan
1706174331248,nan,nan
1706174331260,nan,nan
1706174331272,nan,nan
1706174331281,nan,nan
1706174331293,nan,nan
1706174331305,nan,nan
1706174331315,nan,nan
1706174331327,nan,nan
1706174331360,nan,nan
1706174331360,nan,nan
1706174331361,nan,nan
1706174331378,nan,nan
1706174331381,nan,nan
1706174331393,nan,nan
1706174331405,nan,nan
1706174331414,nan,nan
1706174331426,nan,nan
1706174331438,nan,nan
1706174331448,nan,nan
1706174331460,nan,nan
1706174331472,nan,nan
1706174331482,nan,nan
1706174331493,nan,nan
1706174331528,nan,nan
1706174331529,nan,nan
1706174331529,nan,nan
1706174331538,nan,nan
1706174331549,nan,nan
1706174331559,nan,nan
1706174331571,nan,nan
1706174331580,nan,nan
1706174331593,nan,nan
1706174331604,nan,nan
1706174331614,nan,nan
1706174331626,nan,nan
1706174331638,nan,nan
1706174331655,nan,nan
1706174331676,nan,nan
1706174331676,nan,nan
1706174331681,nan,nan
1706174331695,nan,nan
1706174331704,nan,nan
1706174331714,nan,nan
1706174331726,nan,nan
1706174331738,nan,nan
1706174331748,nan,nan
1706174331759,nan,nan
