timestamp,x,y
1706174300852,1330.1763377700215,961.4258125424385
1706174300863,1330.9792381072539,961.2187653779984
1706174300874,1333.1073868369851,956.2083542346954
1706174300885,1332.0936716153615,952.5654792785645
1706174300920,1330.5825988694996,953.3791437745094
1706174300921,1327.2184820906473,952.0596250891685
1706174300922,1330.479877237767,953.3671110868454
1706174300929,1332.8656081444867,952.4719074368477
1706174300946,1338.5370593661262,949.6572211384773
1706174300951,1351.5382438656588,905.8766692876816
1706174300964,1370.0415712275862,824.3981741368771
1706174300973,1424.176397009151,633.4105353802443
1706174300985,1438.7301859310865,572.3364774137735
1706174300996,1448.349833547712,540.7689832150936
1706174301007,1449.6690070809263,527.8160709887743
1706174301018,1443.799410897011,528.8351405411959
1706174301029,1448.0339916762473,529.6323698014021
1706174301040,1450.2875164611378,532.9838909208775
1706174301052,1450.7591588986784,535.5040665715933
1706174301087,1452.1248387778899,535.1220216602087
1706174301088,1452.4817639638209,531.237268447876
1706174301095,1448.4182074347955,534.4229012727737
1706174301106,1453.5836715524986,537.331124022603
1706174301118,1455.3203375389753,539.4060760736465
1706174301128,1459.903378895618,535.3190958499908
1706174301139,1455.1993425423518,538.6632557958364
1706174301151,1448.3514123539221,536.3902881741524
1706174301162,1404.6158616005996,533.5911523550749
1706174301173,1238.1055699538463,525.4507277160883
1706174301183,1181.1264536123983,526.9919132813811
1706174301195,1023.9439613470722,528.8776159286499
1706174301235,787.4075706044104,520.7494575530291
1706174301236,793.3823171484714,514.6473489701748
1706174301240,790.3683826729268,510.47554537653923
1706174301251,781.5572719803715,507.40379486232996
1706174301264,780.3231973194124,510.0343244150281
1706174301273,779.2951309259333,507.9134039580822
1706174301284,781.3267565819721,511.1596142873168
1706174301295,782.2472862232748,507.5407303869724
1706174301307,778.5246408223601,506.77115861326456
1706174301318,748.470456734676,506.5472515299916
1706174301329,683.4171740766167,505.4012866690755
1706174301340,539.6215209688135,507.28570464998484
1706174301361,510.15555236840845,508.3711167797446
1706174301382,508.44915642920955,511.48808896541595
1706174301384,510.7699010553033,520.5519445240498
1706174301399,503.3983486108454,520.2091686427593
1706174301407,502.4303870563577,514.7726587951183
1706174301418,502.8851839398388,509.1871241107583
1706174301429,503.2991613375635,508.24978835880756
1706174301440,500.3226685877452,508.0853970721364
1706174301451,497.79363416341465,508.701697178185
1706174301462,496.3561624156434,508.502135053277
1706174301473,492.3279662492023,509.9823113530874
1706174301484,489.19642846943094,504.50768265873194
1706174301529,491.40495184069454,503.4761168062687
1706174301531,483.2490574921065,504.70908507704735
1706174301538,nan,nan
1706174301555,nan,nan
1706174301561,nan,nan
1706174301572,nan,nan
1706174301584,734.9136902871642,1011.8587136268616
1706174301594,734.9136902871642,1011.8587136268616
1706174301606,897.7416261474567,827.5127574801445
1706174301617,847.0668472582679,711.0614538192749
1706174301629,844.9104266507975,600.6545513868332
1706174301640,824.4868714323014,500.1433666795492
1706174301650,860.1004662318325,468.79539117217064
1706174301661,874.4007125418108,497.03023079782724
1706174301702,869.4022354284916,494.5454949513078
1706174301703,869.1151142790475,488.7474240735173
1706174301706,867.2206430117959,481.39937315136194
1706174301719,866.2973288895997,482.48746786266565
1706174301728,868.3982632834583,480.74016235768795
1706174301740,867.4458038053506,484.8688889294863
1706174301750,882.7569001191207,480.73464147746563
1706174301762,936.8432285298998,480.0490153953433
1706174301773,1085.1444563536747,475.5163798108697
1706174301784,1132.3596801442113,476.01658571511507
1706174301795,1144.9702100349434,473.7010754644871
1706174301806,1140.5510887477174,474.95626881718636
1706174301817,1140.3061010952672,475.4486145451665
1706174301853,1140.6965399777243,477.80958358198404
1706174301854,1141.5947701697123,477.73637883365154
1706174301862,1138.3151102203133,472.79265001416206
1706174301874,1143.431832653577,474.817287735641
1706174301884,1147.1811461719903,477.01357174664736
1706174301897,1152.1140785596863,478.19834910333157
1706174301906,1147.7210363314448,475.5292547866702
1706174301918,1140.1322197183001,474.16088692843914
1706174301929,1155.694014106968,474.6026564389467
1706174301940,1239.7087147166615,472.80892953276634
1706174301951,1295.020877029764,474.7338304296136
1706174301962,1335.4969114061232,471.35971263051033
1706174301983,1363.5050313651739,471.4289430528879
1706174302012,1360.6401272740966,472.36941792070866
1706174302014,1359.3996299506857,471.6709239408374
1706174302018,1359.2422540737882,472.11865317076445
1706174302034,1359.3613357750553,471.00393790751696
1706174302039,1358.773821965908,471.2644562125206
1706174302051,1360.0688469263996,467.94977989047766
1706174302062,1361.1170676696015,468.3738259598613
1706174302072,1365.4373021779425,469.45059578865767
1706174302084,1370.390942481841,469.8179254308343
1706174302095,1372.7740473914353,470.8642879500985
1706174302106,1374.9683093947215,473.81890024989843
1706174302117,1374.2488570583416,474.3920808658004
1706174302129,1374.165246148086,473.8411217927933
1706174302140,1373.345763830577,469.33576855808496
1706174302151,1379.7713485526392,471.0184868425131
1706174302187,1414.9270553967972,471.7636924237013
1706174302195,1552.241568947692,461.91160026937723
1706174302206,1542.7788897254934,461.94510953500867
1706174302219,1542.7120662009447,464.08970784395933
1706174302229,1543.2954250849039,467.38882306963205
1706174302239,1542.316535008142,470.07865961641073
1706174302250,1540.053131743402,472.16712012887
1706174302261,1539.8275678656453,471.3237242773175
1706174302272,1538.9600240706807,468.86016242206097
1706174302284,1540.36313779909,468.4005420655012
1706174302295,1540.8696243342256,469.09204646945
1706174302339,1544.2944656104721,469.9653435498476
1706174302340,1546.680652201334,469.18998192995787
1706174302350,1327.2039347983466,469.8103094473481
1706174302368,1124.7531401532328,478.5442623309791
1706174302373,706.5760858354703,502.67768781632185
1706174302385,643.3355561851159,509.0037105605006
1706174302395,564.5674768278925,524.3922794237733
1706174302406,495.55721560743297,528.6490125581622
1706174302417,495.2561600560481,531.0429334640503
1706174302429,490.1023888522022,526.9965671002865
1706174302439,493.24660380138744,528.654296323657
1706174302450,489.1659339290486,524.6266443282366
1706174302461,488.42846267346306,523.8328337669373
1706174302506,488.6964045525271,523.7708017230034
1706174302507,496.0156872571033,524.5543455705047
1706174302521,630.7282841218878,527.9937513172626
1706174302528,786.8672041245203,516.7207190766931
1706174302540,1159.810514817838,487.85144183784723
1706174302550,1288.6051752746005,482.23775420337915
1706174302562,1380.586406570522,471.53488025069237
1706174302573,1455.087740233799,468.3572703972459
1706174302584,1451.9292740685644,469.49570775032043
1706174302595,1446.2467457906062,471.5067697688937
1706174302606,1449.8002732777363,471.8554275110364
1706174302617,1454.9491682919884,467.15721506625414
1706174302651,1455.747886837033,468.11809949576855
1706174302652,1453.5893784964883,468.49560029804707
1706174302668,1450.787863737044,466.19783118367195
1706174302672,1450.679715956243,463.4423350915313
1706174302683,1448.6745195689166,462.34291549772024
1706174302694,1462.6776915127014,465.48813972622156
1706174302705,1517.56023644242,465.6533945351839
1706174302716,1537.4685333611449,459.5910858362913
1706174302728,1548.8274673804801,456.5861485898495
1706174302738,1549.7556010368749,455.36091662943363
1706174302750,1553.1310961172858,458.8885414414108
1706174302761,1555.7582691890977,459.28796296939254
1706174302772,1552.0353888760442,457.94290667399764
1706174302805,1550.090555328415,456.9054094143212
1706174302806,1547.880124086267,461.7685705423355
1706174302822,1531.2255566994004,470.5831229686737
1706174302828,1458.093878025027,469.3910109810531
1706174302839,1196.3010059056146,483.0131158232689
1706174302849,1119.6619270631995,487.65981774777174
1706174302861,898.0118330133937,508.42832513153553
1706174302872,479.84172584085616,544.5649033412337
1706174302883,461.4360419115158,543.8364055007696
1706174302894,398.08795128417745,554.3215975165367
1706174302905,322.9615101753523,560.1466994732618
1706174302917,315.2773905214219,557.9733837395906
1706174302928,312.18581870373123,559.8231475800276
1706174302970,319.39881827220563,559.8828934133053
1706174302972,313.2156317925685,562.4077901244164
1706174302987,313.2201845486028,561.4908214658499
1706174302995,313.7974247666706,563.1894759833813
1706174303007,310.696420883756,563.9507487416267
1706174303016,311.67117755529995,562.6159768551588
1706174303028,315.1340569081929,559.38919223845
1706174303038,313.1875689311243,559.8476801067591
1706174303049,309.1068526739506,558.7855476886034
1706174303061,302.48668842774913,558.553196489811
1706174303072,306.8341959164304,558.2270186394453
1706174303083,311.12097099747086,561.1107725650072
1706174303116,313.74265910340023,562.166640907526
1706174303117,333.2458416781036,558.3998363465071
1706174303134,382.26919968425375,556.1271447688341
1706174303138,418.2956413984102,551.4970161020756
1706174303150,415.8276992071439,551.8065746873617
1706174303161,412.7392648275558,547.8021740913391
1706174303172,410.61012077410135,546.8003749847412
1706174303183,411.7941619809236,548.0079047381878
1706174303194,413.8896912609962,548.662044107914
1706174303205,414.92250030772584,553.3076737076044
1706174303216,419.3746970867988,553.066574037075
1706174303255,420.7806051932943,553.8687083870173
1706174303261,422.503684345295,550.1136463135481
1706174303273,426.9955303796415,549.5843920856714
1706174303283,447.63484981517394,548.0431109666824
1706174303294,506.950249881409,545.1790269464254
1706174303305,654.0982620264449,541.1331843584776
1706174303316,694.0391625957158,540.2120608836412
1706174303328,704.6619830966798,537.5377677381039
1706174303339,700.046043577117,538.3149165660143
1706174303350,698.2534952522318,536.7977149784565
1706174303361,703.8549508012734,533.992743305862
1706174303401,703.8955662877514,534.5656691119075
1706174303405,695.7786561912507,532.5934585183859
1706174303418,698.7737402784825,533.6669016629457
1706174303427,700.9170127921215,534.9813736975193
1706174303438,700.4782234820287,533.5312366485596
1706174303449,704.8688035604382,530.153969116509
1706174303460,710.5452825371162,524.7605964541435
1706174303471,745.7773256945951,586.5739427506924
1706174303481,807.9278522397071,699.2114931344986
1706174303492,856.2905240749218,842.8963080048561
1706174303503,nan,nan
1706174303514,nan,nan
1706174303551,nan,nan
1706174303560,1219.4736971150303,770.4044610261917
1706174303571,1190.2898059511117,955.5000394582748
1706174303584,1159.5724996055026,899.1827011108398
1706174303594,1130.147032380696,843.6251066625118
1706174303605,1025.5736813099145,584.6619168296456
1706174303616,988.7488848891235,520.64438033849
1706174303627,989.0132180709729,536.4953972399235
1706174303638,990.159720082619,532.9884987324476
1706174303650,991.227313113207,535.4914074763656
1706174303661,990.4816198958118,531.3654448837042
1706174303702,987.0422194335213,529.6959554776549
1706174303705,989.4335593173944,530.7519901543856
1706174303718,981.9040936299856,522.63008877635
1706174303728,946.1066293133332,527.6425490155816
1706174303739,795.4718566664415,538.149251230061
1706174303750,721.6044949500272,548.2069112360477
1706174303760,611.9962253654264,550.6924822926521
1706174303771,477.2193917301891,540.871699899435
1706174303782,469.44675909107326,538.2432088255882
1706174303793,475.4462738233285,539.0061236917973
1706174303804,472.9852002407962,545.0443033128977
1706174303816,472.1560294099425,545.8887998014688
1706174303850,469.0941405436384,541.8316677212715
1706174303851,472.9510567027602,539.0716664493084
1706174303867,476.1122563461349,546.6958180069923
1706174303871,471.4887661494055,547.1817050129175
1706174303884,473.3564019616007,547.9549467563629
1706174303894,473.1167016806351,543.9426258206367
1706174303904,454.77294645225356,549.6414482593536
1706174303916,434.6149754088664,551.8827699124813
1706174303927,415.7817991697145,554.8044975847006
1706174303938,394.24226385256634,551.3926856219769
1706174303949,395.05130247587306,548.9200249314308
1706174303961,393.0732799788524,549.9321155250072
1706174304002,399.5003820919157,552.5181595236063
1706174304005,407.7861441479503,558.9812982827425
1706174304017,403.8595454008129,560.3652201592922
1706174304028,399.74727767705167,557.7248521149158
1706174304038,401.0361786904455,553.3193878829479
1706174304049,401.1045537342964,553.4877959638834
1706174304061,401.2078634873043,550.755151361227
1706174304071,399.6277038580203,546.6726869344711
1706174304083,399.1760927780497,542.9519392549992
1706174304094,399.8341656236803,543.4586357325315
1706174304105,381.8808044513033,548.8741662353277
1706174304116,363.29998121306994,551.9684851169586
1706174304151,346.69315847298697,548.4994400292635
1706174304160,320.5336000053669,551.2141417711973
1706174304171,328.04242533099386,551.547234877944
1706174304183,332.99786131768667,553.3808253705502
1706174304194,333.692238898413,549.9012056738138
1706174304204,326.5955359258052,550.771551206708
1706174304215,329.038221778843,552.1255046129227
1706174304227,326.9921388195237,551.2754872441292
1706174304237,330.01963816953,548.3798634260893
1706174304249,330.50479672608685,544.5101581513882
1706174304260,336.080834691626,544.5695996284485
1706174304305,338.14787184436807,548.962677270174
1706174304306,363.6544178732646,553.7254840135574
1706174304320,645.5728572159444,545.0774002820253
1706174304327,662.8804455972589,539.2258830368519
1706174304338,668.0506612147622,538.4310744702816
1706174304349,667.8641537636868,535.9513994306326
1706174304360,669.7341459384126,537.2206144034863
1706174304371,674.4194803923664,540.8411651849747
1706174304382,677.5863680559839,542.4114167690277
1706174304394,675.3903200150983,541.7520184069872
1706174304404,671.4179477961096,535.4940015822649
1706174304416,671.1567208760663,533.9656166732311
1706174304449,671.4023328931846,534.6437152475119
1706174304450,707.1977077916348,545.9835324436426
1706174304464,789.329111085441,547.3150555044413
1706174304471,984.032905757723,554.7148257493973
1706174304483,1033.8822621911104,549.8879343271255
1706174304494,1049.6331853240013,550.7165689021349
1706174304505,1041.41575331899,549.7841488569975
1706174304515,1042.4200084420795,550.5809109658003
1706174304526,1043.2984181205306,550.9843528270721
1706174304537,1051.5151869363824,552.2412307560444
1706174304549,1050.3676894482135,554.1204180568457
1706174304560,1054.5440539430401,552.1597906947136
1706174304603,1050.8308540852902,552.4073172360659
1706174304604,1051.2813047366822,545.5081563442945
1706174304619,1055.9546626631816,544.0845053642988
1706174304627,1058.9399947999036,541.2500642240047
1706174304639,1059.7403043241934,540.312908962369
1706174304649,1062.6979674914287,540.3010249137878
1706174304660,1086.6847698543243,542.662800848484
1706174304671,1167.8198426711542,535.1247750222683
1706174304682,1201.0347065062467,537.8565348684788
1706174304694,1218.1766879931538,536.0750883817673
1706174304704,1221.7723823951073,538.9017011970282
1706174304715,1222.1044179785301,539.4616529345512
1706174304759,1226.5058199119042,542.2509502619505
1706174304761,1222.9551340113742,540.79435095191
1706174304775,1218.9909801825063,533.8669274002314
1706174304782,1220.3098456053622,533.8003937155008
1706174304793,1225.1111800992726,532.8868720680475
1706174304804,1222.7141728401834,535.7311304658651
1706174304815,1198.8901620838963,535.6233458966017
1706174304826,1148.311265791848,542.2059550881386
1706174304837,1041.7225362408576,554.0818780660629
1706174304849,1016.0047907006806,552.620904520154
1706174304860,1015.8647590284779,551.0968301445246
1706174304871,1029.9378591089098,547.8849731385708
1706174304903,1034.3370817511777,547.0840208232403
1706174304904,1030.1244173256136,545.9014553576708
1706174304920,1030.4623985432959,546.4957427233458
1706174304928,1029.3363052431616,544.8531039059162
1706174304937,1075.1751454260411,547.2983796149492
1706174304948,1129.050670284228,549.1831939667463
1706174304959,1202.293520800963,549.8006973415613
1706174304970,1309.5741901328731,540.9628298133612
1706174304981,1322.1966993708106,545.4623684287071
1706174304993,1321.150008874055,545.5066133290529
1706174305004,1319.5833392079933,540.5265316367149
1706174305015,1318.665599198826,539.2786286771297
1706174305053,1319.7234431140312,535.1691968739033
1706174305054,1321.6270181568802,534.5711652189493
1706174305060,1321.8942456934406,530.621824786067
1706174305071,1321.6808054987002,534.6989488229156
1706174305082,1322.7249355426534,538.6291325092316
1706174305093,1323.2757397108544,537.1763341128826
1706174305104,1325.0618505408725,535.0290939211845
1706174305115,1334.472532501107,538.2280688732862
1706174305126,1347.2889761313947,542.1338934451342
1706174305137,1369.5068462308109,550.1729179173708
1706174305149,1369.531457346264,551.4808498322964
1706174305160,1369.470410628689,549.8417146503925
1706174305171,1366.76578789137,550.341035798192
1706174305208,1364.1933335550268,546.0655882954597
1706174305209,1365.1940234414878,547.5750252604485
1706174305215,1370.2425047070385,546.5621773153543
1706174305227,1368.4263341267324,542.3014380037785
1706174305238,1374.1605259717473,542.6821026951075
1706174305249,1370.0293263440933,541.1077741533518
1706174305260,1375.8737294274092,545.8637293428183
1706174305270,1436.4620982041035,524.7826375067234
1706174305281,1495.012183250379,516.4194842800498
1706174305292,1563.9374010528495,500.6587656214833
1706174305303,1637.3174756539195,483.075356669724
1706174305314,1640.9610939696317,479.7792283818126
1706174305354,1638.6933449917142,479.79406751692295
1706174305355,1643.5952622444966,484.2421557754278
1706174305359,1631.6201027038128,483.7969357147813
1706174305372,1629.4662954257192,483.24858490377665
1706174305381,1634.4797810418556,481.78668059408665
1706174305393,1634.5517365694154,483.07058960199356
1706174305403,1638.0373602879579,479.46271914988756
1706174305415,1633.191908005213,477.36734692007303
1706174305426,1632.0490271010992,463.5799412615597
1706174305437,1643.9741284055742,543.5459081083536
1706174305447,1649.5722057682462,568.1804861873388
1706174305458,1657.9180685508466,647.597236931324
1706174305468,nan,nan
1706174305502,nan,nan
1706174305503,nan,nan
1706174305519,nan,nan
1706174305526,nan,nan
1706174305535,nan,nan
1706174305547,nan,nan
1706174305559,1756.5809493443853,615.1620656251907
1706174305570,1716.857486898533,657.0971854031086
1706174305581,1716.857486898533,657.0971854031086
1706174305593,1659.516004886613,597.9469560086727
1706174305604,1553.8883494743488,503.03014647215605
1706174305615,1540.9580971666705,526.3939559459686
1706174305653,1499.7301177858667,603.5311352461576
1706174305659,1403.9023566738376,843.0801816284657
1706174305673,1399.374149757076,855.792461335659
1706174305681,1398.2021518156796,855.5444180965424
1706174305692,1392.8663144134352,854.492449760437
1706174305703,1386.8397342233006,853.5395741462708
1706174305714,1381.4652988634668,856.0033731162548
1706174305725,1376.1465989173037,861.6417065262794
1706174305737,1378.1762959329512,874.2013409733772
1706174305748,1379.3426360086437,886.3662324845791
1706174305759,1383.718680960496,900.8156076073647
1706174305770,1385.1700130137433,917.1251654624939
1706174305807,1385.8234586683102,913.6349499225616
1706174305814,1377.2729427944942,930.3112357854843
1706174305826,1379.7455253608773,932.1274921298027
1706174305837,1379.4659469855815,932.8980654478073
1706174305848,1381.87944316837,927.6674702763557
1706174305859,1380.948424349224,925.2721443772316
1706174305870,1382.0264812508267,924.312898516655
1706174305881,1378.7004101471075,928.495828807354
1706174305892,1377.7110810759518,928.9197191596031
1706174305903,1378.8173202806793,926.6291484236717
1706174305915,1378.2053097062746,924.3822067975998
1706174305953,1373.1932564428694,932.9890325665474
1706174305959,1347.3529976273494,973.9408269524574
1706174305970,1353.9200335009614,973.0662062764168
1706174305981,1354.6115825688448,971.986123919487
1706174305992,1353.6289630997198,970.1469913125038
1706174306004,1352.1548886953094,964.9793341755867
1706174306015,1355.6008812071698,962.0588168501854
1706174306025,1357.5367503780578,962.3603135347366
1706174306036,1359.188247030833,965.2515560388565
1706174306047,1353.4221806715434,970.7878664135933
1706174306058,1356.0008215014134,971.7672988772392
1706174306081,1358.668720504704,973.4204769134521
1706174306101,1359.9913520676935,970.6720128655434
1706174306102,1357.2851313848569,972.1661046147346
1706174306103,1352.1866580754079,974.7572094202042
1706174306116,1353.514655152817,971.3751181960106
1706174306125,1350.7893177844003,969.0408334136009
1706174306137,1350.9589876824596,977.0562455058098
1706174306147,1349.0129662286145,983.6379557847977
1706174306159,1393.0067567601097,985.3220224380493
1706174306170,1505.291684181341,1030.9259936213493
1706174306180,1506.2430944171176,1034.7174510359764
1706174306192,1407.8205667469333,1124.557375907898
1706174306202,1512.376332233495,1198.0786263942719
1706174306238,1512.376332233495,1198.0786263942719
1706174306239,nan,nan
1706174306245,nan,nan
1706174306256,nan,nan
1706174306269,nan,nan
1706174306279,nan,nan
1706174306290,nan,nan
1706174306301,nan,nan
1706174306311,nan,nan
1706174306322,nan,nan
1706174306333,nan,nan
1706174306344,nan,nan
1706174306355,nan,nan
1706174306390,nan,nan
1706174306391,nan,nan
1706174306399,nan,nan
1706174306417,nan,nan
1706174306437,nan,nan
1706174306449,nan,nan
1706174306460,nan,nan
1706174306470,nan,nan
1706174306482,nan,nan
1706174306521,nan,nan
1706174306522,nan,nan
1706174306527,nan,nan
1706174306539,nan,nan
1706174306549,nan,nan
1706174306560,nan,nan
1706174306570,nan,nan
1706174306582,nan,nan
1706174306593,nan,nan
1706174306603,nan,nan
1706174306615,nan,nan
1706174306626,nan,nan
1706174306668,nan,nan
1706174306669,nan,nan
1706174306684,nan,nan
1706174306693,nan,nan
1706174306704,nan,nan
1706174306715,nan,nan
1706174306726,nan,nan
1706174306736,nan,nan
1706174306748,nan,nan
1706174306760,nan,nan
1706174306769,nan,nan
1706174306781,nan,nan
1706174306818,nan,nan
1706174306834,nan,nan
1706174306837,nan,nan
1706174306848,nan,nan
1706174306860,nan,nan
1706174306870,nan,nan
1706174306881,nan,nan
1706174306893,nan,nan
1706174306904,nan,nan
1706174306914,nan,nan
1706174306927,nan,nan
1706174306968,nan,nan
1706174306969,nan,nan
1706174306984,nan,nan
1706174306993,nan,nan
1706174307003,nan,nan
1706174307015,nan,nan
1706174307026,nan,nan
1706174307036,nan,nan
1706174307048,nan,nan
1706174307067,nan,nan
1706174307109,nan,nan
1706174307115,nan,nan
1706174307126,nan,nan
1706174307138,nan,nan
1706174307149,nan,nan
1706174307160,nan,nan
1706174307170,nan,nan
1706174307182,nan,nan
1706174307194,nan,nan
1706174307205,nan,nan
1706174307216,nan,nan
1706174307253,nan,nan
1706174307261,nan,nan
1706174307271,1889.893728296521,1241.2412643432617
1706174307284,1889.893728296521,1241.2412643432617
1706174307294,1350.495918247798,860.7999563217163
1706174307305,1376.448026372012,879.1346155107021
1706174307317,1376.6253401489937,883.4873057901859
1706174307328,1382.1652917790693,893.4867948293686
1706174307340,1392.861407027548,900.5365341901779
1706174307350,1395.848845563265,904.7533825039864
1706174307390,1393.8723164816486,903.4272387623787
1706174307391,1396.603010295374,904.2776808142662
1706174307395,1404.204087049933,904.7149062156677
1706174307407,1404.2688782645528,906.5944969654083
1706174307417,1404.3144754632071,904.7155007719994
1706174307429,1407.7287519501297,902.4495050311089
1706174307440,1402.647333800869,896.7090353369713
1706174307450,1403.7571876181187,894.9474781751633
1706174307462,1398.0152316409556,898.4564363956451
1706174307473,1398.785174149914,897.3701253533363
1706174307484,1394.2379015913032,896.1363926529884
1706174307495,1396.2429555168721,896.5317443013191
1706174307539,1398.9651490364995,895.0340002775192
1706174307540,1402.9264497091278,895.2171519398689
1706174307556,1392.4304405244661,891.9057562947273
1706174307561,1378.5339052174772,876.0478064417839
1706174307573,1420.7953529212639,902.0158611238003
1706174307582,1442.9569181573868,917.1498820185661
1706174307593,1628.1228648894319,1045.3927665948868
1706174307604,nan,nan
1706174307615,nan,nan
1706174307626,nan,nan
1706174307637,nan,nan
1706174307648,nan,nan
1706174307668,nan,nan
1706174307688,nan,nan
1706174307689,nan,nan
1706174307692,nan,nan
1706174307705,nan,nan
1706174307714,nan,nan
1706174307725,nan,nan
1706174307736,nan,nan
1706174307747,nan,nan
1706174307763,nan,nan
1706174307783,nan,nan
1706174307824,nan,nan
1706174307825,nan,nan
1706174307828,nan,nan
1706174307840,nan,nan
1706174307850,nan,nan
1706174307862,nan,nan
1706174307871,nan,nan
1706174307883,nan,nan
1706174307895,nan,nan
1706174307904,nan,nan
1706174307917,nan,nan
1706174307928,nan,nan
1706174307937,nan,nan
1706174307972,nan,nan
1706174307973,nan,nan
1706174307989,nan,nan
1706174307995,nan,nan
1706174308004,nan,nan
1706174308016,nan,nan
1706174308028,nan,nan
1706174308037,nan,nan
1706174308049,nan,nan
1706174308068,nan,nan
1706174308083,nan,nan
1706174308102,nan,nan
1706174308123,nan,nan
1706174308124,nan,nan
1706174308128,nan,nan
1706174308142,nan,nan
1706174308150,nan,nan
1706174308160,nan,nan
1706174308177,nan,nan
1706174308198,nan,nan
1706174308208,nan,nan
1706174308220,nan,nan
1706174308239,nan,nan
1706174308273,nan,nan
1706174308276,nan,nan
1706174308290,nan,nan
1706174308299,nan,nan
1706174308310,nan,nan
1706174308321,nan,nan
1706174308332,nan,nan
1706174308343,nan,nan
1706174308355,nan,nan
1706174308367,1585.5543295117504,740.7424703240395
1706174308377,1570.8915416541913,741.2085883319378
1706174308389,1563.173198076651,740.4369249939919
1706174308421,1563.2337604529491,738.282422721386
1706174308422,1558.868868370564,733.4132753312588
1706174308423,1558.6360697130779,736.7067068815231
1706174308440,1558.8478478214981,743.0488251149654
1706174308445,1555.244727433143,750.2856090664864
1706174308456,1556.500124592753,748.7927913665771
1706174308467,1551.5820431201591,748.1537282466888
1706174308478,1547.6605551410078,753.717940300703
1706174308490,1546.113197196085,762.1880322694778
1706174308501,1518.3684536048108,788.4036347270012
1706174308512,1394.6734619375657,892.1862170100212
1706174308523,1357.947564310622,927.599860727787
1706174308534,1341.3134619308719,941.797724366188
1706174308554,1351.6733940046756,942.5849452614784
1706174308576,1351.462944082021,937.5803664326668
1706174308577,1350.3117591931025,942.1886593103409
1706174308578,1351.2214426299824,942.0834794640541
1706174308593,1351.9382128099785,942.5794526934624
1706174308601,1348.7326406600498,939.1573280096054
1706174308612,1346.0770531737846,937.1119692921638
1706174308623,1346.610466470301,938.3795917034149
1706174308634,1345.0057731101326,942.328380048275
1706174308645,1344.3414070630222,944.9362173676491
1706174308657,1343.2860131984717,949.9415889382362
1706174308667,1343.6886601832514,947.9229286313057
1706174308678,1345.9828110381832,945.846851170063
1706174308689,1342.4405011819304,939.3529087305069
1706174308723,1345.514236203931,939.4822105765343
1706174308725,1341.227845702504,938.071696460247
1706174308741,1340.9129111775476,933.9814886450768
1706174308744,1338.7986275231406,937.015962600708
1706174308756,1339.6596620570951,938.5773807764053
1706174308767,1340.911289984826,942.1391695737839
1706174308778,1341.6840394908004,936.6242066025734
1706174308789,1342.6470899789176,937.4235734343529
1706174308801,1342.3035394090712,935.0264355540276
1706174308811,1344.0116237997895,937.8774747252464
1706174308823,1343.8836266812457,939.874504506588
1706174308834,1344.6379653779532,939.0112936496735
1706174308854,1346.764043338341,938.0574554204941
1706174308874,1343.0411383998712,932.1554929018021
1706174308878,1338.2341012307581,933.5748687386513
1706174308892,1342.566230903119,938.6840045452118
1706174308900,1341.5342726654674,938.5435193777084
1706174308911,1342.0392673959325,934.8521456122398
1706174308923,1340.1492881370082,932.6248243451118
1706174308934,1339.3341738249458,931.9579303264618
1706174308945,1337.1571164770828,933.6037755012512
1706174308956,1336.8925681647008,936.1398413777351
1706174308967,1336.89557282106,937.0405659079552
1706174308978,1339.540951373847,935.7420265674591
1706174308989,1341.0767672201284,932.3774322867393
1706174309024,1327.1442320160288,929.6162277460098
1706174309025,1245.456633639224,924.2322653532028
1706174309034,1164.2078580444831,908.2234963774681
1706174309044,1140.7496937519422,903.7868320941925
1706174309057,1150.2478633855621,908.7573513388634
1706174309066,1153.7859756899597,911.8959575891495
1706174309078,1152.1310578380253,907.622541487217
1706174309089,1149.0770515515644,905.9080392122269
1706174309100,1147.7788172239948,902.3601517081261
1706174309111,1153.036439499992,905.5086955428123
1706174309123,1151.1933771530394,904.675155878067
1706174309133,1148.6328454534232,904.2575225234032
1706174309174,1147.174421088705,903.8997128605843
1706174309175,1149.9019645644944,904.621022939682
1706174309177,1207.8515495596698,907.5420781970024
1706174309195,1223.028249242356,906.6578596830368
1706174309201,1225.2583923620662,904.0743991732597
1706174309211,1218.01458041758,904.5484870672226
1706174309222,1216.7542457681689,903.8184851408005
1706174309233,1218.3937248312068,904.3433085083961
1706174309244,1218.4122004343135,902.5555342435837
1706174309256,1216.611091055211,903.5285398364067
1706174309267,1217.149324653763,904.4890031218529
1706174309277,1223.0915375825352,905.7520389556885
1706174309289,1227.0982625815022,902.2549718618393
1706174309335,1227.0724786867586,905.2189767360687
1706174309337,1221.357417384168,907.7088937163353
1706174309351,1092.3138471854973,905.6406587362289
1706174309355,1060.3340259783915,898.8363578915596
1706174309368,892.21663768612,902.5089889764786
1706174309377,611.916766254918,916.7589470744133
1706174309389,609.8860800559023,913.6045426130295
1706174309400,601.5417094078035,913.1190448999405
1706174309411,617.1116265408431,910.3534519672394
1706174309422,614.8982853387243,911.4311844110489
1706174309433,617.2558430025133,911.167711019516
1706174309475,609.4444647064101,914.501728117466
1706174309476,612.4746070668025,914.9817898869514
1706174309478,616.4028483978097,913.9181286096573
1706174309492,615.582440528824,914.7162780165672
1706174309500,613.641735243853,917.2542408108711
1706174309512,610.9277154761296,915.7408967614174
1706174309522,609.834914542417,917.8402751684189
1706174309533,607.8444165363715,912.7701252698898
1706174309544,613.109367701087,913.2857471704483
1706174309556,612.2291354546696,910.4367464780807
1706174309567,624.3283361812223,914.4529178738594
1706174309578,730.2680120255466,927.1265655755997
1706174309589,840.3434601886701,934.4904288649559
1706174309624,993.0278742265054,939.7864252328873
1706174309625,1217.6878980486804,943.254953622818
1706174309633,1246.9663276484923,948.7520799040794
1706174309644,1247.4945014277146,943.1513875722885
1706174309656,1246.9501486799945,940.2149870991707
1706174309666,1246.495424058658,937.5211656093597
1706174309677,1252.2815561674372,935.7545405626297
1706174309689,1255.6935920824867,932.4620008468628
1706174309700,1255.3464759729022,932.203397154808
1706174309711,1257.6077824870713,930.8061897754669
1706174309722,1256.7666633476051,937.0441898703575
1706174309733,1261.5886489063219,935.5395093560219
1706174309744,1262.1720903066014,935.5382636189461
1706174309784,1261.231467023625,932.6480686664581
1706174309785,1251.0664366965693,934.7133308649063
1706174309789,1252.4285444675027,934.6919268369675
1706174309804,1254.7453068139412,933.2693517208099
1706174309810,1261.4843576869348,937.2998490929604
1706174309822,1262.3813304999362,936.6357862949371
1706174309833,1260.9655515624086,939.80992436409
1706174309844,1260.3626104658074,940.5985891819
1706174309855,1261.5455227509578,941.2240907549858
1706174309866,1265.179210508329,938.2977694272995
1706174309877,1266.154658881915,932.3825567960739
1706174309889,1264.0608128951449,934.195613861084
1706174309900,1262.4224033416149,936.2239003181458
1706174309921,1259.1753155345,939.244756102562
1706174309942,1262.1648050063854,934.4837754964828
1706174309944,1276.0622399749097,982.2697684168816
1706174309960,1277.5280392143345,996.0463181138039
1706174309965,1284.7782633844581,1042.6124796271324
1706174309976,nan,nan
1706174309987,nan,nan
1706174309997,nan,nan
1706174310008,nan,nan
1706174310019,nan,nan
1706174310030,nan,nan
1706174310041,nan,nan
1706174310053,nan,nan
1706174310093,nan,nan
1706174310094,nan,nan
1706174310096,nan,nan
1706174310111,nan,nan
1706174310118,nan,nan
1706174310129,nan,nan
1706174310140,nan,nan
1706174310152,nan,nan
1706174310163,nan,nan
1706174310174,nan,nan
1706174310185,nan,nan
1706174310196,nan,nan
1706174310208,nan,nan
1706174310242,nan,nan
1706174310243,nan,nan
1706174310259,nan,nan
1706174310263,nan,nan
1706174310276,nan,nan
1706174310286,nan,nan
1706174310296,nan,nan
1706174310308,nan,nan
1706174310319,nan,nan
1706174310330,nan,nan
1706174310342,nan,nan
1706174310353,nan,nan
1706174310370,nan,nan
1706174310390,nan,nan
1706174310391,nan,nan
1706174310396,nan,nan
1706174310407,nan,nan
1706174310420,nan,nan
1706174310429,nan,nan
1706174310440,nan,nan
1706174310451,nan,nan
1706174310462,nan,nan
1706174310473,nan,nan
1706174310485,nan,nan
1706174310522,nan,nan
1706174310523,nan,nan
1706174310529,nan,nan
1706174310540,nan,nan
1706174310554,nan,nan
1706174310563,nan,nan
1706174310575,nan,nan
1706174310586,nan,nan
1706174310597,nan,nan
1706174310609,996.802601703981,1182.7649503946304
1706174310620,996.802601703981,1182.7649503946304
1706174310631,996.802601703981,1182.7649503946304
1706174310652,890.4099681367267,924.0991413593292
1706174310675,898.6727547536361,906.0165882110596
1706174310676,897.5227940772086,904.365873336792
1706174310692,884.698219352043,911.5790873765945
1706174310699,887.3223877394724,906.3904225826263
1706174310711,881.8328292304384,907.4673622846603
1706174310721,881.4802821046588,914.1075372695923
1706174310733,865.2876804047589,922.6290017366409
1706174310742,768.722851988631,943.0933475494385
1706174310754,743.4198263051798,948.2916384935379
1706174310765,688.5618850946476,953.6821693181992
1706174310776,649.6663065645799,943.0004835128784
1706174310810,649.6663065645799,943.0004835128784
1706174310811,653.7362024427692,931.3408374786377
1706174310827,646.156283822266,927.1328508853912
1706174310832,641.2241179841138,928.5599559545517
1706174310843,627.4599705415656,924.8861074447632
1706174310854,612.9193614039282,926.2979805469513
1706174310865,611.5068657971204,930.8978080749512
1706174310876,609.5073621723802,926.5811592340469
1706174310887,609.3452827515232,927.8165906667709
1706174310898,621.6952825324819,921.0033714771271
1706174310909,720.7923222021268,917.4231797456741
1706174310921,829.0306477101057,905.7648926973343
1706174310939,987.0260339456511,894.0049082040787
1706174310958,1207.454382868776,875.7087111473083
1706174310959,1239.4342344884417,875.4661321640015
1706174310965,1238.3651588956702,876.0232597589493
1706174310977,1239.2699196447027,873.105488717556
1706174310988,1243.366698026345,873.4836548566818
1706174310998,1242.6828975007306,875.9553670883179
1706174311009,1247.335503474729,880.6721806526184
1706174311021,1246.7343307596493,880.989333987236
1706174311032,1248.2889727283514,876.8123209476471
1706174311043,1251.1478316218756,875.0824451446533
1706174311054,1252.3511413454053,873.0662763118744
1706174311065,1257.297006642661,872.1578791737556
1706174311107,1255.2469407334759,877.5919258594513
1706174311109,1254.698776059353,886.2052351236343
1706174311125,1255.7574064649302,895.0240910053253
1706174311131,1258.2445354213867,883.5417926311493
1706174311142,1263.8202471843256,880.9331059455872
1706174311153,1264.7464488153173,876.9290804862976
1706174311164,1259.170269871504,876.40700340271
1706174311175,1252.861613068524,876.1515706777573
1706174311187,1252.505551655261,874.7185483574867
1706174311198,1254.3042982215395,878.626623749733
1706174311209,1253.7206468827196,881.3367247581482
1706174311220,1253.4427797017227,886.9343876838684
1706174311237,1243.8953642575357,891.8980270624161
1706174311258,1232.334459101887,902.6270508766174
1706174311259,1230.448252317707,902.0453482866287
1706174311265,1236.9084265333324,897.3298937082291
1706174311277,1235.0668026387368,893.6662942171097
1706174311287,1238.2056160584573,894.6562588214874
1706174311298,1225.136891144506,896.1256623268127
1706174311309,1225.364544570623,902.5197476148605
1706174311320,1225.3862212985614,905.9150040149689
1706174311331,1235.0933262345284,907.3303878307343
1706174311342,1238.7637532633194,907.8982174396515
1706174311354,1236.494030060574,909.6921354532242
1706174311365,1229.074345451541,910.6282502412796
1706174311407,1228.3674134356413,910.7266634702682
1706174311409,1234.5969600346102,911.4020228385925
1706174311423,1236.769532188785,915.716689825058
1706174311431,1231.8158553111627,915.3080314397812
1706174311444,1230.2834347757425,914.523783326149
1706174311454,1220.9938184276398,887.7690315246582
1706174311465,1233.725326002972,905.2868127822876
1706174311476,1264.6106263235185,1041.696947813034
1706174311487,1296.2985022830699,1129.4938921928406
1706174311497,1383.9360492372575,1206.9123178720474
1706174311507,1475.7988365875844,1173.9524364471436
1706174311519,1475.7988365875844,1173.9524364471436
1706174311539,nan,nan
1706174311559,nan,nan
1706174311563,nan,nan
1706174311576,nan,nan
1706174311585,nan,nan
1706174311597,nan,nan
1706174311606,nan,nan
1706174311618,nan,nan
1706174311628,nan,nan
1706174311639,nan,nan
1706174311651,nan,nan
1706174311662,nan,nan
1706174311673,nan,nan
1706174311709,nan,nan
1706174311710,nan,nan
1706174311726,nan,nan
1706174311743,nan,nan
1706174311754,nan,nan
1706174311766,nan,nan
1706174311775,nan,nan
1706174311787,nan,nan
1706174311800,nan,nan
1706174311810,nan,nan
1706174311821,nan,nan
1706174311857,nan,nan
1706174311858,nan,nan
1706174311872,nan,nan
1706174311875,nan,nan
1706174311890,nan,nan
1706174311899,nan,nan
1706174311908,nan,nan
1706174311920,nan,nan
1706174311932,nan,nan
1706174311942,nan,nan
1706174311953,nan,nan
1706174311966,nan,nan
1706174311986,nan,nan
1706174312006,nan,nan
1706174312008,nan,nan
1706174312022,nan,nan
1706174312035,nan,nan
1706174312043,nan,nan
1706174312054,nan,nan
1706174312067,nan,nan
1706174312076,nan,nan
1706174312088,nan,nan
1706174312101,nan,nan
1706174312110,nan,nan
1706174312142,nan,nan
1706174312143,nan,nan
1706174312159,nan,nan
1706174312166,nan,nan
1706174312177,nan,nan
1706174312187,nan,nan
1706174312199,nan,nan
1706174312209,nan,nan
1706174312220,nan,nan
1706174312232,nan,nan
1706174312242,nan,nan
1706174312253,nan,nan
1706174312291,nan,nan
1706174312292,nan,nan
1706174312298,nan,nan
1706174312309,nan,nan
1706174312321,nan,nan
1706174312332,nan,nan
1706174312342,nan,nan
1706174312354,nan,nan
1706174312365,nan,nan
1706174312376,nan,nan
1706174312387,nan,nan
1706174312425,nan,nan
1706174312426,nan,nan
1706174312431,nan,nan
1706174312443,nan,nan
1706174312454,nan,nan
1706174312465,nan,nan
1706174312475,nan,nan
1706174312487,nan,nan
1706174312498,nan,nan
1706174312508,nan,nan
1706174312520,nan,nan
1706174312532,nan,nan
1706174312574,nan,nan
1706174312575,nan,nan
1706174312590,nan,nan
1706174312599,nan,nan
1706174312608,nan,nan
1706174312619,nan,nan
1706174312631,nan,nan
1706174312641,nan,nan
1706174312653,nan,nan
1706174312665,nan,nan
1706174312674,nan,nan
1706174312707,nan,nan
1706174312708,nan,nan
1706174312723,nan,nan
1706174312732,nan,nan
1706174312742,nan,nan
1706174312753,nan,nan
1706174312765,nan,nan
1706174312775,nan,nan
1706174312787,nan,nan
1706174312798,nan,nan
1706174312808,nan,nan
1706174312820,nan,nan
1706174312859,nan,nan
1706174312865,nan,nan
1706174312875,nan,nan
1706174312889,nan,nan
1706174312899,nan,nan
1706174312909,nan,nan
1706174312920,nan,nan
1706174312932,nan,nan
1706174312942,nan,nan
1706174312954,nan,nan
1706174312990,nan,nan
1706174312991,nan,nan
1706174312997,nan,nan
1706174313008,nan,nan
1706174313022,nan,nan
1706174313031,nan,nan
1706174313041,nan,nan
1706174313053,nan,nan
1706174313064,nan,nan
1706174313075,nan,nan
1706174313087,nan,nan
1706174313098,nan,nan
1706174313108,nan,nan
1706174313143,nan,nan
1706174313160,nan,nan
1706174313164,nan,nan
1706174313175,nan,nan
1706174313186,nan,nan
1706174313198,nan,nan
1706174313208,nan,nan
1706174313220,nan,nan
1706174313231,nan,nan
1706174313241,nan,nan
1706174313253,nan,nan
1706174313292,nan,nan
1706174313293,nan,nan
1706174313298,nan,nan
1706174313309,nan,nan
1706174313320,nan,nan
1706174313332,nan,nan
1706174313341,nan,nan
1706174313354,nan,nan
1706174313364,nan,nan
1706174313374,nan,nan
1706174313386,nan,nan
1706174313425,nan,nan
1706174313426,nan,nan
1706174313431,nan,nan
1706174313442,nan,nan
1706174313453,nan,nan
1706174313464,nan,nan
1706174313475,nan,nan
1706174313486,nan,nan
1706174313498,nan,nan
1706174313508,nan,nan
1706174313519,nan,nan
1706174313531,nan,nan
1706174313541,nan,nan
1706174313574,nan,nan
1706174313575,nan,nan
1706174313591,nan,nan
1706174313598,nan,nan
1706174313608,nan,nan
1706174313620,nan,nan
1706174313631,nan,nan
1706174313641,nan,nan
1706174313653,nan,nan
1706174313665,nan,nan
1706174313675,nan,nan
1706174313710,nan,nan
1706174313727,nan,nan
1706174313732,nan,nan
1706174313741,nan,nan
1706174313753,nan,nan
1706174313771,nan,nan
1706174313787,nan,nan
1706174313796,nan,nan
1706174313807,nan,nan
1706174313819,nan,nan
1706174313830,nan,nan
1706174313864,nan,nan
1706174313865,nan,nan
1706174313882,nan,nan
1706174313902,nan,nan
1706174313916,nan,nan
1706174313933,nan,nan
1706174313944,nan,nan
1706174313956,nan,nan
1706174313967,990.4104844391617,941.4198979735374
1706174313978,1014.8663864813717,940.3511971235275
1706174314013,1022.6463284041282,940.4773563146591
1706174314022,1039.4260132364484,949.0598052740097
1706174314034,1041.713313399449,942.8525239229202
1706174314045,1045.7925431693602,943.661941587925
1706174314057,1052.8649340821448,941.9904455542564
1706174314068,1051.345665003561,944.3897351622581
1706174314079,1051.9235089527776,934.3758210539818
1706174314090,1053.6057605233982,935.4272797703743
1706174314102,1057.163338107896,937.2499629855156
1706174314112,1123.9324834121867,957.2718739509583
1706174314123,1161.019943914945,963.1862372159958
1706174314161,1192.8058237285404,965.7177448272705
1706174314162,1212.8011970577622,961.6059064865112
1706174314168,1215.7339885069591,959.3559354543686
1706174314180,1223.128698321676,957.1245938539505
1706174314189,1221.369398119159,955.8937206864357
1706174314202,1219.1390177826736,953.7213250994682
1706174314211,1218.8808015658465,951.2255474925041
1706174314223,1216.1646968157218,949.6388465166092
1706174314235,1217.846462005394,950.6370782852173
1706174314245,1215.4922036673415,949.004539847374
1706174314256,1218.2265082201989,945.85772305727
1706174314268,1217.2031398519348,945.547166466713
1706174314279,1213.252334560233,946.4411810040474
1706174314313,1213.3913667590698,950.214971601963
1706174314314,1214.9552178192157,951.4559239149094
1706174314331,1217.3067197713895,943.9847856760025
1706174314335,1214.422183785842,941.2075847387314
1706174314346,1211.873007388368,937.1239453554153
1706174314357,1212.2543307185545,941.9892564415932
1706174314368,1214.233531229098,942.2292590141296
1706174314378,1215.291587179162,942.3924505710602
1706174314390,1214.0303992879228,939.2738044261932
1706174314401,1214.5254140690129,942.3567205667496
1706174314412,1215.174414595043,938.840514421463
1706174314423,1219.4082476839067,937.7741351723671
1706174314464,1226.7561231826978,933.2461640238762
1706174314468,1233.5595697391932,942.8129717707634
1706174314481,1236.1394488297085,941.9993355870247
1706174314489,1241.2730185244982,944.5184990763664
1706174314500,1241.9563869246647,945.118236541748
1706174314511,1240.6766660551557,941.4077520370483
1706174314522,1237.4422042340595,936.3043069839478
1706174314534,1239.902877740814,935.4250147938728
1706174314544,1239.8041117017408,934.0562045574188
1706174314556,1242.5891920637318,936.0783472657204
1706174314567,1240.1092358823344,932.6878756284714
1706174314609,1240.1606539224817,936.1106514930725
1706174314610,1233.194755874905,931.767275929451
1706174314611,1232.7785489371242,927.6731893420219
1706174314625,1240.7612762456768,930.9799134731293
1706174314634,1241.5137044280782,934.9187076091766
1706174314645,1196.678367057058,937.8892809152603
1706174314656,1152.3185244048755,937.4546885490417
1706174314667,1018.8466597553204,936.8356987833977
1706174314677,775.4876703861485,946.3493928313255
1706174314688,746.4530129592952,946.7631474137306
1706174314700,661.82418973372,950.7878690958023
1706174314711,638.3251416570772,958.3909139037132
1706174314723,638.1206853556812,953.5659193992615
1706174314761,633.0570628933242,955.653803050518
1706174314762,630.3478756372049,951.5588954091072
1706174314767,624.5948494398544,943.1077018380165
1706174314780,622.5049855676001,942.4729704856873
1706174314790,622.2232838293277,944.3319782614708
1706174314802,613.4777714774998,945.9632709622383
1706174314811,572.883394298214,950.9036377072334
1706174314823,559.9942525069653,955.1897659897804
1706174314834,545.153192297404,955.6024730205536
1706174314845,544.6609983284529,957.298119366169
1706174314857,539.8222728492005,955.6385144591331
1706174314867,538.5896279885981,957.3485150933266
1706174314877,534.642634379278,950.6590485572815
1706174314889,536.1793804633328,951.3337284326553
1706174314926,534.247431761434,950.2126783132553
1706174314927,529.8602324994922,953.4839272499084
1706174314933,524.2615775816422,947.2555533051491
1706174314944,525.8060433500524,948.6085653305054
1706174314956,523.014000350358,949.0058988332748
1706174314967,525.4336265929379,950.0979855656624
1706174314978,522.7573614913724,945.8083182573318
1706174314989,541.3626194472454,946.1253300309181
1706174315000,604.6094273471836,943.2962328195572
1706174315011,827.956026993506,920.0583383440971
1706174315023,957.4388664303173,911.8037447333336
1706174315034,1054.6631823797743,902.2698074579239
1706174315045,1153.2325776060725,896.4393615722656
1706174315079,1155.6013520992049,896.1455374956131
1706174315080,1150.0132171390972,892.9167568683624
1706174315097,1146.3719020320518,892.0456752181053
1706174315100,1146.3123915170008,891.633477807045
1706174315111,1151.0453743134292,893.9761430025101
1706174315122,1154.644607048078,894.9642106890678
1706174315133,1156.6099970153623,892.5388172268867
1706174315144,1153.0956734193717,889.6348059177399
1706174315155,1151.1516598858138,892.0098885893822
1706174315167,1173.045253779395,897.4563077092171
1706174315177,1215.7110350903615,904.1775405406952
1706174315189,1229.1412088163788,905.4303839802742
1706174315228,1226.243311385263,902.7143657207489
1706174315233,1221.0127350488938,902.0926296710968
1706174315245,1219.9079874485337,895.2882438898087
1706174315256,1219.692436531645,892.4396678805351
1706174315267,1292.9419047463723,956.1547309160233
1706174315276,1380.1140741145828,1042.8967624902725
1706174315287,1546.2733180985247,1214.4055113196373
1706174315298,nan,nan
1706174315309,nan,nan
1706174315321,nan,nan
1706174315332,nan,nan
1706174315343,nan,nan
1706174315378,nan,nan
1706174315379,nan,nan
1706174315386,nan,nan
1706174315397,nan,nan
1706174315408,nan,nan
1706174315420,nan,nan
1706174315430,nan,nan
1706174315441,nan,nan
1706174315452,nan,nan
1706174315463,nan,nan
1706174315474,nan,nan
1706174315486,nan,nan
1706174315525,nan,nan
1706174315526,nan,nan
1706174315530,nan,nan
1706174315542,nan,nan
1706174315552,nan,nan
1706174315563,nan,nan
1706174315574,nan,nan
1706174315586,nan,nan
1706174315597,nan,nan
1706174315608,nan,nan
1706174315619,nan,nan
1706174315630,nan,nan
1706174315641,nan,nan
1706174315677,nan,nan
1706174315678,nan,nan
1706174315693,nan,nan
1706174315697,nan,nan
1706174315710,nan,nan
1706174315719,nan,nan
1706174315730,nan,nan
1706174315741,nan,nan
1706174315753,nan,nan
1706174315764,nan,nan
1706174315775,nan,nan
1706174315786,nan,nan
1706174315827,nan,nan
1706174315828,nan,nan
1706174315830,nan,nan
1706174315844,nan,nan
1706174315853,nan,nan
1706174315863,nan,nan
1706174315875,nan,nan
1706174315886,nan,nan
1706174315897,nan,nan
1706174315908,nan,nan
1706174315919,nan,nan
1706174315930,nan,nan
1706174315941,nan,nan
1706174315976,nan,nan
1706174315977,nan,nan
1706174315993,nan,nan
1706174315996,nan,nan
1706174316008,nan,nan
1706174316019,nan,nan
1706174316030,nan,nan
1706174316041,nan,nan
1706174316052,nan,nan
1706174316063,nan,nan
1706174316074,nan,nan
1706174316086,nan,nan
1706174316129,nan,nan
1706174316130,nan,nan
1706174316146,nan,nan
1706174316153,nan,nan
1706174316163,nan,nan
1706174316174,nan,nan
1706174316185,nan,nan
1706174316196,nan,nan
1706174316207,nan,nan
1706174316218,nan,nan
1706174316229,nan,nan
1706174316261,nan,nan
1706174316262,nan,nan
1706174316263,nan,nan
1706174316280,nan,nan
1706174316286,nan,nan
1706174316296,nan,nan
1706174316307,nan,nan
1706174316318,nan,nan
1706174316329,nan,nan
1706174316341,nan,nan
1706174316352,nan,nan
1706174316363,nan,nan
1706174316374,nan,nan
1706174316412,nan,nan
1706174316413,nan,nan
1706174316419,nan,nan
1706174316430,nan,nan
1706174316441,nan,nan
1706174316452,nan,nan
1706174316463,nan,nan
1706174316474,nan,nan
1706174316485,nan,nan
1706174316496,nan,nan
1706174316508,nan,nan
1706174316519,nan,nan
1706174316530,nan,nan
1706174316562,nan,nan
1706174316563,nan,nan
1706174316582,nan,nan
1706174316585,nan,nan
1706174316596,nan,nan
1706174316606,nan,nan
1706174316624,nan,nan
1706174316643,nan,nan
1706174316655,nan,nan
1706174316666,nan,nan
1706174316676,nan,nan
1706174316711,nan,nan
1706174316712,nan,nan
1706174316726,nan,nan
1706174316734,nan,nan
1706174316744,nan,nan
1706174316756,nan,nan
1706174316766,nan,nan
1706174316776,nan,nan
1706174316790,nan,nan
1706174316799,nan,nan
1706174316809,nan,nan
1706174316823,nan,nan
1706174316863,nan,nan
1706174316864,nan,nan
1706174316866,nan,nan
1706174316880,nan,nan
1706174316889,nan,nan
1706174316900,nan,nan
1706174316909,nan,nan
1706174316921,nan,nan
1706174316932,nan,nan
1706174316941,nan,nan
1706174316953,nan,nan
1706174316965,nan,nan
1706174316975,nan,nan
1706174317011,nan,nan
1706174317012,nan,nan
1706174317027,nan,nan
1706174317032,nan,nan
1706174317042,nan,nan
1706174317054,nan,nan
1706174317066,nan,nan
1706174317076,nan,nan
1706174317087,nan,nan
1706174317099,nan,nan
1706174317109,nan,nan
1706174317144,nan,nan
1706174317145,nan,nan
1706174317161,nan,nan
1706174317165,nan,nan
1706174317176,nan,nan
1706174317187,nan,nan
1706174317198,nan,nan
1706174317209,nan,nan
1706174317220,nan,nan
1706174317232,nan,nan
1706174317243,nan,nan
1706174317278,nan,nan
1706174317279,nan,nan
1706174317295,nan,nan
1706174317297,nan,nan
1706174317309,nan,nan
1706174317319,nan,nan
1706174317331,nan,nan
1706174317341,nan,nan
1706174317353,nan,nan
1706174317365,nan,nan
1706174317375,nan,nan
1706174317386,nan,nan
1706174317428,nan,nan
1706174317432,nan,nan
1706174317444,nan,nan
1706174317453,nan,nan
1706174317465,nan,nan
1706174317475,nan,nan
1706174317486,nan,nan
1706174317499,nan,nan
1706174317508,nan,nan
1706174317520,nan,nan
1706174317532,nan,nan
1706174317541,nan,nan
1706174317579,nan,nan
1706174317580,nan,nan
1706174317586,nan,nan
1706174317599,nan,nan
1706174317609,nan,nan
1706174317619,nan,nan
1706174317632,nan,nan
1706174317641,nan,nan
1706174317653,nan,nan
1706174317665,nan,nan
1706174317675,nan,nan
1706174317686,nan,nan
1706174317728,nan,nan
1706174317729,nan,nan
1706174317732,nan,nan
1706174317744,nan,nan
1706174317753,nan,nan
1706174317765,nan,nan
1706174317774,nan,nan
1706174317786,nan,nan
1706174317798,nan,nan
1706174317808,nan,nan
1706174317819,nan,nan
1706174317831,nan,nan
1706174317841,nan,nan
1706174317877,nan,nan
1706174317878,nan,nan
1706174317894,nan,nan
1706174317898,nan,nan
1706174317909,nan,nan
1706174317920,nan,nan
1706174317931,nan,nan
1706174317941,nan,nan
1706174317954,nan,nan
1706174317965,nan,nan
1706174317975,nan,nan
1706174318012,nan,nan
1706174318013,nan,nan
1706174318020,nan,nan
1706174318031,nan,nan
1706174318043,nan,nan
1706174318053,nan,nan
1706174318064,nan,nan
1706174318074,nan,nan
1706174318087,nan,nan
1706174318097,nan,nan
1706174318108,nan,nan
1706174318120,nan,nan
1706174318131,nan,nan
1706174318163,nan,nan
1706174318165,nan,nan
1706174318181,nan,nan
1706174318187,nan,nan
1706174318198,nan,nan
1706174318208,nan,nan
1706174318220,nan,nan
1706174318231,nan,nan
1706174318241,nan,nan
1706174318253,nan,nan
1706174318265,nan,nan
1706174318274,nan,nan
1706174318317,nan,nan
1706174318318,nan,nan
1706174318319,nan,nan
1706174318335,nan,nan
1706174318342,nan,nan
1706174318353,nan,nan
1706174318364,nan,nan
1706174318374,nan,nan
1706174318386,nan,nan
1706174318397,nan,nan
1706174318407,nan,nan
1706174318420,nan,nan
1706174318431,nan,nan
1706174318463,nan,nan
1706174318465,nan,nan
1706174318481,nan,nan
1706174318487,nan,nan
1706174318497,nan,nan
1706174318508,nan,nan
1706174318520,nan,nan
1706174318538,nan,nan
1706174318554,nan,nan
1706174318565,nan,nan
1706174318577,nan,nan
1706174318612,nan,nan
1706174318613,nan,nan
1706174318630,nan,nan
1706174318633,nan,nan
1706174318645,nan,nan
1706174318655,nan,nan
1706174318667,1131.8162474280043,892.8615480661392
1706174318677,1131.8162474280043,892.8615480661392
1706174318689,1131.8162474280043,892.8615480661392
1706174318700,1143.7802343403205,881.5594285726547
1706174318711,1143.7802343403205,881.5594285726547
1706174318749,1143.7802343403205,881.5594285726547
1706174318750,1136.518777536508,881.6492915153503
1706174318756,1136.518777536508,881.6492915153503
1706174318769,1154.2664014442278,898.2944339513779
1706174318777,1155.6886932652542,905.6832402944565
1706174318789,1155.6886932652542,905.6832402944565
1706174318800,1148.293929877564,915.4857754707336
1706174318811,1060.7005723857542,891.3305655121803
1706174318822,1029.6682516281735,892.6023498177528
1706174318834,907.4600818447051,894.0858244895935
1706174318845,613.384978775344,925.5109295248985
1706174318856,595.2685740749658,926.1322408914566
1706174318867,585.2329099710664,929.2567193508148
1706174318878,599.0682213156039,917.6220163702965
1706174318917,591.110741959228,916.0923644900322
1706174318918,591.6585516139082,915.8786356449127
1706174318923,599.9540720239953,920.2268809080124
1706174318935,598.7856555781514,919.2552909255028
1706174318945,589.6384358408072,917.5554543733597
1706174318956,586.6132825097957,916.2248373031616
1706174318967,585.2550405827927,917.5224706530571
1706174318978,589.6866381172459,917.9167747497559
1706174318989,639.2476281427492,923.9856094121933
1706174319001,761.1801006378339,923.5782533884048
1706174319011,1094.0989930736328,916.940513253212
1706174319023,1227.5960699300122,910.3859260678291
1706174319063,1300.578620352792,909.8038837313652
1706174319068,1350.3291707986962,913.2905885577202
1706174319079,1352.3011567513922,911.6715833544731
1706174319090,1356.8707353378206,916.4035722613335
1706174319101,1358.5833734753662,913.4165212512016
1706174319112,1358.719994272094,914.1463816165924
1706174319123,1353.569822386964,911.4500686526299
1706174319134,1353.8635736244755,915.3623908758163
1706174319145,1352.8523175982439,916.0158649086952
1706174319156,1357.7151406417022,917.6412403583527
1706174319167,1357.7782939016088,912.9289001226425
1706174319178,1362.1759059407666,912.7398028969765
1706174319213,1362.1682609499014,912.2768417000771
1706174319214,1362.4651114586552,913.818696141243
1706174319230,1357.977601486988,910.7889786362648
1706174319233,1358.2963785096317,913.2813304662704
1706174319244,1376.0622978381757,921.9374194741249
1706174319256,1382.2165649590083,930.4302036762238
1706174319267,1387.3485710136902,931.8707287311554
1706174319278,1381.8790690598505,933.8526114821434
1706174319289,1381.5054370670232,929.3742433190346
1706174319300,1382.4662453200544,929.0731713175774
1706174319311,1379.3277907937527,924.7588723897934
1706174319323,1382.6192512573887,926.6581684350967
1706174319344,1382.9599933078093,927.6631101965904
1706174319365,1385.528867701535,927.8572469949722
1706174319367,1384.683632946119,926.3062477111816
1706174319381,1386.018758310475,925.6706103682518
1706174319390,1385.9607888079229,925.5743771791458
1706174319401,1384.9058885510246,924.8232826590538
1706174319411,1381.3989414409875,932.1291908621788
1706174319423,1380.8783739605524,934.5397487282753
1706174319434,1379.890971368222,933.5504069924355
1706174319445,1380.247940730093,930.3339704871178
1706174319456,1403.5017651982614,930.6514069437981
1706174319467,1479.5696634124074,934.3373164534569
1706174319478,1640.92150264283,937.861280143261
1706174319513,1755.774220926093,932.7786162495613
1706174319514,1818.9547873198917,930.2522897720337
1706174319529,1829.4472326458865,931.2644228339195
1706174319533,1826.2007438429773,932.4590563774109
1706174319546,1827.1312622806802,936.2234756350517
1706174319555,1825.1271762185504,935.7151865959167
1706174319567,1827.8911599822852,936.9562804698944
1706174319577,1825.745033898253,938.2434099912643
1706174319589,1828.233172622137,936.9788452982903
1706174319600,1821.683387989251,935.018253326416
1706174319611,1816.3655040379113,935.2237433195114
1706174319622,1815.3717872503817,933.3971247076988
1706174319662,1818.9732333945465,936.6496309638023
1706174319667,1828.1267793845568,939.760859310627
1706174319678,1825.3373403598769,939.674223959446
1706174319692,1824.3250070308554,937.3544350266457
1706174319700,1808.2971282672208,938.969674706459
1706174319711,1719.6575441692069,945.4851061105728
1706174319723,1639.7220800773832,947.9577526450157
1706174319733,1537.4924435449263,942.9812029004097
1706174319744,1413.846075886503,935.4597255587578
1706174319756,1398.1704015777955,930.3063660860062
1706174319767,1399.5968125549682,932.5033083558083
1706174319810,1397.2210942872387,929.6228244900703
1706174319811,1395.4910269912448,935.862834751606
1706174319826,1384.40468509285,938.1770744919777
1706174319834,1388.6749018423207,937.0961144566536
1706174319845,1388.4417012736567,935.3970140218735
1706174319856,1391.6513978751045,939.2584308981895
1706174319867,1394.6119729925638,938.9160796999931
1706174319878,1397.9821287907312,939.0814796090126
1706174319889,1396.9725317431905,933.0961659550667
1706174319899,1395.3165528590841,933.3520233631134
1706174319910,1407.497034560214,927.113202214241
1706174319920,1404.1183960489595,962.9574179649353
1706174319932,1489.3050141210763,1021.8096047639847
1706174319964,1635.23007148918,1139.3978416919708
1706174319965,1635.23007148918,1139.3978416919708
1706174319980,nan,nan
1706174319986,nan,nan
1706174319998,nan,nan
1706174320008,nan,nan
1706174320020,nan,nan
1706174320031,nan,nan
1706174320042,nan,nan
1706174320052,nan,nan
1706174320063,nan,nan
1706174320073,nan,nan
1706174320113,nan,nan
1706174320129,nan,nan
1706174320134,nan,nan
1706174320145,nan,nan
1706174320155,nan,nan
1706174320167,nan,nan
1706174320177,nan,nan
1706174320188,nan,nan
1706174320200,nan,nan
1706174320210,nan,nan
1706174320246,nan,nan
1706174320255,nan,nan
1706174320267,nan,nan
1706174320277,nan,nan
1706174320287,nan,nan
1706174320299,nan,nan
1706174320309,nan,nan
1706174320321,nan,nan
1706174320332,nan,nan
1706174320342,nan,nan
1706174320355,nan,nan
1706174320396,nan,nan
1706174320397,nan,nan
1706174320399,nan,nan
1706174320414,nan,nan
1706174320421,nan,nan
1706174320433,nan,nan
1706174320443,nan,nan
1706174320454,nan,nan
1706174320466,nan,nan
1706174320476,nan,nan
1706174320488,nan,nan
1706174320500,nan,nan
1706174320509,nan,nan
1706174320547,nan,nan
1706174320548,nan,nan
1706174320555,nan,nan
1706174320566,nan,nan
1706174320576,nan,nan
1706174320588,nan,nan
1706174320600,nan,nan
1706174320610,nan,nan
1706174320621,nan,nan
1706174320633,nan,nan
1706174320643,nan,nan
1706174320655,nan,nan
1706174320666,nan,nan
1706174320699,nan,nan
1706174320700,nan,nan
1706174320709,nan,nan
1706174320721,nan,nan
1706174320734,nan,nan
1706174320742,nan,nan
1706174320754,nan,nan
1706174320766,nan,nan
1706174320776,nan,nan
1706174320787,nan,nan
1706174320800,nan,nan
1706174320809,nan,nan
1706174320848,nan,nan
1706174320849,nan,nan
1706174320854,nan,nan
1706174320866,nan,nan
1706174320877,nan,nan
1706174320888,nan,nan
1706174320899,nan,nan
1706174320909,nan,nan
1706174320921,nan,nan
1706174320933,nan,nan
1706174320943,nan,nan
1706174320955,nan,nan
1706174320967,nan,nan
1706174320999,nan,nan
1706174321000,nan,nan
1706174321016,nan,nan
1706174321021,nan,nan
1706174321034,nan,nan
1706174321042,nan,nan
1706174321054,nan,nan
1706174321066,nan,nan
1706174321075,nan,nan
1706174321087,nan,nan
1706174321100,nan,nan
1706174321109,nan,nan
1706174321149,nan,nan
1706174321150,nan,nan
1706174321154,nan,nan
1706174321167,nan,nan
1706174321175,nan,nan
1706174321187,nan,nan
1706174321199,nan,nan
1706174321209,nan,nan
1706174321221,nan,nan
1706174321232,nan,nan
1706174321242,nan,nan
1706174321254,nan,nan
1706174321266,nan,nan
1706174321299,nan,nan
1706174321315,nan,nan
1706174321321,nan,nan
1706174321334,nan,nan
1706174321343,nan,nan
1706174321354,nan,nan
1706174321366,nan,nan
1706174321376,nan,nan
1706174321388,nan,nan
1706174321398,nan,nan
1706174321408,nan,nan
1706174321427,nan,nan
1706174321447,nan,nan
1706174321448,nan,nan
1706174321454,nan,nan
1706174321465,nan,nan
1706174321476,nan,nan
1706174321488,nan,nan
1706174321499,nan,nan
1706174321509,nan,nan
1706174321522,nan,nan
1706174321532,nan,nan
1706174321543,nan,nan
1706174321581,nan,nan
1706174321582,nan,nan
1706174321587,nan,nan
1706174321598,nan,nan
1706174321610,nan,nan
1706174321621,nan,nan
1706174321632,nan,nan
1706174321642,nan,nan
1706174321655,nan,nan
1706174321672,nan,nan
1706174321688,nan,nan
1706174321698,nan,nan
1706174321736,nan,nan
1706174321737,nan,nan
1706174321744,nan,nan
1706174321756,nan,nan
1706174321767,nan,nan
1706174321778,nan,nan
1706174321789,nan,nan
1706174321801,1393.5042913696789,982.9760164022446
1706174321812,1387.497018509352,959.1089397668839
1706174321823,1385.1327699734977,960.6251433491707
1706174321835,1387.9086097742252,961.0862642526627
1706174321846,1389.6425582874137,951.5884533524513
1706174321888,1388.1235497301748,953.2503798604012
1706174321889,1392.3418636155188,952.9120489954948
1706174321890,1404.143511739945,956.5654560923576
1706174321905,1395.0288861082045,960.9576135873795
1706174321913,1390.9999096314257,956.0624048113823
1706174321924,1388.9367504926067,965.0348827242851
1706174321935,1378.9668141601721,957.7535212039948
1706174321946,1340.0915829755393,946.6190099716187
1706174321957,1325.1692039449767,937.0717376470566
1706174321968,1320.718781417913,935.0481793284416
1706174321979,1318.8980770400808,933.5677906870842
1706174321990,1318.152184645332,935.8945727348328
1706174322001,1322.3572594506234,939.2758995294571
1706174322035,1326.1446226191595,938.246014714241
1706174322036,1324.786606905925,940.007458627224
1706174322052,1326.514014573691,934.9974155426025
1706174322057,1328.9455483818663,929.1816353797913
1706174322068,1330.5707774713094,936.2360745668411
1706174322079,1332.6758839101376,937.4134942889214
1706174322090,1331.6238736039709,940.518182516098
1706174322101,1326.1125352683373,936.1066028475761
1706174322112,1323.273451409805,938.9296129345894
1706174322123,1325.6804962071947,936.9495421648026
1706174322135,1330.0633929800547,937.124539911747
1706174322145,1329.662222081497,937.3948931694031
1706174322184,1326.0314002884693,939.0492603182793
1706174322185,1322.608838779634,940.3307273983955
1706174322190,1322.5484002894423,930.2997127175331
1706174322202,1321.465400566663,934.8166137933731
1706174322212,1324.125677888575,975.5890786647797
1706174322222,1330.656203581081,1000.807298719883
1706174322233,1368.6207004330563,1061.423845589161
1706174322243,1539.844101156035,1216.3158774375916
1706174322255,1539.844101156035,1216.3158774375916
1706174322266,nan,nan
1706174322277,nan,nan
1706174322288,nan,nan
1706174322299,nan,nan
1706174322336,nan,nan
1706174322337,nan,nan
1706174322342,nan,nan
1706174322354,nan,nan
1706174322365,nan,nan
1706174322376,nan,nan
1706174322387,nan,nan
1706174322398,nan,nan
1706174322409,nan,nan
1706174322419,nan,nan
1706174322438,nan,nan
1706174322486,nan,nan
1706174322487,nan,nan
1706174322490,nan,nan
1706174322504,nan,nan
1706174322512,nan,nan
1706174322523,nan,nan
1706174322534,nan,nan
1706174322545,nan,nan
1706174322556,nan,nan
1706174322568,nan,nan
1706174322578,nan,nan
1706174322590,nan,nan
1706174322601,nan,nan
1706174322634,nan,nan
1706174322635,nan,nan
1706174322652,nan,nan
1706174322656,nan,nan
1706174322668,nan,nan
1706174322678,nan,nan
1706174322689,nan,nan
1706174322701,nan,nan
1706174322711,nan,nan
1706174322723,nan,nan
1706174322766,nan,nan
1706174322767,nan,nan
1706174322768,nan,nan
1706174322782,nan,nan
1706174322790,nan,nan
1706174322801,nan,nan
1706174322811,nan,nan
1706174322823,nan,nan
1706174322835,nan,nan
1706174322845,nan,nan
1706174322857,nan,nan
1706174322868,nan,nan
1706174322878,nan,nan
1706174322916,nan,nan
1706174322922,nan,nan
1706174322934,nan,nan
1706174322946,nan,nan
1706174322956,nan,nan
1706174322967,nan,nan
1706174322977,nan,nan
1706174322989,nan,nan
1706174323001,nan,nan
1706174323011,nan,nan
1706174323048,nan,nan
1706174323049,nan,nan
1706174323056,nan,nan
1706174323068,nan,nan
1706174323078,nan,nan
1706174323089,nan,nan
1706174323101,nan,nan
1706174323111,nan,nan
1706174323123,nan,nan
1706174323134,nan,nan
1706174323144,nan,nan
1706174323156,nan,nan
1706174323168,nan,nan
1706174323200,nan,nan
1706174323201,nan,nan
1706174323219,nan,nan
1706174323223,nan,nan
1706174323235,nan,nan
1706174323245,nan,nan
1706174323256,nan,nan
1706174323268,nan,nan
1706174323278,nan,nan
1706174323290,nan,nan
1706174323301,nan,nan
1706174323310,nan,nan
1706174323349,nan,nan
1706174323355,nan,nan
1706174323367,nan,nan
1706174323377,nan,nan
1706174323389,nan,nan
1706174323401,nan,nan
1706174323410,nan,nan
1706174323422,nan,nan
1706174323434,nan,nan
1706174323444,nan,nan
1706174323456,nan,nan
1706174323468,nan,nan
1706174323500,nan,nan
1706174323501,nan,nan
1706174323519,nan,nan
1706174323522,nan,nan
1706174323535,nan,nan
1706174323544,nan,nan
1706174323556,nan,nan
1706174323568,nan,nan
1706174323577,nan,nan
1706174323589,nan,nan
1706174323601,nan,nan
1706174323611,nan,nan
1706174323631,nan,nan
1706174323651,nan,nan
1706174323656,nan,nan
1706174323668,nan,nan
1706174323677,nan,nan
1706174323688,nan,nan
1706174323700,nan,nan
1706174323710,nan,nan
1706174323722,nan,nan
1706174323734,nan,nan
1706174323744,nan,nan
1706174323784,nan,nan
1706174323785,nan,nan
1706174323789,nan,nan
1706174323802,nan,nan
1706174323810,nan,nan
1706174323822,nan,nan
1706174323834,nan,nan
1706174323844,nan,nan
1706174323856,nan,nan
1706174323867,nan,nan
1706174323877,nan,nan
1706174323889,nan,nan
1706174323900,nan,nan
1706174323934,nan,nan
1706174323935,nan,nan
1706174323951,nan,nan
1706174323957,nan,nan
1706174323967,nan,nan
1706174323977,nan,nan
1706174323989,nan,nan
1706174324000,nan,nan
1706174324011,nan,nan
1706174324022,nan,nan
1706174324034,nan,nan
1706174324044,nan,nan
1706174324083,nan,nan
1706174324088,nan,nan
1706174324100,nan,nan
1706174324111,nan,nan
1706174324122,nan,nan
1706174324133,nan,nan
1706174324143,nan,nan
1706174324155,nan,nan
1706174324167,nan,nan
1706174324177,nan,nan
1706174324188,nan,nan
1706174324200,nan,nan
1706174324235,nan,nan
1706174324236,nan,nan
1706174324243,nan,nan
1706174324256,nan,nan
1706174324268,nan,nan
1706174324277,nan,nan
1706174324288,nan,nan
1706174324301,nan,nan
1706174324310,nan,nan
1706174324322,nan,nan
1706174324334,nan,nan
1706174324344,nan,nan
1706174324385,nan,nan
1706174324389,nan,nan
1706174324400,nan,nan
1706174324411,nan,nan
1706174324422,nan,nan
1706174324434,nan,nan
1706174324444,nan,nan
1706174324456,nan,nan
1706174324467,nan,nan
1706174324478,nan,nan
1706174324490,nan,nan
1706174324535,nan,nan
1706174324536,nan,nan
1706174324543,nan,nan
1706174324555,nan,nan
1706174324566,nan,nan
1706174324577,nan,nan
1706174324590,nan,nan
1706174324601,nan,nan
1706174324612,nan,nan
1706174324623,nan,nan
1706174324635,1417.8415876070517,919.5830047130585
1706174324667,1417.8415876070517,919.5830047130585
1706174324668,1417.8415876070517,919.5830047130585
1706174324686,1276.387144211887,964.2223224043846
1706174324690,1276.387144211887,964.2223224043846
1706174324703,1284.1793192779373,964.251059293747
1706174324713,1286.5115237360897,961.3726139068604
1706174324724,1297.6268020122543,956.5318495035172
1706174324735,1299.7542706592317,957.0607781410217
1706174324746,1295.6631740386997,950.6185904145241
1706174324758,1301.012784744602,951.6683503985405
1706174324769,1296.765542562089,950.1919254660606
1706174324780,1303.1675432963368,942.6559522747993
1706174324818,1298.4018662957817,940.7660558819771
1706174324824,1296.1658644782042,946.657033264637
1706174324836,1296.1292871480819,944.5550784468651
1706174324846,1302.7538593661477,939.5491406321526
1706174324857,1301.3990632495695,936.6588607430458
1706174324868,1302.8682892617906,935.5004668235779
1706174324879,1304.2706331022891,934.8656788468361
1706174324891,1302.7894881576685,934.0286001563072
1706174324902,1302.7781786522776,934.2578440904617
1706174324913,1300.3359689388244,932.348270714283
1706174324925,1299.4261998470151,929.7980770468712
1706174324936,1300.3363416636123,935.0059375166893
1706174324968,1301.4700350875944,936.7238938808441
1706174324969,1305.3990208902987,938.5172739624977
1706174324985,1313.7868175356111,942.3899590969086
1706174324992,1313.678401986799,941.9594436883926
1706174325002,1320.9000578963955,941.170608997345
1706174325013,1323.5067147841041,937.3637214303017
1706174325024,1325.8934878525422,942.0675680041313
1706174325035,1325.0614591327558,939.9818360805511
1706174325046,1323.2210193507221,944.4347232580185
1706174325057,1325.5516568830499,943.7108084559441
1706174325068,1328.117693111928,942.660029232502
1706174325079,1332.6320154895507,940.4941454529762
1706174325118,1327.8630624471766,939.4320696592331
1706174325119,1328.6054403588864,938.9179199934006
1706174325124,1329.6834283102378,940.9217447042465
1706174325135,1331.681128386028,943.7384977936745
1706174325146,1329.320677354049,938.610166311264
1706174325158,1328.7594171118822,937.917847931385
1706174325169,1327.7480719157818,934.5506206154823
1706174325180,1329.1378136368771,935.8243301510811
1706174325190,1328.4856006049165,935.968042910099
1706174325201,1330.372695659952,938.480581343174
1706174325213,1327.3999933639266,940.0248989462852
1706174325224,1311.6489378711212,942.7015632390976
1706174325235,1293.2336090837744,937.914676964283
1706174325267,1264.9685807965802,935.5530425906181
1706174325268,1267.7168236731754,930.7950064539909
1706174325284,1271.661259416468,934.0248346328735
1706174325290,1271.3459837292146,935.4825168848038
1706174325301,1271.138218636368,935.99663823843
1706174325312,1271.3372206486379,938.1924480199814
1706174325323,1273.2081589347547,938.698698580265
1706174325335,1276.7163718875604,936.8306308984756
1706174325345,1273.698080101419,937.7075731754303
1706174325357,1270.4467625212337,934.4746306538582
1706174325368,1270.5475253194143,932.738696038723
1706174325402,1268.9773410256712,931.8109899759293
1706174325418,1538.3463542269471,1037.6646101474762
1706174325422,1758.5563763011205,1133.9407488703728
1706174325434,nan,nan
1706174325444,nan,nan
1706174325455,nan,nan
1706174325466,nan,nan
1706174325477,nan,nan
1706174325489,nan,nan
1706174325500,nan,nan
1706174325511,nan,nan
1706174325554,nan,nan
1706174325569,nan,nan
1706174325583,nan,nan
1706174325601,nan,nan
1706174325611,nan,nan
1706174325623,nan,nan
1706174325634,nan,nan
1706174325645,nan,nan
1706174325656,nan,nan
1706174325668,nan,nan
1706174325707,nan,nan
1706174325708,nan,nan
1706174325711,nan,nan
1706174325724,nan,nan
1706174325734,nan,nan
1706174325746,nan,nan
1706174325757,nan,nan
1706174325768,nan,nan
1706174325778,nan,nan
1706174325790,nan,nan
1706174325801,nan,nan
1706174325811,nan,nan
1706174325823,nan,nan
1706174325858,nan,nan
1706174325859,nan,nan
1706174325874,nan,nan
1706174325878,nan,nan
1706174325892,nan,nan
1706174325901,nan,nan
1706174325911,nan,nan
1706174325923,nan,nan
1706174325935,nan,nan
1706174325943,nan,nan
1706174325956,nan,nan
1706174325968,nan,nan
1706174326001,nan,nan
1706174326002,nan,nan
1706174326011,nan,nan
1706174326022,nan,nan
1706174326034,nan,nan
1706174326044,nan,nan
1706174326056,nan,nan
1706174326067,nan,nan
1706174326077,nan,nan
1706174326089,nan,nan
1706174326101,nan,nan
1706174326111,nan,nan
1706174326123,nan,nan
1706174326155,nan,nan
1706174326156,nan,nan
1706174326172,nan,nan
1706174326179,nan,nan
1706174326190,nan,nan
1706174326209,nan,nan
1706174326224,nan,nan
1706174326235,nan,nan
1706174326246,nan,nan
1706174326258,nan,nan
1706174326269,nan,nan
1706174326306,nan,nan
1706174326307,1742.518041196535,1023.7246423959732
1706174326312,1742.518041196535,1023.7246423959732
1706174326323,1742.518041196535,1023.7246423959732
1706174326336,1689.2916093822946,1010.9777510166168
1706174326345,1689.2916093822946,1010.9777510166168
1706174326357,1689.2916093822946,1010.9777510166168
1706174326368,1386.1965662126108,911.2863957881927
1706174326379,1431.742321663929,904.2422622442245
1706174326390,1431.742321663929,904.2422622442245
1706174326402,1438.2157655411518,917.7356332540512
1706174326413,1428.7574218504546,923.1467753648758
1706174326433,1428.7574218504546,923.1467753648758
1706174326453,1425.2263047269812,913.1636083126068
1706174326454,1427.5530619596173,910.5781942605972
1706174326457,1429.3573048181224,910.6951236724854
1706174326472,1430.3065377936543,905.8977335691452
1706174326480,1426.7255483076824,903.2039970159531
1706174326491,1430.9850679706954,905.0611078739166
1706174326502,1427.525593676086,909.5561802387238
1706174326513,1426.3388566892756,910.0479066371918
1706174326524,1420.679367234554,907.9573333263397
1706174326535,1448.862410148477,904.406076669693
1706174326546,1606.586037600009,904.3221592903137
1706174326558,1703.415692491364,908.594074845314
1706174326569,1793.7099675972388,917.1366035938263
1706174326603,1904.402637893217,930.4403394460678
1706174326604,1907.560507658226,930.6947529315948
1706174326621,1909.9661271792465,931.5005749464035
1706174326625,1911.8239872334111,928.4020304679871
1706174326636,1910.1921312640634,930.6526243686676
1706174326647,1910.5304787604523,927.0590126514435
1706174326658,1911.9260981487946,930.8365404605865
1706174326669,1914.1587945931392,931.3821166753769
1706174326680,1915.2521287987456,936.297795176506
1706174326690,1915.1654720499882,935.2769136428833
1706174326702,1911.25766437058,937.2427433729172
1706174326712,1914.3327533819572,934.3398362398148
1706174326754,1911.719100091649,936.8969947099686
1706174326755,1912.0671628149857,936.1756563186646
1706174326757,1924.7780659334,927.2312074899673
1706174326771,1937.9491793582486,920.4690635204315
1706174326779,1968.812863374887,919.4210588932037
1706174326791,nan,nan
1706174326801,nan,nan
1706174326811,nan,nan
1706174326823,nan,nan
1706174326834,nan,nan
1706174326845,nan,nan
1706174326856,nan,nan
1706174326867,nan,nan
1706174326905,nan,nan
1706174326906,nan,nan
1706174326907,nan,nan
1706174326927,nan,nan
1706174326939,nan,nan
1706174326948,nan,nan
1706174326960,nan,nan
1706174326972,nan,nan
1706174326982,nan,nan
1706174326993,nan,nan
1706174327039,nan,nan
1706174327040,nan,nan
1706174327054,nan,nan
1706174327060,nan,nan
1706174327072,nan,nan
1706174327081,nan,nan
1706174327092,nan,nan
1706174327105,nan,nan
1706174327114,nan,nan
1706174327126,nan,nan
1706174327138,nan,nan
1706174327148,nan,nan
1706174327188,nan,nan
1706174327189,nan,nan
1706174327193,nan,nan
1706174327205,nan,nan
1706174327214,nan,nan
1706174327226,nan,nan
1706174327238,nan,nan
1706174327248,nan,nan
1706174327259,nan,nan
1706174327272,nan,nan
1706174327281,nan,nan
1706174327293,nan,nan
1706174327339,nan,nan
1706174327340,nan,nan
1706174327348,nan,nan
1706174327360,nan,nan
1706174327373,nan,nan
1706174327381,nan,nan
1706174327393,nan,nan
1706174327405,nan,nan
1706174327415,nan,nan
1706174327426,nan,nan
1706174327438,nan,nan
1706174327448,nan,nan
1706174327489,nan,nan
1706174327490,nan,nan
1706174327493,nan,nan
1706174327506,nan,nan
1706174327514,nan,nan
1706174327526,nan,nan
1706174327538,nan,nan
1706174327547,nan,nan
1706174327559,nan,nan
1706174327571,nan,nan
1706174327581,nan,nan
1706174327593,nan,nan
1706174327604,nan,nan
1706174327641,nan,nan
1706174327647,nan,nan
1706174327659,nan,nan
1706174327673,nan,nan
1706174327681,nan,nan
1706174327693,nan,nan
1706174327705,nan,nan
1706174327714,nan,nan
1706174327727,nan,nan
1706174327738,nan,nan
1706174327772,nan,nan
1706174327773,nan,nan
1706174327781,nan,nan
1706174327793,nan,nan
1706174327805,nan,nan
1706174327814,nan,nan
1706174327825,nan,nan
1706174327837,nan,nan
1706174327847,nan,nan
1706174327859,nan,nan
1706174327871,nan,nan
1706174327881,nan,nan
1706174327901,nan,nan
1706174327922,nan,nan
1706174327925,nan,nan
1706174327940,nan,nan
1706174327948,nan,nan
1706174327959,nan,nan
1706174327971,nan,nan
1706174327980,nan,nan
1706174327992,nan,nan
1706174328004,nan,nan
1706174328014,nan,nan
1706174328026,nan,nan
1706174328038,nan,nan
1706174328073,nan,nan
1706174328081,nan,nan
1706174328092,nan,nan
1706174328106,nan,nan
1706174328114,nan,nan
1706174328126,nan,nan
1706174328138,nan,nan
1706174328148,nan,nan
1706174328159,nan,nan
1706174328171,nan,nan
1706174328181,nan,nan
1706174328219,nan,nan
1706174328220,nan,nan
1706174328225,nan,nan
1706174328237,nan,nan
1706174328252,nan,nan
1706174328259,nan,nan
1706174328270,nan,nan
1706174328280,nan,nan
1706174328292,nan,nan
1706174328304,nan,nan
1706174328313,nan,nan
1706174328325,nan,nan
1706174328337,nan,nan
1706174328371,nan,nan
1706174328387,nan,nan
1706174328392,nan,nan
1706174328405,nan,nan
1706174328414,nan,nan
1706174328425,nan,nan
1706174328437,nan,nan
1706174328447,nan,nan
1706174328459,nan,nan
1706174328471,nan,nan
1706174328481,nan,nan
1706174328520,nan,nan
1706174328521,nan,nan
1706174328526,nan,nan
1706174328538,nan,nan
1706174328548,nan,nan
1706174328559,nan,nan
1706174328570,nan,nan
1706174328580,nan,nan
1706174328592,nan,nan
1706174328604,nan,nan
1706174328614,nan,nan
1706174328658,nan,nan
1706174328659,nan,nan
1706174328676,nan,nan
1706174328680,nan,nan
1706174328692,nan,nan
1706174328703,nan,nan
1706174328713,nan,nan
1706174328725,nan,nan
1706174328736,nan,nan
1706174328746,nan,nan
1706174328758,nan,nan
1706174328770,nan,nan
1706174328807,nan,nan
1706174328808,nan,nan
1706174328813,nan,nan
1706174328826,nan,nan
1706174328837,nan,nan
1706174328847,nan,nan
1706174328858,nan,nan
1706174328870,nan,nan
1706174328880,nan,nan
1706174328892,nan,nan
1706174328903,nan,nan
1706174328913,nan,nan
1706174328925,nan,nan
1706174328958,nan,nan
1706174328959,nan,nan
1706174328978,nan,nan
1706174328980,nan,nan
1706174328994,nan,nan
1706174329003,nan,nan
1706174329013,nan,nan
1706174329025,nan,nan
1706174329037,nan,nan
1706174329047,nan,nan
1706174329059,nan,nan
1706174329070,nan,nan
1706174329108,nan,nan
1706174329113,nan,nan
1706174329126,nan,nan
1706174329136,nan,nan
1706174329146,nan,nan
1706174329158,nan,nan
1706174329170,nan,nan
1706174329180,nan,nan
1706174329191,nan,nan
1706174329203,nan,nan
1706174329213,nan,nan
1706174329238,nan,nan
1706174329259,nan,nan
1706174329260,nan,nan
1706174329277,nan,nan
1706174329280,nan,nan
1706174329293,nan,nan
1706174329303,nan,nan
1706174329313,nan,nan
1706174329325,nan,nan
1706174329336,nan,nan
1706174329347,nan,nan
1706174329359,nan,nan
1706174329370,nan,nan
1706174329417,nan,nan
1706174329426,nan,nan
1706174329436,nan,nan
1706174329446,nan,nan
1706174329458,nan,nan
1706174329469,nan,nan
1706174329479,nan,nan
1706174329491,nan,nan
1706174329503,nan,nan
1706174329513,nan,nan
1706174329525,nan,nan
1706174329536,nan,nan
1706174329576,nan,nan
1706174329577,nan,nan
1706174329579,nan,nan
1706174329595,nan,nan
1706174329603,nan,nan
1706174329613,nan,nan
1706174329625,nan,nan
1706174329636,nan,nan
1706174329647,nan,nan
1706174329658,nan,nan
1706174329670,nan,nan
1706174329681,nan,nan
1706174329703,nan,nan
1706174329723,nan,nan
1706174329724,nan,nan
1706174329726,nan,nan
1706174329744,nan,nan
1706174329759,nan,nan
1706174329769,nan,nan
1706174329780,nan,nan
1706174329791,nan,nan
1706174329803,nan,nan
1706174329812,nan,nan
1706174329855,nan,nan
1706174329856,nan,nan
1706174329872,nan,nan
1706174329891,nan,nan
1706174329905,nan,nan
1706174329916,1775.5263923544285,1002.098023891449
1706174329927,1775.5263923544285,1002.098023891449
1706174329939,1774.7344289027383,1005.9046566486359
1706174329950,1772.4371018903082,1016.9561564922333
1706174329961,1772.4371018903082,1016.9561564922333
1706174329972,1408.8970363488902,945.6597357988358
1706174330011,1389.0098302810397,917.449963092804
1706174330018,1394.0316200134864,916.2113323807716
1706174330029,1393.2026148061707,916.6853070259094
1706174330039,1395.6502752717633,914.7474214434624
1706174330051,1391.9322386569702,912.989941239357
1706174330062,1392.7314178363918,918.6331301927567
1706174330073,1387.3470713919214,918.8980758190155
1706174330084,1391.5869585176185,913.8881176710129
1706174330095,1390.7584640949656,906.5707713365555
1706174330107,1391.4228868588164,909.8831295967102
1706174330118,1393.0922250975204,918.021360039711
1706174330166,1389.9953466504908,917.9822042584419
1706174330167,1390.9156601784666,917.9671987891197
1706174330173,1398.468065955133,905.5103093385696
1706174330184,1388.4677202626403,910.4851886630058
1706174330195,1389.568338544254,911.0547736287117
1706174330206,1390.800428774889,913.8564079999924
1706174330217,1394.150060089482,913.1176576018333
1706174330229,1394.101084761941,911.6866454482079
1706174330239,1388.9277093538876,915.2317866683006
1706174330251,1392.9718476005569,918.4845194220543
1706174330262,1392.8447019252535,917.3981234431267
1706174330273,1395.741388940243,913.3035272359848
1706174330284,1390.4507059166747,911.3387450575829
1706174330327,1390.0893026626263,913.4296298027039
1706174330328,1389.3748509634302,915.2674034237862
1706174330329,1387.1482986119988,919.892230629921
1706174330344,1388.9856023152809,922.0907866954803
1706174330352,1396.2467566155537,920.8288550376892
1706174330364,1398.8580061017926,920.2760592103004
1706174330373,1394.662274823534,919.6247085928917
1706174330384,1392.9926500602085,920.8240985870361
1706174330394,1393.516245695103,922.9034885764122
1706174330405,1399.717714735211,918.5376331210136
1706174330417,1402.042283392642,916.3911432027817
1706174330428,1445.317967120488,921.4330941438675
1706174330439,1513.7222017535316,924.3826031684875
1706174330478,1722.118165369176,940.4841795563698
1706174330479,2032.4278964266,926.701033115387
1706174330484,2041.9470906966674,928.5000756382942
1706174330495,2044.8550845161917,924.288521707058
1706174330506,2046.052085782366,926.1038720607758
1706174330517,2050.0931871286707,927.3116141557693
1706174330529,2049.557415835946,925.64467638731
1706174330540,2047.9666818370483,925.5105048418045
1706174330551,2043.7440267976635,928.003366291523
1706174330562,2042.7853520078195,933.9315742254257
1706174330572,2036.4363859600896,932.0998594164848
1706174330583,2034.975054872139,932.5428605079651
1706174330624,2036.368605274675,930.8123052120209
1706174330625,2039.3169390679452,932.7313348650932
1706174330627,2045.5876530129242,930.4275423288345
1706174330641,2042.3220630176163,929.6201631426811
1706174330650,2041.0839604419998,927.6691690087318
1706174330661,2040.7211923024024,927.5457844138145
1706174330672,2041.6445837674673,927.6267290115356
1706174330683,2040.435488939037,931.4535200595856
1706174330694,2038.6481472778087,937.014490365982
1706174330705,2036.9931870646838,939.4668936729431
1706174330717,2036.4487505548896,951.1022478342056
1706174330727,2076.51329883153,957.4633777141571
1706174330738,2142.792951122219,1005.2742004394531
1706174330778,nan,nan
1706174330779,nan,nan
1706174330781,nan,nan
1706174330796,nan,nan
1706174330804,nan,nan
1706174330815,nan,nan
1706174330826,nan,nan
1706174330836,nan,nan
1706174330847,nan,nan
1706174330858,nan,nan
1706174330869,nan,nan
1706174330881,nan,nan
1706174330890,nan,nan
1706174330924,nan,nan
1706174330927,nan,nan
1706174330941,nan,nan
1706174330949,nan,nan
1706174330960,nan,nan
1706174330971,nan,nan
1706174330982,nan,nan
1706174330993,nan,nan
1706174331004,nan,nan
1706174331014,nan,nan
1706174331059,nan,nan
1706174331060,nan,nan
1706174331077,nan,nan
1706174331081,nan,nan
1706174331095,nan,nan
1706174331105,nan,nan
1706174331115,nan,nan
1706174331126,nan,nan
1706174331138,nan,nan
1706174331148,nan,nan
1706174331159,nan,nan
1706174331171,nan,nan
1706174331209,nan,nan
1706174331215,nan,nan
1706174331227,nan,nan
1706174331239,nan,nan
1706174331248,nan,nan
1706174331260,nan,nan
1706174331272,nan,nan
1706174331281,nan,nan
1706174331293,nan,nan
1706174331305,nan,nan
1706174331315,nan,nan
1706174331327,nan,nan
1706174331360,nan,nan
1706174331361,nan,nan
1706174331378,nan,nan
1706174331381,nan,nan
1706174331393,nan,nan
1706174331405,nan,nan
1706174331414,nan,nan
1706174331426,nan,nan
1706174331438,nan,nan
1706174331448,nan,nan
1706174331460,nan,nan
1706174331472,nan,nan
1706174331482,nan,nan
1706174331493,nan,nan
1706174331528,nan,nan
1706174331529,nan,nan
1706174331538,nan,nan
1706174331549,nan,nan
1706174331559,nan,nan
1706174331571,nan,nan
1706174331580,nan,nan
1706174331593,nan,nan
1706174331604,nan,nan
1706174331614,nan,nan
1706174331626,nan,nan
1706174331638,nan,nan
1706174331655,nan,nan
1706174331676,nan,nan
1706174331681,nan,nan
1706174331695,nan,nan
1706174331704,nan,nan
1706174331714,nan,nan
1706174331726,nan,nan
1706174331738,nan,nan
1706174331748,nan,nan
1706174331759,nan,nan
1706174331771,nan,nan
1706174331781,nan,nan
1706174331793,nan,nan
1706174331827,nan,nan
1706174331828,nan,nan
1706174331846,nan,nan
1706174331848,nan,nan
1706174331860,nan,nan
1706174331871,nan,nan
1706174331881,nan,nan
1706174331893,nan,nan
1706174331905,nan,nan
1706174331914,nan,nan
1706174331926,nan,nan
1706174331937,nan,nan
1706174331977,nan,nan
1706174331978,nan,nan
1706174331981,nan,nan
1706174331996,nan,nan
1706174332004,nan,nan
1706174332014,nan,nan
1706174332025,nan,nan
1706174332038,nan,nan
1706174332047,nan,nan
1706174332059,nan,nan
1706174332071,nan,nan
1706174332080,nan,nan
1706174332092,nan,nan
1706174332139,nan,nan
1706174332156,nan,nan
1706174332159,nan,nan
1706174332172,nan,nan
1706174332181,nan,nan
1706174332192,nan,nan
1706174332204,nan,nan
1706174332214,nan,nan
1706174332226,nan,nan
1706174332238,nan,nan
1706174332278,nan,nan
1706174332279,nan,nan
1706174332281,nan,nan
1706174332294,nan,nan
1706174332303,nan,nan
1706174332313,nan,nan
1706174332325,nan,nan
1706174332336,nan,nan
1706174332347,nan,nan
1706174332358,nan,nan
1706174332371,nan,nan
1706174332380,nan,nan
1706174332392,nan,nan
1706174332427,nan,nan
1706174332428,nan,nan
1706174332444,nan,nan
1706174332447,nan,nan
1706174332460,nan,nan
1706174332470,nan,nan
1706174332480,nan,nan
1706174332492,nan,nan
1706174332504,nan,nan
1706174332513,nan,nan
1706174332526,nan,nan
1706174332537,nan,nan
1706174332555,nan,nan
1706174332575,nan,nan
1706174332580,nan,nan
1706174332593,nan,nan
1706174332604,nan,nan
1706174332614,nan,nan
1706174332626,nan,nan
1706174332637,nan,nan
1706174332647,nan,nan
1706174332658,nan,nan
1706174332670,nan,nan
1706174332710,nan,nan
1706174332713,nan,nan
1706174332726,nan,nan
1706174332736,nan,nan
1706174332746,nan,nan
1706174332758,nan,nan
1706174332770,nan,nan
1706174332780,nan,nan
1706174332792,nan,nan
1706174332803,nan,nan
1706174332813,nan,nan
1706174332825,nan,nan
1706174332862,nan,nan
1706174332870,nan,nan
1706174332880,nan,nan
1706174332893,nan,nan
1706174332903,nan,nan
1706174332914,nan,nan
1706174332925,nan,nan
1706174332937,nan,nan
1706174332947,nan,nan
1706174332959,nan,nan
1706174332996,nan,nan
1706174332997,nan,nan
1706174333004,nan,nan
1706174333014,nan,nan
1706174333028,nan,nan
1706174333036,nan,nan
1706174333046,nan,nan
1706174333058,nan,nan
1706174333069,nan,nan
1706174333080,nan,nan
1706174333091,nan,nan
1706174333103,nan,nan
1706174333144,nan,nan
1706174333145,nan,nan
1706174333146,nan,nan
1706174333165,nan,nan
1706174333170,nan,nan
1706174333180,nan,nan
1706174333192,nan,nan
1706174333204,nan,nan
1706174333213,nan,nan
1706174333225,nan,nan
1706174333237,nan,nan
1706174333247,nan,nan
1706174333259,nan,nan
1706174333295,nan,nan
1706174333296,nan,nan
1706174333303,nan,nan
1706174333313,nan,nan
1706174333327,nan,nan
1706174333337,nan,nan
1706174333347,nan,nan
1706174333359,nan,nan
1706174333371,nan,nan
1706174333380,nan,nan
1706174333392,nan,nan
1706174333403,nan,nan
1706174333443,nan,nan
1706174333444,nan,nan
1706174333446,nan,nan
1706174333462,nan,nan
1706174333470,nan,nan
1706174333480,nan,nan
1706174333492,nan,nan
1706174333504,nan,nan
1706174333513,nan,nan
1706174333525,nan,nan
1706174333537,nan,nan
1706174333547,nan,nan
1706174333558,nan,nan
1706174333595,nan,nan
1706174333596,nan,nan
1706174333603,nan,nan
1706174333613,nan,nan
1706174333627,nan,nan
1706174333636,nan,nan
1706174333647,nan,nan
1706174333659,nan,nan
1706174333676,nan,nan
1706174333692,nan,nan
1706174333702,nan,nan
1706174333742,nan,nan
1706174333743,nan,nan
1706174333747,nan,nan
1706174333759,nan,nan
1706174333769,nan,nan
1706174333787,nan,nan
1706174333806,nan,nan
1706174333821,nan,nan
1706174333839,nan,nan
1706174333851,nan,nan
1706174333893,nan,nan
1706174333895,1438.5639761556156,839.1330353915691
1706174333909,1450.8700375437625,853.7234619259834
1706174333918,1449.8986606636915,853.8997337222099
1706174333928,1450.8468578771779,851.009538769722
1706174333940,1455.0262175680182,849.1441607475281
1706174333951,1442.8744833812123,872.7018982172012
1706174333962,1442.0681205613105,874.8428106307983
1706174333974,1437.959325822043,881.5060459077358
1706174333985,1437.6110155324125,870.2213101089001
1706174333996,1438.4198456471797,868.7727726995945
1706174334007,1440.1484995075746,865.935705602169
1706174334054,1434.1881726135298,868.3290496468544
1706174334055,1436.3268196042468,869.7634875774384
1706174334070,1438.815662668,867.9608635604382
1706174334074,1440.68252813896,868.5950145125389
1706174334086,1441.949294560062,865.9232199192047
1706174334096,1442.7645590458824,868.7511704862118
1706174334107,1444.14008261152,870.9769487380981
1706174334119,1443.9923267670338,874.5400965213776
1706174334130,1446.3496956033018,876.332188397646
1706174334141,1442.7527160291045,875.2935975790024
1706174334152,1443.2527825170516,875.2184994518757
1706174334196,1438.5166900390843,873.9430628716946
1706174334197,1438.269461010184,880.1324933767319
1706174334213,1442.2259510273782,880.4339334368706
1706174334218,1441.3926794305435,878.4401595592499
1706174334230,1444.102904477722,877.0874164998531
1706174334240,1445.3298510041202,872.4778778851032
1706174334251,1417.7516241661774,871.7917315661907
1706174334262,1371.584291438496,871.1566179990768
1706174334273,1307.1862102870527,867.6425494253635
1706174334284,1221.256741832242,861.7524072527885
1706174334296,1211.7160251241253,857.87458345294
1706174334307,1219.7311442896644,858.9011132717133
1706174334345,1219.6570329633566,856.5912760794163
1706174334346,1220.0699673246222,860.1704768836498
1706174334351,1219.5993067001855,858.7618455290794
1706174334363,1218.8331450262563,860.9200283885002
1706174334375,1219.2802969873442,858.3616524934769
1706174334384,1221.413640939155,859.7959630191326
1706174334396,1223.3156808888098,857.957948744297
1706174334407,1221.1058764032505,856.0136362910271
1706174334418,1220.9162959430537,852.8257668018341
1706174334429,1219.8808265050898,851.824264973402
1706174334440,1198.7501770501613,849.2989718914032
1706174334451,1081.562355701261,828.5515040159225
1706174334462,1007.9947880524614,815.8295132219791
1706174334496,884.1100631160907,798.3118452131748
1706174334497,740.881479751451,797.6531617343426
1706174334513,734.0996845200218,803.4218445420265
1706174334520,738.3763957803923,801.9130870699883
1706174334529,738.7392106889141,799.5281234383583
1706174334540,733.264408894757,800.0232189893723
1706174334552,730.9566963782506,802.986940741539
1706174334562,727.5981126375202,802.8057001531124
1706174334573,728.014910694229,799.7975423932076
1706174334584,727.2388149885076,796.254751086235
1706174334595,726.7679003600899,795.6296175718307
1706174334630,726.8486517321037,800.275707244873
1706174334631,723.2083843624619,794.3295352160931
1706174334646,728.6033574647238,791.9382579624653
1706174334651,728.6133350770893,792.3310615122318
1706174334663,725.5002743762998,788.8800583779812
1706174334673,723.9586925046492,791.0346455872059
1706174334684,727.1483236933427,791.2742517888546
1706174334695,726.8756525171027,790.872161835432
1706174334707,730.0052301792355,792.2002874314785
1706174334718,727.7563375005341,792.2052845358849
1706174334729,731.7309427927274,793.7909238040447
1706174334740,745.5819001667629,790.718412399292
1706174334758,761.9240975558084,788.8316586613655
1706174334780,763.988532790087,785.2465830743313
1706174334781,758.6839432552159,785.785024613142
1706174334784,758.8016137434875,788.3035935461521
1706174334797,755.7936524706629,789.8702070116997
1706174334807,759.8967597750774,789.6305583417416
1706174334818,757.1312764086947,788.3436694741249
1706174334829,761.0006617885676,787.4347910284996
1706174334840,759.0106704768804,788.5557137429714
1706174334851,761.7417511324526,788.1827428936958
1706174334862,761.009483325443,787.5021032989025
1706174334873,760.5754362704188,784.1602861881256
1706174334885,758.4879528478261,783.1220351159573
1706174334904,761.0135816500132,785.1319469511509
1706174334929,804.5588744924632,803.2918207347393
1706174334930,966.3638301522093,835.7331499457359
1706174334946,1189.1257341103021,872.8781417012215
1706174334950,1285.3414615164154,888.8151958584785
1706174334963,1284.0089932120466,885.934428870678
1706174334973,1286.723551558357,882.2014927864075
1706174334984,1285.1238328611553,882.4231348931789
1706174334995,1283.9993028293388,883.1371828913689
1706174335006,1281.5821587062535,885.9197914600372
1706174335017,1280.6460538665935,886.6767890751362
1706174335028,1280.7126327479384,888.4857550263405
1706174335040,1278.6792355885877,888.328792154789
1706174335077,1284.0166010328267,890.2667626738548
1706174335078,1284.4256129128494,890.6499966979027
1706174335084,1284.2037284796265,889.209358394146
1706174335095,1285.8721314747154,888.6185675859451
1706174335109,1289.2883000219294,891.8474331498146
1706174335117,1291.5985424948465,891.8721780180931
1706174335129,1291.9554829051417,889.5141676068306
1706174335140,1290.0751490662474,891.4059892296791
1706174335151,1289.2516891731675,891.9061243534088
1706174335162,1285.308880939615,890.7174646854401
1706174335173,1283.4136938967742,889.3856018781662
1706174335184,1284.7577747946302,888.2978469133377
1706174335203,1288.305429420256,890.7837718725204
1706174335229,1289.1899381480032,890.8078089356422
1706174335230,1302.6286552634538,888.0539938807487
1706174335245,1339.8008451894195,890.4391840100288
1706174335251,1363.3573689373238,896.623532474041
1706174335262,1362.0139758137486,894.473446905613
1706174335273,1363.2060171029357,894.7991222143173
1706174335284,1362.2489442783858,893.1061938405037
1706174335295,1362.6655936965944,895.6565290689468
1706174335306,1366.4757466893584,893.4197798371315
1706174335317,1365.0245027374467,892.8514689207077
1706174335328,1360.3469961828068,892.5412520766258
1706174335339,1356.981699448605,894.86313611269
1706174335379,1362.068178534485,895.2234089374542
1706174335380,1363.4804323050716,891.8526709079742
1706174335383,1369.4345743796973,891.6010603308678
1706174335396,1371.0859542367446,893.6694651842117
1706174335406,1369.163239541948,895.1390102505684
1706174335417,1365.8063054660486,896.1246713995934
1706174335428,1366.2640300481446,897.6015493273735
1706174335439,1366.781262679218,898.8139629364014
1706174335450,1368.880792753779,891.8834745883942
1706174335462,1369.1844831107812,888.4962871670723
1706174335473,1373.4685444707943,884.4062492251396
1706174335484,1376.9289056542639,886.4585727453232
1706174335495,1377.5792491131103,889.2570644617081
1706174335529,1360.88682225161,884.8038092255592
1706174335530,1276.237790526608,864.6840937435627
1706174335546,1080.710307394129,830.4228700697422
1706174335551,795.8820645948899,803.3753983676434
1706174335562,773.6329601519899,802.1492674946785
1706174335573,746.6206880641028,800.3681182861328
1706174335584,740.024333955455,796.1828805506229
1706174335595,739.8507192393846,792.9323419928551
1706174335606,738.5401321260285,791.7805731296539
1706174335617,738.7867613151111,795.9010183811188
1706174335629,739.7578636672449,797.9978911578655
1706174335640,737.1715575813263,798.6636385321617
1706174335678,736.7076322632417,796.7213787138462
