timestamp,x,y
1706174300852,1341.4277648925781,851.0033369064331
1706174300863,1342.4466705322266,850.6894969940186
1706174300874,1345.0177764892578,843.0947685241699
1706174300885,1343.6229705810547,837.5729370117188
1706174300920,1341.7227935791016,838.8062810897827
1706174300921,1337.4064636230469,836.8061685562134
1706174300922,1341.5917205810547,838.7880420684814
1706174300929,1344.6025085449219,837.4311017990112
1706174300946,1351.731185913086,833.1646299362183
1706174300951,1366.6755676269531,766.8025302886963
1706174300964,1386.4118194580078,643.2982850074768
1706174300973,1441.1607360839844,353.80123257637024
1706174300985,1454.2325592041016,261.2258183956146
1706174300996,1463.1430053710938,213.3761429786682
1706174301007,1463.8289642333984,193.74225497245789
1706174301018,1457.3627471923828,195.28694987297058
1706174301029,1462.1200561523438,196.49538159370422
1706174301040,1464.8307037353516,201.5755820274353
1706174301052,1465.5097961425781,205.3956377506256
1706174301087,1467.0081329345703,204.81653809547424
1706174301088,1467.166519165039,198.92807006835938
1706174301095,1462.835922241211,203.7568187713623
1706174301106,1468.770751953125,208.1650722026825
1706174301118,1470.8372497558594,211.3102626800537
1706174301128,1475.6878662109375,205.11526107788086
1706174301139,1470.6556701660156,210.18430352210999
1706174301151,1462.8801727294922,206.73896312713623
1706174301162,1414.0020751953125,202.49606251716614
1706174301173,1228.6323928833008,190.15689253807068
1706174301183,1165.283317565918,192.4930053949356
1706174301195,990.41748046875,195.35133361816406
1706174301235,728.6349868774414,183.03075671195984
1706174301236,736.2121963500977,173.78124475479126
1706174301240,733.5248184204102,167.45766878128052
1706174301251,724.2655181884766,162.80154168605804
1706174301264,722.4838638305664,166.7888706922531
1706174301273,721.6845321655273,163.57400178909302
1706174301284,723.4151840209961,168.49457323551178
1706174301295,725.0064086914062,163.00910711288452
1706174301307,721.0149002075195,161.84259831905365
1706174301318,687.8458023071289,161.5032023191452
1706174301329,616.1909675598145,159.76616084575653
1706174301340,456.9281196594238,162.62254178524017
1706174301361,424.09807205200195,164.26779806613922
1706174301382,421.439266204834,168.9924716949463
1706174301384,421.7594337463379,182.73136854171753
1706174301399,413.66735458374023,182.21179246902466
1706174301407,413.95776748657227,173.9711880683899
1706174301418,415.85763931274414,165.5046933889389
1706174301429,416.5490913391113,164.0838897228241
1706174301440,413.30005645751953,163.83470714092255
1706174301451,410.3498840332031,164.76888835430145
1706174301462,408.81092071533203,164.4663941860199
1706174301473,403.98338317871094,166.71002984046936
1706174301484,401.90914154052734,158.41164529323578
1706174301529,404.608211517334,156.8480086326599
1706174301531,395.2908515930176,158.71692895889282
1706174301538,nan,nan
1706174301555,nan,nan
1706174301561,nan,nan
1706174301572,nan,nan
1706174301584,569.8419952392578,927.4489974975586
1706174301594,569.8419952392578,927.4489974975586
1706174301606,810.0951766967773,648.0193376541138
1706174301617,766.986083984375,471.50367736816406
1706174301629,781.0783767700195,304.15005683898926
1706174301640,772.7529525756836,151.7962610721588
1706174301650,816.1294937133789,104.27932977676392
1706174301661,828.1916427612305,147.07740247249603
1706174301702,823.0046081542969,143.311066031456
1706174301703,823.433837890625,134.52241122722626
1706174301706,822.2971343994141,123.38431298732758
1706174301719,821.1444854736328,125.0336354970932
1706174301728,823.672981262207,122.38508820533752
1706174301740,822.0984268188477,128.64336848258972
1706174301750,839.4175338745117,122.37671971321106
1706174301762,898.7943267822266,121.33745491504669
1706174301773,1061.6336822509766,114.46693360805511
1706174301784,1113.3032989501953,115.22514045238495
1706174301795,1127.2014999389648,111.71531438827515
1706174301806,1122.3153686523438,113.61792325973511
1706174301817,1122.0272827148438,114.36421573162079
1706174301853,1122.3594284057617,117.94294774532318
1706174301854,1123.3464050292969,117.83198475837708
1706174301862,1119.9566650390625,110.33833265304565
1706174301874,1125.4741668701172,113.40725719928741
1706174301884,1129.4940185546875,116.73636138439178
1706174301897,1134.8534393310547,118.53223443031311
1706174301906,1130.1419067382812,114.48644936084747
1706174301918,1121.8890762329102,112.41229176521301
1706174301929,1138.9036560058594,113.08192133903503
1706174301940,1230.8736419677734,110.36300897598267
1706174301951,1291.3988494873047,113.28075349330902
1706174301962,1335.62744140625,108.16630125045776
1706174301983,1366.2555694580078,108.27123999595642
1706174302012,1363.1510925292969,109.69680190086365
1706174302014,1361.7735290527344,108.63803207874298
1706174302018,1361.6146850585938,109.31669533252716
1706174302034,1361.7118835449219,107.62702167034149
1706174302039,1361.0771942138672,108.02191257476807
1706174302051,1362.3943328857422,102.99756109714508
1706174302062,1363.5521697998047,103.64032566547394
1706174302072,1368.3060455322266,105.27248203754425
1706174302084,1373.7318420410156,105.82927644252777
1706174302095,1376.3719940185547,107.41534173488617
1706174302106,1378.8733673095703,111.89391195774078
1706174302117,1378.1058502197266,112.76273310184479
1706174302129,1377.995376586914,111.9275951385498
1706174302140,1376.9449615478516,105.09842813014984
1706174302151,1384.0277862548828,107.64907479286194
1706174302187,1422.5009155273438,108.77864956855774
1706174302195,1571.7707824707031,93.84495198726654
1706174302206,1561.455078125,93.89574497938156
1706174302219,1561.5705108642578,97.14650452136993
1706174302229,1562.497787475586,102.14726865291595
1706174302239,1561.665267944336,106.22449457645416
1706174302250,1559.3737030029297,109.39016103744507
1706174302261,1559.0533447265625,108.11175048351288
1706174302272,1557.8904724121094,104.37750935554504
1706174302284,1559.3834686279297,103.68082165718079
1706174302295,1559.997329711914,104.72899675369263
1706174302339,1563.8172149658203,106.05273127555847
1706174302340,1566.3560485839844,104.87744629383087
1706174302350,1326.5293502807617,105.81773221492767
1706174302368,1104.8594665527344,119.05656605958939
1706174302373,642.2658538818359,155.63775837421417
1706174302385,571.1897850036621,165.22667706012726
1706174302395,480.5554962158203,188.55250775814056
1706174302406,402.823486328125,195.0048190355301
1706174302417,401.87788009643555,198.6334991455078
1706174302429,397.18116760253906,192.50005960464478
1706174302439,400.2525329589844,195.01282811164856
1706174302450,396.7482566833496,188.90775561332703
1706174302461,396.132755279541,187.70450592041016
1706174302506,396.4462089538574,187.61047840118408
1706174302507,404.375057220459,188.79816591739655
1706174302521,553.2832527160645,194.01158094406128
1706174302528,728.6705780029297,176.92403733730316
1706174302540,1142.9543685913086,133.1642907857895
1706174302550,1284.4295120239258,124.65512216091156
1706174302562,1384.937744140625,108.43181848526001
1706174302573,1466.2155151367188,103.6152309179306
1706174302584,1462.8321838378906,105.34086227416992
1706174302595,1456.737289428711,108.38920891284943
1706174302606,1460.643539428711,108.9177006483078
1706174302617,1465.9920501708984,101.7961996793747
1706174302651,1466.9223022460938,103.25269818305969
1706174302652,1464.5867919921875,103.82490992546082
1706174302668,1461.3910675048828,100.34197568893433
1706174302672,1461.1115264892578,96.16522371768951
1706174302683,1458.8603210449219,94.49873507022858
1706174302694,1474.3283081054688,99.26623284816742
1706174302705,1534.2510223388672,99.51672434806824
1706174302716,1555.4618072509766,90.32754063606262
1706174302728,1567.5709533691406,85.77268838882446
1706174302738,1568.4716033935547,83.91549468040466
1706174302750,1572.4657440185547,89.26263123750687
1706174302761,1575.3646850585938,89.86807018518448
1706174302772,1571.1863708496094,87.82924801111221
1706174302805,1568.974838256836,86.25662058591843
1706174302806,1567.0020294189453,93.62814903259277
1706174302822,1549.5848083496094,106.98915481567383
1706174302828,1469.5629119873047,105.18216401338577
1706174302839,1183.1584167480469,125.83040714263916
1706174302849,1098.8496398925781,132.87382900714874
1706174302861,852.8372192382812,164.3545138835907
1706174302872,381.187686920166,219.12995874881744
1706174302883,360.81735610961914,218.02570939064026
1706174302894,287.00222969055176,233.91905307769775
1706174302905,200.96440315246582,242.748681306839
1706174302917,193.03417205810547,239.45439219474792
1706174302928,188.97164344787598,242.2582447528839
1706174302970,197.04909324645996,242.34880685806274
1706174302972,189.29712295532227,246.17601871490479
1706174302987,189.59701538085938,244.7860872745514
1706174302995,189.69942092895508,247.3608899116516
1706174303007,185.9694480895996,248.51481914520264
1706174303016,187.4950885772705,246.49158596992493
1706174303028,192.42003440856934,241.60045981407166
1706174303038,190.08821964263916,242.29543089866638
1706174303049,185.8500051498413,240.68546175956726
1706174303061,178.49664688110352,240.33326625823975
1706174303072,183.4801483154297,239.83884930610657
1706174303083,187.36188888549805,244.21001315116882
1706174303116,189.96665954589844,245.81048727035522
1706174303117,213.05845260620117,240.10080456733704
1706174303134,268.73889923095703,236.6558825969696
1706174303138,310.45132637023926,229.6375823020935
1706174303150,307.59973526000977,230.1068079471588
1706174303161,305.2858829498291,224.03697967529297
1706174303172,303.1911563873291,222.51846313476562
1706174303183,304.1700267791748,224.34882402420044
1706174303194,306.32737159729004,225.3403615951538
1706174303205,306.1574363708496,232.38215804100037
1706174303216,311.21374130249023,232.01670169830322
1706174303255,312.5610542297363,233.23256850242615
1706174303261,315.5541515350342,227.5406849384308
1706174303273,320.7303047180176,226.73844695091248
1706174303283,344.24903869628906,224.40218925476074
1706174303294,411.32232666015625,220.06084084510803
1706174303305,576.598014831543,213.9281952381134
1706174303316,621.3568115234375,212.53196597099304
1706174303328,633.7108421325684,208.47830057144165
1706174303339,628.4175682067871,209.6562945842743
1706174303350,626.7049026489258,207.35653638839722
1706174303361,633.4732055664062,203.104789853096
1706174303401,633.4115219116211,203.97322475910187
1706174303405,624.7421264648438,200.98376870155334
1706174303418,627.874813079834,202.61088252067566
1706174303427,630.0152587890625,204.60334539413452
1706174303438,629.798641204834,202.40524291992188
1706174303449,635.3167343139648,197.2860163450241
1706174303460,642.6229286193848,189.1107988357544
1706174303471,670.9431457519531,282.80681848526
1706174303481,722.9660034179688,453.5416316986084
1706174303492,756.9780731201172,671.3375616073608
1706174303503,nan,nan
1706174303514,nan,nan
1706174303551,nan,nan
1706174303560,1203.8232421875,561.4551830291748
1706174303571,1163.0931854248047,842.0211124420166
1706174303584,1126.5337371826172,756.6558837890625
1706174303594,1092.8672409057617,672.4422669410706
1706174303605,987.709846496582,279.908589720726
1706174303616,952.0292663574219,182.8714817762375
1706174303627,950.8681106567383,206.89828634262085
1706174303638,952.4677276611328,201.58256649971008
1706174303650,953.4279251098633,205.37644922733307
1706174303661,952.9746246337891,199.12235856056213
1706174303702,949.3010711669922,196.59176409244537
1706174303705,951.8644332885742,198.19249033927917
1706174303718,944.2492294311523,185.8813977241516
1706174303728,903.9804840087891,193.4792321920395
1706174303739,734.8711395263672,209.40518081188202
1706174303750,650.6639099121094,224.65047597885132
1706174303760,527.5126457214355,228.4180784225464
1706174303771,379.2293357849121,213.5318398475647
1706174303782,371.2510871887207,209.54760074615479
1706174303793,377.74145126342773,210.70401906967163
1706174303804,373.39941024780273,219.85662817955017
1706174303816,372.24878311157227,221.13670706748962
1706174303850,369.9054145812988,214.98694896697998
1706174303851,374.94068145751953,210.80336809158325
1706174303867,376.45801544189453,222.35997676849365
1706174303871,371.1594581604004,223.09647917747498
1706174303884,373.0428886413574,224.26855087280273
1706174303894,373.83806228637695,218.18671703338623
1706174303904,351.79914474487305,226.82493209838867
1706174303916,328.6163902282715,230.2223038673401
1706174303927,306.6927146911621,234.65102791786194
1706174303938,283.5494613647461,229.47943925857544
1706174303949,285.1768493652344,225.73140621185303
1706174303961,282.6679039001465,227.265522480011
1706174304002,289.1096496582031,231.18542075157166
1706174304005,296.52530670166016,240.98217844963074
1706174304017,291.7168140411377,243.0799126625061
1706174304028,287.870512008667,239.07767057418823
1706174304038,290.5972099304199,232.39991426467896
1706174304049,290.6249141693115,232.6551854610443
1706174304061,291.5333652496338,228.51307153701782
1706174304071,290.948486328125,222.32491493225098
1706174304083,291.5207099914551,216.6850447654724
1706174304094,292.10923194885254,217.45308995246887
1706174304105,270.4548931121826,225.66189408302307
1706174304116,248.73043060302734,230.35223007202148
1706174304151,231.20180130004883,225.0938880443573
1706174304160,201.0776710510254,229.20880436897278
1706174304171,209.3797779083252,229.71370339393616
1706174304183,214.35447692871094,232.49304056167603
1706174304194,216.22023582458496,227.21866965293884
1706174304204,208.00395965576172,228.53793025016785
1706174304215,210.31307220458984,230.590238571167
1706174304227,208.2893180847168,229.30179119110107
1706174304237,212.58679389953613,224.91263508796692
1706174304249,214.33966636657715,219.0469765663147
1706174304260,220.5516242980957,219.13707733154297
1706174304305,221.4984130859375,225.796058177948
1706174304306,248.5953140258789,233.01547050476074
1706174304320,566.2650299072266,219.90679621696472
1706174304327,586.7841911315918,211.03712797164917
1706174304338,592.7102661132812,209.8323655128479
1706174304349,592.9955101013184,206.07370018959045
1706174304360,594.8280334472656,207.99756288528442
1706174304371,599.3387413024902,213.4855556488037
1706174304382,602.5653076171875,215.86572647094727
1706174304394,600.242977142334,214.86621737480164
1706174304404,597.0466041564941,205.3803813457489
1706174304416,597.0574188232422,203.0636715888977
1706174304449,597.1971321105957,204.09152626991272
1706174304450,634.9642944335938,221.2803018093109
1706174304464,726.5623092651367,223.29861044883728
1706174304471,943.597526550293,234.51510429382324
1706174304483,999.8438262939453,227.19855308532715
1706174304494,1017.4113082885742,228.4545886516571
1706174304505,1008.2827758789062,227.04123616218567
1706174304515,1009.3468475341797,228.24895977973938
1706174304526,1010.2999496459961,228.86049270629883
1706174304537,1019.4081878662109,230.76565504074097
1706174304549,1017.9867553710938,233.6141073703766
1706174304560,1022.8061294555664,230.64220905303955
1706174304603,1018.6297607421875,231.01740717887878
1706174304604,1019.6313095092773,220.55973172187805
1706174304619,1024.9547576904297,218.40177655220032
1706174304627,1028.486213684082,214.1053605079651
1706174304639,1029.4441223144531,212.6848304271698
1706174304649,1032.7455520629883,212.66681671142578
1706174304660,1059.3721389770508,216.24677181243896
1706174304671,1150.2265167236328,204.82071161270142
1706174304682,1187.1760940551758,208.96148443222046
1706174304694,1206.320457458496,206.26118659973145
1706174304704,1210.2859115600586,210.5457365512848
1706174304715,1210.6480026245117,211.39450550079346
1706174304759,1215.5212783813477,215.62249302864075
1706174304761,1211.5777587890625,213.4145951271057
1706174304775,1207.2629165649414,202.91407942771912
1706174304782,1208.73291015625,202.81322836875916
1706174304793,1214.0931701660156,201.42852187156677
1706174304804,1211.382713317871,205.73981881141663
1706174304815,1184.834861755371,205.5764400959015
1706174304826,1128.2108688354492,215.55428981781006
1706174304837,1008.3021545410156,233.55568885803223
1706174304849,979.6067428588867,231.34116053581238
1706174304860,979.5779800415039,229.03098464012146
1706174304871,995.5880355834961,224.16248559951782
1706174304903,1000.5706787109375,222.94841051101685
1706174304904,995.9534454345703,221.15589022636414
1706174304920,996.2843704223633,222.05670475959778
1706174304928,995.1555252075195,219.566810131073
1706174304937,1046.2226867675781,223.27333331108093
1706174304948,1106.3842391967773,226.1303150653839
1706174304959,1188.3235931396484,227.06632018089294
1706174304970,1308.2571411132812,213.66997361183167
1706174304981,1322.429428100586,220.4903268814087
1706174304993,1321.2603759765625,220.55739283561707
1706174305004,1319.42138671875,213.0086374282837
1706174305015,1318.3755493164062,211.1170792579651
1706174305053,1319.4831848144531,204.88804578781128
1706174305054,1321.5933227539062,203.98155570030212
1706174305060,1321.8186950683594,197.99518704414368
1706174305071,1321.6555786132812,204.17524874210358
1706174305082,1322.892074584961,210.1325798034668
1706174305093,1323.4790802001953,207.93044328689575
1706174305104,1325.4287719726562,204.67567920684814
1706174305115,1335.9862518310547,209.52465176582336
1706174305126,1350.3848266601562,215.44505953788757
1706174305137,1375.46875,227.63052821159363
1706174305149,1375.5413818359375,229.61307764053345
1706174305160,1375.4165649414062,227.12849378585815
1706174305171,1372.4064636230469,227.88535952568054
1706174305208,1369.3875885009766,221.4046812057495
1706174305209,1370.5559539794922,223.69266986846924
1706174305215,1376.1669921875,222.1574056148529
1706174305227,1373.99169921875,215.69902181625366
1706174305238,1380.4082489013672,216.2760293483734
1706174305249,1375.7405090332031,213.88967871665955
1706174305260,1382.4374389648438,221.09870553016663
1706174305270,1448.9752960205078,189.1442084312439
1706174305281,1513.385009765625,176.4674288034439
1706174305292,1588.2276916503906,152.57749736309052
1706174305303,1667.0512390136719,125.92475116252899
1706174305314,1670.6524658203125,120.92851459980011
1706174305354,1668.1684112548828,120.951007604599
1706174305355,1674.0809631347656,127.69337296485901
1706174305359,1660.8847045898438,127.01851308345795
1706174305372,1658.4569549560547,126.18732869625092
1706174305381,1663.785171508789,123.97138953208923
1706174305393,1664.0160369873047,125.91752529144287
1706174305403,1667.4098205566406,120.4487532377243
1706174305415,1661.8524169921875,117.27261006832123
1706174305426,1658.9912414550781,96.37380570173264
1706174305437,1681.830062866211,217.58537650108337
1706174305447,1691.2527465820312,254.92621064186096
1706174305458,1711.419448852539,375.3052854537964
1706174305468,nan,nan
1706174305502,nan,nan
1706174305503,nan,nan
1706174305519,nan,nan
1706174305526,nan,nan
1706174305535,nan,nan
1706174305547,nan,nan
1706174305559,1819.5732879638672,326.14039421081543
1706174305570,1780.891342163086,389.7052073478699
1706174305581,1780.891342163086,389.7052073478699
1706174305593,1706.4366149902344,300.0459122657776
1706174305604,1577.3661041259766,156.17201149463654
1706174305615,1565.1964569091797,191.58662796020508
1706174305653,1525.4530334472656,308.51035237312317
1706174305659,1428.7224578857422,671.6162753105164
1706174305673,1423.8491821289062,690.8854150772095
1706174305681,1422.3921966552734,690.5094337463379
1706174305692,1415.7658386230469,688.9148712158203
1706174305703,1408.2986450195312,687.4705123901367
1706174305714,1401.7976379394531,691.2051129341125
1706174305725,1395.4962158203125,699.7516393661499
1706174305737,1398.57421875,718.7894010543823
1706174305748,1400.5850219726562,737.2288155555725
1706174305759,1406.7342376708984,759.1310262680054
1706174305770,1409.3614196777344,783.8528823852539
1706174305807,1410.0074005126953,778.5624504089355
1706174305814,1400.0519561767578,803.8401889801025
1706174305826,1403.2621002197266,806.5932512283325
1706174305837,1402.9459381103516,807.7612781524658
1706174305848,1405.739517211914,799.8327970504761
1706174305859,1404.4483947753906,796.2019872665405
1706174305870,1405.760498046875,794.7479724884033
1706174305881,1401.7679595947266,801.0884141921997
1706174305892,1400.5393981933594,801.7309427261353
1706174305903,1401.826400756836,798.2589197158813
1706174305915,1400.9479522705078,794.8530292510986
1706174305953,1395.0216674804688,807.8991651535034
1706174305959,1363.7913513183594,869.973464012146
1706174305970,1372.1749877929688,868.647723197937
1706174305981,1373.0194091796875,867.0105457305908
1706174305992,1371.690673828125,864.2228078842163
1706174306004,1369.6105194091797,856.3897275924683
1706174306015,1373.9005279541016,851.9628381729126
1706174306025,1376.3836669921875,852.419843673706
1706174306036,1378.6087799072266,856.8023586273193
1706174306047,1371.4503479003906,865.194239616394
1706174306058,1374.790267944336,866.6788530349731
1706174306081,1378.2740020751953,869.1847229003906
1706174306101,1379.8564147949219,865.018630027771
1706174306102,1376.4510345458984,867.2833585739136
1706174306103,1370.0174713134766,871.2109279632568
1706174306116,1371.5911102294922,866.0843896865845
1706174306125,1368.0149841308594,862.5461053848267
1706174306137,1368.5287475585938,874.695782661438
1706174306147,1366.270980834961,884.672269821167
1706174306159,1422.9411315917969,887.2249603271484
1706174306170,1572.3165893554688,956.3509798049927
1706174306180,1573.975830078125,962.0980310440063
1706174306192,1451.1405944824219,1098.2764434814453
1706174306202,1601.5042114257812,1209.719181060791
1706174306238,1601.5042114257812,1209.719181060791
1706174306239,nan,nan
1706174306245,nan,nan
1706174306256,nan,nan
1706174306269,nan,nan
1706174306279,nan,nan
1706174306290,nan,nan
1706174306301,nan,nan
1706174306311,nan,nan
1706174306322,nan,nan
1706174306333,nan,nan
1706174306344,nan,nan
1706174306355,nan,nan
1706174306390,nan,nan
1706174306391,nan,nan
1706174306399,nan,nan
1706174306417,nan,nan
1706174306437,nan,nan
1706174306449,nan,nan
1706174306460,nan,nan
1706174306470,nan,nan
1706174306482,nan,nan
1706174306521,nan,nan
1706174306522,nan,nan
1706174306527,nan,nan
1706174306539,nan,nan
1706174306549,nan,nan
1706174306560,nan,nan
1706174306570,nan,nan
1706174306582,nan,nan
1706174306593,nan,nan
1706174306603,nan,nan
1706174306615,nan,nan
1706174306626,nan,nan
1706174306668,nan,nan
1706174306669,nan,nan
1706174306684,nan,nan
1706174306693,nan,nan
1706174306704,nan,nan
1706174306715,nan,nan
1706174306726,nan,nan
1706174306736,nan,nan
1706174306748,nan,nan
1706174306760,nan,nan
1706174306769,nan,nan
1706174306781,nan,nan
1706174306818,nan,nan
1706174306834,nan,nan
1706174306837,nan,nan
1706174306848,nan,nan
1706174306860,nan,nan
1706174306870,nan,nan
1706174306881,nan,nan
1706174306893,nan,nan
1706174306904,nan,nan
1706174306914,nan,nan
1706174306927,nan,nan
1706174306968,nan,nan
1706174306969,nan,nan
1706174306984,nan,nan
1706174306993,nan,nan
1706174307003,nan,nan
1706174307015,nan,nan
1706174307026,nan,nan
1706174307036,nan,nan
1706174307048,nan,nan
1706174307067,nan,nan
1706174307109,nan,nan
1706174307115,nan,nan
1706174307126,nan,nan
1706174307138,nan,nan
1706174307149,nan,nan
1706174307160,nan,nan
1706174307170,nan,nan
1706174307182,nan,nan
1706174307194,nan,nan
1706174307205,nan,nan
1706174307216,nan,nan
1706174307253,nan,nan
1706174307261,nan,nan
1706174307271,2139.706039428711,1275.1446533203125
1706174307284,2139.706039428711,1275.1446533203125
1706174307294,1363.8082122802734,698.4757232666016
1706174307305,1396.655044555664,726.2672066688538
1706174307317,1397.0726776123047,732.8649687767029
1706174307328,1404.4388580322266,748.0220890045166
1706174307340,1418.151626586914,758.7080097198486
1706174307350,1422.1147918701172,765.0998640060425
1706174307390,1419.5693969726562,763.0897092819214
1706174307391,1423.0331420898438,764.3788003921509
1706174307395,1432.5737762451172,765.0415420532227
1706174307407,1432.7633666992188,767.8906059265137
1706174307417,1432.7120208740234,765.0424432754517
1706174307429,1436.8529510498047,761.6076707839966
1706174307440,1430.1696014404297,752.9063272476196
1706174307450,1431.454849243164,750.236177444458
1706174307462,1424.4812774658203,755.5550193786621
1706174307473,1425.3833770751953,753.9084005355835
1706174307484,1419.6383666992188,752.0383214950562
1706174307495,1422.1629333496094,752.6375913619995
1706174307539,1425.4793548583984,750.3673267364502
1706174307540,1430.4334259033203,750.6449460983276
1706174307556,1417.160415649414,745.6255674362183
1706174307561,1399.1023254394531,721.5882539749146
1706174307573,1453.1724548339844,760.950357913971
1706174307582,1482.0162963867188,783.8903474807739
1706174307593,1735.2880859375,978.27956199646
1706174307604,nan,nan
1706174307615,nan,nan
1706174307626,nan,nan
1706174307637,nan,nan
1706174307648,nan,nan
1706174307668,nan,nan
1706174307688,nan,nan
1706174307689,nan,nan
1706174307692,nan,nan
1706174307705,nan,nan
1706174307714,nan,nan
1706174307725,nan,nan
1706174307736,nan,nan
1706174307747,nan,nan
1706174307763,nan,nan
1706174307783,nan,nan
1706174307824,nan,nan
1706174307825,nan,nan
1706174307828,nan,nan
1706174307840,nan,nan
1706174307850,nan,nan
1706174307862,nan,nan
1706174307871,nan,nan
1706174307883,nan,nan
1706174307895,nan,nan
1706174307904,nan,nan
1706174307917,nan,nan
1706174307928,nan,nan
1706174307937,nan,nan
1706174307972,nan,nan
1706174307973,nan,nan
1706174307989,nan,nan
1706174307995,nan,nan
1706174308004,nan,nan
1706174308016,nan,nan
1706174308028,nan,nan
1706174308037,nan,nan
1706174308049,nan,nan
1706174308068,nan,nan
1706174308083,nan,nan
1706174308102,nan,nan
1706174308123,nan,nan
1706174308124,nan,nan
1706174308128,nan,nan
1706174308142,nan,nan
1706174308150,nan,nan
1706174308160,nan,nan
1706174308177,nan,nan
1706174308198,nan,nan
1706174308208,nan,nan
1706174308220,nan,nan
1706174308239,nan,nan
1706174308273,nan,nan
1706174308276,nan,nan
1706174308290,nan,nan
1706174308299,nan,nan
1706174308310,nan,nan
1706174308321,nan,nan
1706174308332,nan,nan
1706174308343,nan,nan
1706174308355,nan,nan
1706174308367,1638.859634399414,516.4938497543335
1706174308377,1621.5096282958984,517.2003865242004
1706174308389,1612.2611236572266,516.030707359314
1706174308421,1612.0925903320312,512.7649354934692
1706174308422,1606.3817596435547,505.3843331336975
1706174308423,1606.4669036865234,510.3764820098877
1706174308440,1607.4153900146484,519.9897980690002
1706174308445,1603.9250946044922,530.9592390060425
1706174308456,1605.2558135986328,528.6964416503906
1706174308467,1599.3346405029297,527.7277565002441
1706174308478,1595.2618408203125,536.1619305610657
1706174308490,1594.31884765625,549.0008068084717
1706174308501,1563.7031555175781,588.7381410598755
1706174308512,1419.971694946289,746.0506868362427
1706174308523,1375.5413818359375,799.7303152084351
1706174308534,1355.007553100586,821.2512874603271
1706174308554,1368.1703186035156,822.4445486068726
1706174308576,1367.7212524414062,814.858660697937
1706174308577,1366.4293670654297,821.8438625335693
1706174308578,1367.5789642333984,821.6844320297241
1706174308593,1368.5059356689453,822.4362230300903
1706174308601,1364.320297241211,817.249002456665
1706174308612,1360.8869934082031,814.1486692428589
1706174308623,1361.6056060791016,816.0701179504395
1706174308634,1359.7064208984375,822.0556497573853
1706174308645,1358.951187133789,826.0085821151733
1706174308657,1357.7772521972656,833.5956716537476
1706174308667,1358.2219696044922,830.5358076095581
1706174308678,1361.065444946289,827.3889112472534
1706174308689,1356.3568115234375,817.5454616546631
1706174308723,1360.2547454833984,817.7414560317993
1706174308725,1354.7797393798828,815.6034135818481
1706174308741,1354.2509460449219,809.4035196304321
1706174308744,1351.6712951660156,814.0031433105469
1706174308756,1352.8099822998047,816.3699245452881
1706174308767,1354.5085906982422,821.7688465118408
1706174308778,1355.3108215332031,813.4093236923218
1706174308789,1356.5556335449219,814.6209955215454
1706174308801,1356.0430908203125,810.9874391555786
1706174308811,1358.2980346679688,815.3090143203735
1706174308823,1358.202133178711,818.3360910415649
1706174308834,1359.1289520263672,817.027645111084
1706174308854,1361.7890167236328,815.5818271636963
1706174308874,1356.88232421875,806.6356945037842
1706174308878,1350.8513641357422,808.7871694564819
1706174308892,1356.4942932128906,816.5315437316895
1706174308900,1355.182876586914,816.3185977935791
1706174308911,1355.7032012939453,810.7232522964478
1706174308923,1353.2427978515625,807.3471021652222
1706174308934,1352.1919250488281,806.3362312316895
1706174308945,1349.4906616210938,808.8309860229492
1706174308956,1349.232406616211,812.6751279830933
1706174308967,1349.2633056640625,814.0404367446899
1706174308978,1352.5711059570312,812.0721244812012
1706174308989,1354.4071197509766,806.9721078872681
1706174309024,1336.7288208007812,802.7867031097412
1706174309025,1233.6420059204102,794.6257495880127
1706174309034,1131.9390106201172,770.3598260879517
1706174309044,1102.7681732177734,763.6347770690918
1706174309057,1114.413948059082,771.1690378189087
1706174309066,1118.7008666992188,775.9265041351318
1706174309078,1116.8295288085938,769.4489049911499
1706174309089,1113.0866241455078,766.8500804901123
1706174309100,1111.6371154785156,761.4722299575806
1706174309111,1118.0649185180664,766.2447595596313
1706174309123,1115.7970428466797,764.9812889099121
1706174309133,1112.6118469238281,764.3482446670532
1706174309174,1110.8040237426758,763.8058805465698
1706174309175,1114.1828155517578,764.8992347717285
1706174309177,1186.6635513305664,769.3269395828247
1706174309195,1205.6995010375977,767.986650466919
1706174309201,1208.5383224487305,764.07066822052
1706174309211,1199.4610977172852,764.78928565979
1706174309222,1197.8984451293945,763.6827564239502
1706174309233,1199.9399185180664,764.4782781600952
1706174309244,1199.999122619629,761.768388748169
1706174309256,1197.7253341674805,763.243260383606
1706174309267,1198.3790588378906,764.6991205215454
1706174309277,1205.7953262329102,766.6136169433594
1706174309289,1210.8715057373047,761.3127994537354
1706174309335,1210.7901763916016,765.805606842041
1706174309337,1203.5862350463867,769.5797967910767
1706174309351,1042.008171081543,766.444787979126
1706174309355,1002.5429534912109,756.1309003829956
1706174309368,791.8925476074219,761.6978359222412
1706174309377,437.28404998779297,783.2977724075317
1706174309389,435.6053161621094,778.5163593292236
1706174309400,425.26275634765625,777.7804470062256
1706174309411,445.5679702758789,773.5883903503418
1706174309422,442.4960517883301,775.2220058441162
1706174309433,445.5264472961426,774.8226356506348
1706174309475,434.8021697998047,779.8763036727905
1706174309476,438.4760284423828,780.6039762496948
1706174309478,443.7029457092285,778.9916896820068
1706174309492,442.4534797668457,780.2015161514282
1706174309500,439.31589126586914,784.0485334396362
1706174309512,436.3225555419922,781.7546224594116
1706174309522,434.3668746948242,784.9368381500244
1706174309533,433.27306747436523,777.251558303833
1706174309544,439.74082946777344,778.0331325531006
1706174309556,439.4204330444336,773.7146472930908
1706174309567,453.5117721557617,779.8023176193237
1706174309578,583.7069129943848,799.0128993988037
1706174309589,721.2283706665039,810.1749658584595
1706174309624,913.6983108520508,818.2025814056396
1706174309625,1198.2483291625977,823.4601402282715
1706174309633,1235.3384017944336,831.7926263809204
1706174309644,1236.0557174682617,823.3031558990479
1706174309656,1235.3900909423828,818.8521909713745
1706174309666,1234.8371505737305,814.7689247131348
1706174309677,1242.1728515625,812.0910930633545
1706174309689,1246.5050506591797,807.1002960205078
1706174309700,1246.0676193237305,806.7083072662354
1706174309711,1248.9305114746094,804.5904350280762
1706174309722,1247.8418731689453,814.0459299087524
1706174309733,1253.9484405517578,811.7651510238647
1706174309744,1254.6865463256836,811.7632627487183
1706174309784,1253.5032272338867,807.3823356628418
1706174309785,1240.642433166504,810.5128383636475
1706174309789,1242.3652648925781,810.4803943634033
1706174309804,1245.3025436401367,808.3240699768066
1706174309810,1253.8126373291016,814.4334554672241
1706174309822,1254.9492645263672,813.4268760681152
1706174309833,1253.1498336791992,818.2382011413574
1706174309844,1252.3838424682617,819.433650970459
1706174309855,1253.8815307617188,820.3817796707153
1706174309866,1258.489112854004,815.9460926055908
1706174309877,1259.725456237793,806.9798755645752
1706174309889,1257.077407836914,809.7280883789062
1706174309900,1255.0019836425781,812.8025436401367
1706174309921,1250.883560180664,817.3815250396729
1706174309942,1254.6793365478516,810.1648807525635
1706174309944,1272.4506378173828,882.598385810852
1706174309960,1274.4014739990234,903.4807348251343
1706174309965,1284.1484069824219,974.0652322769165
1706174309976,nan,nan
1706174309987,nan,nan
1706174309997,nan,nan
1706174310008,nan,nan
1706174310019,nan,nan
1706174310030,nan,nan
1706174310041,nan,nan
1706174310053,nan,nan
1706174310093,nan,nan
1706174310094,nan,nan
1706174310096,nan,nan
1706174310111,nan,nan
1706174310118,nan,nan
1706174310129,nan,nan
1706174310140,nan,nan
1706174310152,nan,nan
1706174310163,nan,nan
1706174310174,nan,nan
1706174310185,nan,nan
1706174310196,nan,nan
1706174310208,nan,nan
1706174310242,nan,nan
1706174310243,nan,nan
1706174310259,nan,nan
1706174310263,nan,nan
1706174310276,nan,nan
1706174310286,nan,nan
1706174310296,nan,nan
1706174310308,nan,nan
1706174310319,nan,nan
1706174310330,nan,nan
1706174310342,nan,nan
1706174310353,nan,nan
1706174310370,nan,nan
1706174310390,nan,nan
1706174310391,nan,nan
1706174310396,nan,nan
1706174310407,nan,nan
1706174310420,nan,nan
1706174310429,nan,nan
1706174310440,nan,nan
1706174310451,nan,nan
1706174310462,nan,nan
1706174310473,nan,nan
1706174310485,nan,nan
1706174310522,nan,nan
1706174310523,nan,nan
1706174310529,nan,nan
1706174310540,nan,nan
1706174310554,nan,nan
1706174310563,nan,nan
1706174310575,nan,nan
1706174310586,nan,nan
1706174310597,nan,nan
1706174310609,887.8358459472656,1186.506872177124
1706174310620,887.8358459472656,1186.506872177124
1706174310631,887.8358459472656,1186.506872177124
1706174310652,786.2094879150391,794.4239616394043
1706174310675,799.4293212890625,767.0146179199219
1706174310676,798.2442474365234,764.5124816894531
1706174310692,781.0325622558594,775.446195602417
1706174310699,785.152587890625,767.5812721252441
1706174310711,778.1017303466797,769.2136859893799
1706174310721,776.5840911865234,779.2787933349609
1706174310733,754.8004150390625,792.1955394744873
1706174310742,628.8180541992188,823.2151794433594
1706174310754,595.55419921875,831.0946941375732
1706174310765,524.5067596435547,839.265604019165
1706174310776,477.84027099609375,823.0744171142578
1706174310810,477.84027099609375,823.0744171142578
1706174310811,486.06212615966797,805.4008483886719
1706174310827,477.5985336303711,799.0224266052246
1706174310832,470.99681854248047,801.1856174468994
1706174310843,454.62345123291016,795.6168365478516
1706174310854,435.90221405029297,797.7569389343262
1706174310865,432.83790588378906,804.7293090820312
1706174310876,431.52008056640625,798.1861782073975
1706174310887,430.9702682495117,800.0588321685791
1706174310898,448.4188461303711,789.7314262390137
1706174310909,573.9986801147461,784.304609298706
1706174310921,712.2430419921875,766.6331005096436
1706174310939,911.5016937255859,748.8074398040771
1706174310958,1186.948013305664,721.0742568969727
1706174310959,1226.6057586669922,720.7065582275391
1706174310965,1225.2737426757812,721.55104637146
1706174310977,1226.4285278320312,717.1283197402954
1706174310988,1231.5005493164062,717.7015399932861
1706174310998,1230.6289672851562,721.4481353759766
1706174311009,1236.3612365722656,728.5978317260742
1706174311021,1235.6119537353516,729.0785694122314
1706174311032,1237.5746154785156,722.7470970153809
1706174311043,1241.1318969726562,720.1249694824219
1706174311054,1242.635498046875,717.0688819885254
1706174311065,1248.7664794921875,715.6919431686401
1706174311107,1246.2020111083984,723.9288139343262
1706174311109,1245.479507446289,736.9847774505615
1706174311125,1246.7570495605469,750.3523063659668
1706174311131,1249.9008178710938,732.9475593566895
1706174311142,1256.835708618164,728.9933395385742
1706174311153,1257.989273071289,722.9240798950195
1706174311164,1251.0736083984375,722.1327209472656
1706174311175,1243.250503540039,721.7455387115479
1706174311187,1242.8172302246094,719.5733785629272
1706174311198,1245.0271606445312,725.4971981048584
1706174311209,1244.288330078125,729.6051406860352
1706174311220,1243.9126586914062,738.0900192260742
1706174311237,1231.9828796386719,745.6138515472412
1706174311258,1217.4166870117188,761.8767929077148
1706174311259,1215.0655364990234,760.9950542449951
1706174311265,1223.2051849365234,753.8474178314209
1706174311277,1220.9532165527344,748.2941722869873
1706174311287,1224.856948852539,749.794750213623
1706174311298,1208.523941040039,752.0220565795898
1706174311309,1208.6980438232422,761.7141437530518
1706174311320,1208.6665344238281,766.8606376647949
1706174311331,1220.8063507080078,769.0060615539551
1706174311342,1225.3992462158203,769.866771697998
1706174311354,1222.53173828125,772.585973739624
1706174311365,1213.2117462158203,774.0049266815186
1706174311407,1212.3233032226562,774.1541004180908
1706174311409,1220.1295471191406,775.1778030395508
1706174311423,1222.801513671875,781.7179298400879
1706174311431,1216.5824127197266,781.0984897613525
1706174311444,1214.668960571289,779.9097347259521
1706174311454,1203.5099029541016,739.3551635742188
1706174311465,1219.1202545166016,765.9084320068359
1706174311476,1257.6770782470703,972.6774787902832
1706174311487,1300.4948425292969,1105.759162902832
1706174311497,1423.7227630615234,1223.1091976165771
1706174311507,1548.1459045410156,1173.1489562988281
1706174311519,1548.1459045410156,1173.1489562988281
1706174311539,nan,nan
1706174311559,nan,nan
1706174311563,nan,nan
1706174311576,nan,nan
1706174311585,nan,nan
1706174311597,nan,nan
1706174311606,nan,nan
1706174311618,nan,nan
1706174311628,nan,nan
1706174311639,nan,nan
1706174311651,nan,nan
1706174311662,nan,nan
1706174311673,nan,nan
1706174311709,nan,nan
1706174311710,nan,nan
1706174311726,nan,nan
1706174311743,nan,nan
1706174311754,nan,nan
1706174311766,nan,nan
1706174311775,nan,nan
1706174311787,nan,nan
1706174311800,nan,nan
1706174311810,nan,nan
1706174311821,nan,nan
1706174311857,nan,nan
1706174311858,nan,nan
1706174311872,nan,nan
1706174311875,nan,nan
1706174311890,nan,nan
1706174311899,nan,nan
1706174311908,nan,nan
1706174311920,nan,nan
1706174311932,nan,nan
1706174311942,nan,nan
1706174311953,nan,nan
1706174311966,nan,nan
1706174311986,nan,nan
1706174312006,nan,nan
1706174312008,nan,nan
1706174312022,nan,nan
1706174312035,nan,nan
1706174312043,nan,nan
1706174312054,nan,nan
1706174312067,nan,nan
1706174312076,nan,nan
1706174312088,nan,nan
1706174312101,nan,nan
1706174312110,nan,nan
1706174312142,nan,nan
1706174312143,nan,nan
1706174312159,nan,nan
1706174312166,nan,nan
1706174312177,nan,nan
1706174312187,nan,nan
1706174312199,nan,nan
1706174312209,nan,nan
1706174312220,nan,nan
1706174312232,nan,nan
1706174312242,nan,nan
1706174312253,nan,nan
1706174312291,nan,nan
1706174312292,nan,nan
1706174312298,nan,nan
1706174312309,nan,nan
1706174312321,nan,nan
1706174312332,nan,nan
1706174312342,nan,nan
1706174312354,nan,nan
1706174312365,nan,nan
1706174312376,nan,nan
1706174312387,nan,nan
1706174312425,nan,nan
1706174312426,nan,nan
1706174312431,nan,nan
1706174312443,nan,nan
1706174312454,nan,nan
1706174312465,nan,nan
1706174312475,nan,nan
1706174312487,nan,nan
1706174312498,nan,nan
1706174312508,nan,nan
1706174312520,nan,nan
1706174312532,nan,nan
1706174312574,nan,nan
1706174312575,nan,nan
1706174312590,nan,nan
1706174312599,nan,nan
1706174312608,nan,nan
1706174312619,nan,nan
1706174312631,nan,nan
1706174312641,nan,nan
1706174312653,nan,nan
1706174312665,nan,nan
1706174312674,nan,nan
1706174312707,nan,nan
1706174312708,nan,nan
1706174312723,nan,nan
1706174312732,nan,nan
1706174312742,nan,nan
1706174312753,nan,nan
1706174312765,nan,nan
1706174312775,nan,nan
1706174312787,nan,nan
1706174312798,nan,nan
1706174312808,nan,nan
1706174312820,nan,nan
1706174312859,nan,nan
1706174312865,nan,nan
1706174312875,nan,nan
1706174312889,nan,nan
1706174312899,nan,nan
1706174312909,nan,nan
1706174312920,nan,nan
1706174312932,nan,nan
1706174312942,nan,nan
1706174312954,nan,nan
1706174312990,nan,nan
1706174312991,nan,nan
1706174312997,nan,nan
1706174313008,nan,nan
1706174313022,nan,nan
1706174313031,nan,nan
1706174313041,nan,nan
1706174313053,nan,nan
1706174313064,nan,nan
1706174313075,nan,nan
1706174313087,nan,nan
1706174313098,nan,nan
1706174313108,nan,nan
1706174313143,nan,nan
1706174313160,nan,nan
1706174313164,nan,nan
1706174313175,nan,nan
1706174313186,nan,nan
1706174313198,nan,nan
1706174313208,nan,nan
1706174313220,nan,nan
1706174313231,nan,nan
1706174313241,nan,nan
1706174313253,nan,nan
1706174313292,nan,nan
1706174313293,nan,nan
1706174313298,nan,nan
1706174313309,nan,nan
1706174313320,nan,nan
1706174313332,nan,nan
1706174313341,nan,nan
1706174313354,nan,nan
1706174313364,nan,nan
1706174313374,nan,nan
1706174313386,nan,nan
1706174313425,nan,nan
1706174313426,nan,nan
1706174313431,nan,nan
1706174313442,nan,nan
1706174313453,nan,nan
1706174313464,nan,nan
1706174313475,nan,nan
1706174313486,nan,nan
1706174313498,nan,nan
1706174313508,nan,nan
1706174313519,nan,nan
1706174313531,nan,nan
1706174313541,nan,nan
1706174313574,nan,nan
1706174313575,nan,nan
1706174313591,nan,nan
1706174313598,nan,nan
1706174313608,nan,nan
1706174313620,nan,nan
1706174313631,nan,nan
1706174313641,nan,nan
1706174313653,nan,nan
1706174313665,nan,nan
1706174313675,nan,nan
1706174313710,nan,nan
1706174313727,nan,nan
1706174313732,nan,nan
1706174313741,nan,nan
1706174313753,nan,nan
1706174313771,nan,nan
1706174313787,nan,nan
1706174313796,nan,nan
1706174313807,nan,nan
1706174313819,nan,nan
1706174313830,nan,nan
1706174313864,nan,nan
1706174313865,nan,nan
1706174313882,nan,nan
1706174313902,nan,nan
1706174313916,nan,nan
1706174313933,nan,nan
1706174313944,nan,nan
1706174313956,nan,nan
1706174313967,910.1886749267578,820.6785821914673
1706174313978,941.3046264648438,819.0586566925049
1706174314013,951.1497497558594,819.2498874664307
1706174314022,971.5737152099609,832.2590732574463
1706174314034,975.0820159912109,822.8501415252686
1706174314045,980.1785278320312,824.0770483016968
1706174314057,989.3039321899414,821.5434122085571
1706174314068,987.155647277832,825.180230140686
1706174314079,988.8108825683594,810.0012445449829
1706174314090,990.8424758911133,811.5950345993042
1706174314102,995.179557800293,814.3578386306763
1706174314112,1078.4653854370117,844.7068405151367
1706174314123,1125.459861755371,853.6717700958252
1706174314161,1165.9696578979492,857.5090026855469
1706174314162,1191.6227722167969,851.2763214111328
1706174314168,1195.4158020019531,847.8658390045166
1706174314180,1204.8888397216797,844.4835948944092
1706174314189,1202.6709747314453,842.6178503036499
1706174314202,1199.874496459961,839.3249559402466
1706174314211,1199.5973587036133,835.5418825149536
1706174314223,1196.1775207519531,833.1367778778076
1706174314235,1198.2942581176758,834.6498870849609
1706174314245,1195.336685180664,832.1753025054932
1706174314256,1198.877296447754,827.4053907394409
1706174314268,1197.5847244262695,826.9346523284912
1706174314279,1192.5490951538086,828.2897901535034
1706174314313,1192.6389694213867,834.0100622177124
1706174314314,1194.5995330810547,835.8910846710205
1706174314331,1197.749366760254,824.5664119720459
1706174314335,1194.1520309448242,820.3567600250244
1706174314346,1191.0167694091797,814.1668224334717
1706174314357,1191.3859939575195,821.5416097640991
1706174314368,1193.8899230957031,821.905403137207
1706174314378,1195.2278900146484,822.1527671813965
1706174314390,1193.699073791504,817.4255561828613
1706174314401,1194.2571640014648,822.0986080169678
1706174314412,1195.1577377319336,816.7687797546387
1706174314423,1200.5414581298828,815.1523733139038
1706174314464,1209.9213790893555,808.2889223098755
1706174314468,1218.3861541748047,822.7901887893677
1706174314481,1221.6686248779297,821.556887626648
1706174314489,1228.1497955322266,825.3754091262817
1706174314500,1229.0105819702148,826.2844848632812
1706174314511,1227.427749633789,820.6601715087891
1706174314522,1223.3915710449219,812.9244232177734
1706174314534,1226.5153884887695,811.5916013717651
1706174314544,1226.406135559082,809.516773223877
1706174314556,1229.9069595336914,812.5819158554077
1706174314567,1226.8074417114258,807.4426746368408
1706174314609,1226.833724975586,812.6308822631836
1706174314610,1218.0815887451172,806.0472393035889
1706174314611,1217.61474609375,799.8414659500122
1706174314625,1227.650375366211,804.8537635803223
1706174314634,1228.558578491211,810.824146270752
1706174314645,1171.7610168457031,815.3269100189209
1706174314656,1115.618667602539,814.6681594848633
1706174314667,946.7215728759766,813.7299013137817
1706174314677,636.7097473144531,828.1506586074829
1706174314688,599.750919342041,828.7778234481812
1706174314700,491.2297821044922,834.878454208374
1706174314711,459.2774963378906,846.4030694961548
1706174314723,460.332088470459,839.0893936157227
1706174314761,453.31369400024414,842.2541856765747
1706174314762,450.99109649658203,836.0471677780151
1706174314767,446.0129165649414,823.2369375228882
1706174314780,443.5380172729492,822.2748184204102
1706174314790,442.66565322875977,825.0926828384399
1706174314802,431.11011505126953,827.5653791427612
1706174314811,378.0942153930664,835.0539350509644
1706174314823,360.39220809936523,841.5508031845093
1706174314834,341.3623237609863,842.1763801574707
1706174314845,340.2042770385742,844.7466230392456
1706174314857,334.5608329772949,842.231011390686
1706174314867,332.4506187438965,844.8230123519897
1706174314877,329.5411205291748,834.6831893920898
1706174314889,331.28220558166504,835.7058620452881
1706174314926,329.1798400878906,834.0065860748291
1706174314927,322.5595951080322,838.9651107788086
1706174314933,317.43133544921875,829.5242071151733
1706174314944,318.9606285095215,831.5750885009766
1706174314956,315.2852535247803,832.1773624420166
1706174314967,318.01074981689453,833.8327360153198
1706174314978,315.9847354888916,827.3305034637451
1706174314989,339.5049476623535,827.8110265731812
1706174315000,420.6111145019531,823.5227108001709
1706174315011,708.2556915283203,788.2989549636841
1706174315023,872.2869491577148,775.7867288589478
1706174315034,995.1527404785156,761.3352870941162
1706174315045,1118.7403106689453,752.49755859375
1706174315079,1121.7115020751953,752.0521831512451
1706174315080,1114.8916244506836,747.158031463623
1706174315097,1110.3940200805664,745.8376550674438
1706174315100,1110.3404235839844,745.2128505706787
1706174315111,1116.1279296875,748.763837814331
1706174315122,1120.5721282958984,750.2615404129028
1706174315133,1123.1358337402344,746.5851545333862
1706174315144,1118.890495300293,742.1832847595215
1706174315155,1116.3549041748047,745.7834100723267
1706174315167,1143.4383392333984,754.0390348434448
1706174315177,1196.5850448608398,764.2270088195801
1706174315189,1213.3774185180664,766.1260557174683
1706174315228,1209.7941970825195,762.0091438293457
1706174315233,1203.2615661621094,761.066722869873
1706174315245,1202.0122146606445,750.75270652771
1706174315256,1201.7987823486328,746.4348649978638
1706174315267,1293.846778869629,843.0134868621826
1706174315276,1409.3016815185547,974.4961452484131
1706174315287,1650.9307861328125,1234.4673013687134
1706174315298,nan,nan
1706174315309,nan,nan
1706174315321,nan,nan
1706174315332,nan,nan
1706174315343,nan,nan
1706174315378,nan,nan
1706174315379,nan,nan
1706174315386,nan,nan
1706174315397,nan,nan
1706174315408,nan,nan
1706174315420,nan,nan
1706174315430,nan,nan
1706174315441,nan,nan
1706174315452,nan,nan
1706174315463,nan,nan
1706174315474,nan,nan
1706174315486,nan,nan
1706174315525,nan,nan
1706174315526,nan,nan
1706174315530,nan,nan
1706174315542,nan,nan
1706174315552,nan,nan
1706174315563,nan,nan
1706174315574,nan,nan
1706174315586,nan,nan
1706174315597,nan,nan
1706174315608,nan,nan
1706174315619,nan,nan
1706174315630,nan,nan
1706174315641,nan,nan
1706174315677,nan,nan
1706174315678,nan,nan
1706174315693,nan,nan
1706174315697,nan,nan
1706174315710,nan,nan
1706174315719,nan,nan
1706174315730,nan,nan
1706174315741,nan,nan
1706174315753,nan,nan
1706174315764,nan,nan
1706174315775,nan,nan
1706174315786,nan,nan
1706174315827,nan,nan
1706174315828,nan,nan
1706174315830,nan,nan
1706174315844,nan,nan
1706174315853,nan,nan
1706174315863,nan,nan
1706174315875,nan,nan
1706174315886,nan,nan
1706174315897,nan,nan
1706174315908,nan,nan
1706174315919,nan,nan
1706174315930,nan,nan
1706174315941,nan,nan
1706174315976,nan,nan
1706174315977,nan,nan
1706174315993,nan,nan
1706174315996,nan,nan
1706174316008,nan,nan
1706174316019,nan,nan
1706174316030,nan,nan
1706174316041,nan,nan
1706174316052,nan,nan
1706174316063,nan,nan
1706174316074,nan,nan
1706174316086,nan,nan
1706174316129,nan,nan
1706174316130,nan,nan
1706174316146,nan,nan
1706174316153,nan,nan
1706174316163,nan,nan
1706174316174,nan,nan
1706174316185,nan,nan
1706174316196,nan,nan
1706174316207,nan,nan
1706174316218,nan,nan
1706174316229,nan,nan
1706174316261,nan,nan
1706174316262,nan,nan
1706174316263,nan,nan
1706174316280,nan,nan
1706174316286,nan,nan
1706174316296,nan,nan
1706174316307,nan,nan
1706174316318,nan,nan
1706174316329,nan,nan
1706174316341,nan,nan
1706174316352,nan,nan
1706174316363,nan,nan
1706174316374,nan,nan
1706174316412,nan,nan
1706174316413,nan,nan
1706174316419,nan,nan
1706174316430,nan,nan
1706174316441,nan,nan
1706174316452,nan,nan
1706174316463,nan,nan
1706174316474,nan,nan
1706174316485,nan,nan
1706174316496,nan,nan
1706174316508,nan,nan
1706174316519,nan,nan
1706174316530,nan,nan
1706174316562,nan,nan
1706174316563,nan,nan
1706174316582,nan,nan
1706174316585,nan,nan
1706174316596,nan,nan
1706174316606,nan,nan
1706174316624,nan,nan
1706174316643,nan,nan
1706174316655,nan,nan
1706174316666,nan,nan
1706174316676,nan,nan
1706174316711,nan,nan
1706174316712,nan,nan
1706174316726,nan,nan
1706174316734,nan,nan
1706174316744,nan,nan
1706174316756,nan,nan
1706174316766,nan,nan
1706174316776,nan,nan
1706174316790,nan,nan
1706174316799,nan,nan
1706174316809,nan,nan
1706174316823,nan,nan
1706174316863,nan,nan
1706174316864,nan,nan
1706174316866,nan,nan
1706174316880,nan,nan
1706174316889,nan,nan
1706174316900,nan,nan
1706174316909,nan,nan
1706174316921,nan,nan
1706174316932,nan,nan
1706174316941,nan,nan
1706174316953,nan,nan
1706174316965,nan,nan
1706174316975,nan,nan
1706174317011,nan,nan
1706174317012,nan,nan
1706174317027,nan,nan
1706174317032,nan,nan
1706174317042,nan,nan
1706174317054,nan,nan
1706174317066,nan,nan
1706174317076,nan,nan
1706174317087,nan,nan
1706174317099,nan,nan
1706174317109,nan,nan
1706174317144,nan,nan
1706174317145,nan,nan
1706174317161,nan,nan
1706174317165,nan,nan
1706174317176,nan,nan
1706174317187,nan,nan
1706174317198,nan,nan
1706174317209,nan,nan
1706174317220,nan,nan
1706174317232,nan,nan
1706174317243,nan,nan
1706174317278,nan,nan
1706174317279,nan,nan
1706174317295,nan,nan
1706174317297,nan,nan
1706174317309,nan,nan
1706174317319,nan,nan
1706174317331,nan,nan
1706174317341,nan,nan
1706174317353,nan,nan
1706174317365,nan,nan
1706174317375,nan,nan
1706174317386,nan,nan
1706174317428,nan,nan
1706174317432,nan,nan
1706174317444,nan,nan
1706174317453,nan,nan
1706174317465,nan,nan
1706174317475,nan,nan
1706174317486,nan,nan
1706174317499,nan,nan
1706174317508,nan,nan
1706174317520,nan,nan
1706174317532,nan,nan
1706174317541,nan,nan
1706174317579,nan,nan
1706174317580,nan,nan
1706174317586,nan,nan
1706174317599,nan,nan
1706174317609,nan,nan
1706174317619,nan,nan
1706174317632,nan,nan
1706174317641,nan,nan
1706174317653,nan,nan
1706174317665,nan,nan
1706174317675,nan,nan
1706174317686,nan,nan
1706174317728,nan,nan
1706174317729,nan,nan
1706174317732,nan,nan
1706174317744,nan,nan
1706174317753,nan,nan
1706174317765,nan,nan
1706174317774,nan,nan
1706174317786,nan,nan
1706174317798,nan,nan
1706174317808,nan,nan
1706174317819,nan,nan
1706174317831,nan,nan
1706174317841,nan,nan
1706174317877,nan,nan
1706174317878,nan,nan
1706174317894,nan,nan
1706174317898,nan,nan
1706174317909,nan,nan
1706174317920,nan,nan
1706174317931,nan,nan
1706174317941,nan,nan
1706174317954,nan,nan
1706174317965,nan,nan
1706174317975,nan,nan
1706174318012,nan,nan
1706174318013,nan,nan
1706174318020,nan,nan
1706174318031,nan,nan
1706174318043,nan,nan
1706174318053,nan,nan
1706174318064,nan,nan
1706174318074,nan,nan
1706174318087,nan,nan
1706174318097,nan,nan
1706174318108,nan,nan
1706174318120,nan,nan
1706174318131,nan,nan
1706174318163,nan,nan
1706174318165,nan,nan
1706174318181,nan,nan
1706174318187,nan,nan
1706174318198,nan,nan
1706174318208,nan,nan
1706174318220,nan,nan
1706174318231,nan,nan
1706174318241,nan,nan
1706174318253,nan,nan
1706174318265,nan,nan
1706174318274,nan,nan
1706174318317,nan,nan
1706174318318,nan,nan
1706174318319,nan,nan
1706174318335,nan,nan
1706174318342,nan,nan
1706174318353,nan,nan
1706174318364,nan,nan
1706174318374,nan,nan
1706174318386,nan,nan
1706174318397,nan,nan
1706174318407,nan,nan
1706174318420,nan,nan
1706174318431,nan,nan
1706174318463,nan,nan
1706174318465,nan,nan
1706174318481,nan,nan
1706174318487,nan,nan
1706174318497,nan,nan
1706174318508,nan,nan
1706174318520,nan,nan
1706174318538,nan,nan
1706174318554,nan,nan
1706174318565,nan,nan
1706174318577,nan,nan
1706174318612,nan,nan
1706174318613,nan,nan
1706174318630,nan,nan
1706174318633,nan,nan
1706174318645,nan,nan
1706174318655,nan,nan
1706174318667,1092.201042175293,747.0743465423584
1706174318677,1092.201042175293,747.0743465423584
1706174318689,1092.201042175293,747.0743465423584
1706174318700,1107.6961135864258,729.9427127838135
1706174318711,1107.6961135864258,729.9427127838135
1706174318749,1107.6961135864258,729.9427127838135
1706174318750,1098.6695861816406,730.0789260864258
1706174318756,1098.6695861816406,730.0789260864258
1706174318769,1119.9442291259766,755.3094577789307
1706174318777,1121.378402709961,766.5093326568604
1706174318789,1121.378402709961,766.5093326568604
1706174318800,1111.6290283203125,781.3679122924805
1706174318811,1003.6443710327148,744.7536993026733
1706174318822,964.8388290405273,746.6814565658569
1706174318834,812.2258758544922,748.9300918579102
1706174318845,436.7079162597656,796.5639352798462
1706174318856,413.6893081665039,797.5057125091553
1706174318867,400.12773513793945,802.2417640686035
1706174318878,420.8886909484863,784.6060037612915
1706174318917,411.31887435913086,782.2873735427856
1706174318918,412.0682716369629,781.9634056091309
1706174318923,421.26808166503906,788.5544300079346
1706174318935,420.0721549987793,787.0817041397095
1706174318945,409.0500831604004,784.5051097869873
1706174318956,405.6283378601074,782.4881744384766
1706174318967,403.54772567749023,784.4551134109497
1706174318978,409.00732040405273,785.0527954101562
1706174318989,469.72217559814453,794.2518711090088
1706174319001,623.4643173217773,793.6344051361084
1706174319011,1043.4235763549805,783.5729885101318
1706174319023,1211.361198425293,773.6376142501831
1706174319063,1302.9034423828125,772.7553606033325
1706174319068,1365.4220581054688,778.0404710769653
1706174319079,1367.8397369384766,775.5864000320435
1706174319090,1373.7544250488281,782.7590990066528
1706174319101,1375.791244506836,778.2313585281372
1706174319112,1375.9911346435547,779.3376731872559
1706174319123,1369.4237518310547,775.2506303787231
1706174319134,1369.9362182617188,781.18088722229
1706174319145,1368.6893463134766,782.1714162826538
1706174319156,1374.8634338378906,784.6351432800293
1706174319167,1374.7615814208984,777.4922275543213
1706174319178,1380.2751159667969,777.2055959701538
1706174319213,1380.2468872070312,776.5038442611694
1706174319214,1380.6817626953125,778.840970993042
1706174319230,1374.9295043945312,774.2485570907593
1706174319233,1375.4256439208984,778.0264377593994
1706174319244,1398.133544921875,791.1472463607788
1706174319256,1406.3008880615234,804.0205192565918
1706174319267,1412.8562927246094,806.2040519714355
1706174319278,1406.0430145263672,809.2081689834595
1706174319289,1405.3511047363281,802.4199056625366
1706174319300,1406.5492248535156,801.9635438919067
1706174319311,1402.3806762695312,795.4239749908447
1706174319323,1406.6231536865234,798.3029079437256
1706174319344,1407.1026611328125,799.8261880874634
1706174319365,1410.3536987304688,800.1204586029053
1706174319367,1409.2092895507812,797.7694702148438
1706174319381,1410.860824584961,796.8059778213501
1706174319390,1410.7828521728516,796.6601085662842
1706174319401,1409.415054321289,795.5216073989868
1706174319411,1405.3514862060547,806.5958261489868
1706174319423,1404.8113250732422,810.2497243881226
1706174319434,1403.5147094726562,808.7500905990601
1706174319445,1403.810043334961,803.8746500015259
1706174319456,1433.1949615478516,804.3558168411255
1706174319467,1529.6036529541016,809.9428796768188
1706174319478,1734.2090606689453,815.2844667434692
1706174319513,1878.5584259033203,807.5802183151245
1706174319514,1957.8174591064453,803.7508392333984
1706174319529,1971.3105010986328,805.2850198745728
1706174319533,1967.4945831298828,807.095832824707
1706174319546,1969.5723724365234,812.8018999099731
1706174319555,1966.9149780273438,812.0314407348633
1706174319567,1970.7099914550781,813.9126777648926
1706174319577,1968.3019256591797,815.8636951446533
1706174319589,1971.1483001708984,813.9468812942505
1706174319600,1962.392578125,810.9750366210938
1706174319611,1955.7144927978516,811.2865161895752
1706174319622,1954.0290832519531,808.517746925354
1706174319662,1959.3501281738281,813.4478616714478
1706174319667,1971.683120727539,818.1638288497925
1706174319678,1968.128433227539,818.0325078964233
1706174319692,1966.2914276123047,814.5161962509155
1706174319700,1946.3772583007812,816.9645595550537
1706174319711,1835.3787231445312,826.8405818939209
1706174319723,1734.3099212646484,830.5885934829712
1706174319733,1603.8548278808594,823.0451917648315
1706174319744,1446.5621185302734,811.6442155838013
1706174319756,1426.4421081542969,803.8328075408936
1706174319767,1428.3680725097656,807.1629095077515
1706174319810,1425.2052307128906,802.7967023849487
1706174319811,1423.3642578125,812.2552442550659
1706174319826,1409.4542694091797,815.763144493103
1706174319834,1414.8047637939453,814.1246366500854
1706174319845,1414.4210052490234,811.5491580963135
1706174319856,1418.6881256103516,817.4022531509399
1706174319867,1422.41943359375,816.8833208084106
1706174319878,1426.6971588134766,817.1340322494507
1706174319889,1425.0845336914062,808.0615568161011
1706174319899,1423.00537109375,808.4493827819824
1706174319910,1438.0287170410156,798.9926433563232
1706174319920,1435.8885192871094,853.3249282836914
1706174319932,1550.4937744140625,942.5324535369873
1706174319964,1761.1598205566406,1120.7714653015137
1706174319965,1761.1598205566406,1120.7714653015137
1706174319980,nan,nan
1706174319986,nan,nan
1706174319998,nan,nan
1706174320008,nan,nan
1706174320020,nan,nan
1706174320031,nan,nan
1706174320042,nan,nan
1706174320052,nan,nan
1706174320063,nan,nan
1706174320073,nan,nan
1706174320113,nan,nan
1706174320129,nan,nan
1706174320134,nan,nan
1706174320145,nan,nan
1706174320155,nan,nan
1706174320167,nan,nan
1706174320177,nan,nan
1706174320188,nan,nan
1706174320200,nan,nan
1706174320210,nan,nan
1706174320246,nan,nan
1706174320255,nan,nan
1706174320267,nan,nan
1706174320277,nan,nan
1706174320287,nan,nan
1706174320299,nan,nan
1706174320309,nan,nan
1706174320321,nan,nan
1706174320332,nan,nan
1706174320342,nan,nan
1706174320355,nan,nan
1706174320396,nan,nan
1706174320397,nan,nan
1706174320399,nan,nan
1706174320414,nan,nan
1706174320421,nan,nan
1706174320433,nan,nan
1706174320443,nan,nan
1706174320454,nan,nan
1706174320466,nan,nan
1706174320476,nan,nan
1706174320488,nan,nan
1706174320500,nan,nan
1706174320509,nan,nan
1706174320547,nan,nan
1706174320548,nan,nan
1706174320555,nan,nan
1706174320566,nan,nan
1706174320576,nan,nan
1706174320588,nan,nan
1706174320600,nan,nan
1706174320610,nan,nan
1706174320621,nan,nan
1706174320633,nan,nan
1706174320643,nan,nan
1706174320655,nan,nan
1706174320666,nan,nan
1706174320699,nan,nan
1706174320700,nan,nan
1706174320709,nan,nan
1706174320721,nan,nan
1706174320734,nan,nan
1706174320742,nan,nan
1706174320754,nan,nan
1706174320766,nan,nan
1706174320776,nan,nan
1706174320787,nan,nan
1706174320800,nan,nan
1706174320809,nan,nan
1706174320848,nan,nan
1706174320849,nan,nan
1706174320854,nan,nan
1706174320866,nan,nan
1706174320877,nan,nan
1706174320888,nan,nan
1706174320899,nan,nan
1706174320909,nan,nan
1706174320921,nan,nan
1706174320933,nan,nan
1706174320943,nan,nan
1706174320955,nan,nan
1706174320967,nan,nan
1706174320999,nan,nan
1706174321000,nan,nan
1706174321016,nan,nan
1706174321021,nan,nan
1706174321034,nan,nan
1706174321042,nan,nan
1706174321054,nan,nan
1706174321066,nan,nan
1706174321075,nan,nan
1706174321087,nan,nan
1706174321100,nan,nan
1706174321109,nan,nan
1706174321149,nan,nan
1706174321150,nan,nan
1706174321154,nan,nan
1706174321167,nan,nan
1706174321175,nan,nan
1706174321187,nan,nan
1706174321199,nan,nan
1706174321209,nan,nan
1706174321221,nan,nan
1706174321232,nan,nan
1706174321242,nan,nan
1706174321254,nan,nan
1706174321266,nan,nan
1706174321299,nan,nan
1706174321315,nan,nan
1706174321321,nan,nan
1706174321334,nan,nan
1706174321343,nan,nan
1706174321354,nan,nan
1706174321366,nan,nan
1706174321376,nan,nan
1706174321388,nan,nan
1706174321398,nan,nan
1706174321408,nan,nan
1706174321427,nan,nan
1706174321447,nan,nan
1706174321448,nan,nan
1706174321454,nan,nan
1706174321465,nan,nan
1706174321476,nan,nan
1706174321488,nan,nan
1706174321499,nan,nan
1706174321509,nan,nan
1706174321522,nan,nan
1706174321532,nan,nan
1706174321543,nan,nan
1706174321581,nan,nan
1706174321582,nan,nan
1706174321587,nan,nan
1706174321598,nan,nan
1706174321610,nan,nan
1706174321621,nan,nan
1706174321632,nan,nan
1706174321642,nan,nan
1706174321655,nan,nan
1706174321672,nan,nan
1706174321688,nan,nan
1706174321698,nan,nan
1706174321736,nan,nan
1706174321737,nan,nan
1706174321744,nan,nan
1706174321756,nan,nan
1706174321767,nan,nan
1706174321778,nan,nan
1706174321789,nan,nan
1706174321801,1423.44970703125,883.668909072876
1706174321812,1414.4618225097656,847.4914455413818
1706174321823,1411.5249633789062,849.7896909713745
1706174321835,1415.0910186767578,850.4886531829834
1706174321846,1416.7967987060547,836.0919713973999
1706174321888,1414.9520111083984,838.611102104187
1706174321889,1420.3022766113281,838.0982637405396
1706174321890,1435.538330078125,843.6360597610474
1706174321905,1424.1700744628906,850.2936458587646
1706174321913,1418.7643432617188,842.8735399246216
1706174321924,1416.613540649414,856.4739274978638
1706174321935,1403.5175323486328,845.4369163513184
1706174321946,1353.6109161376953,828.5593414306641
1706174321957,1334.4216918945312,814.0876865386963
1706174321968,1328.7417602539062,811.0203981399536
1706174321979,1326.4057159423828,808.7764406204224
1706174321990,1325.5139923095703,812.303352355957
1706174322001,1330.9151458740234,817.428731918335
1706174322035,1335.686264038086,815.8676433563232
1706174322036,1334.0106201171875,818.5376214981079
1706174322052,1336.0707092285156,810.9434509277344
1706174322057,1338.9915466308594,802.1279525756836
1706174322068,1341.2358093261719,812.8209972381592
1706174322079,1343.932876586914,814.6057176589966
1706174322090,1342.6876831054688,819.3117713928223
1706174322101,1335.5911254882812,812.6247453689575
1706174322112,1332.0672607421875,816.9038343429565
1706174322123,1335.0657653808594,813.9024639129639
1706174322135,1340.617904663086,814.1677236557007
1706174322145,1340.117416381836,814.577522277832
1706174322184,1335.5633544921875,817.0851945877075
1706174322185,1331.2591552734375,819.0276288986206
1706174322190,1330.942611694336,803.8227224349976
1706174322202,1329.6807098388672,810.6693935394287
1706174322212,1334.0618896484375,872.471866607666
1706174322222,1343.153076171875,910.6973791122437
1706174322233,1395.0900268554688,1002.5793027877808
1706174322243,1642.222900390625,1237.3630142211914
1706174322255,1642.222900390625,1237.3630142211914
1706174322266,nan,nan
1706174322277,nan,nan
1706174322288,nan,nan
1706174322299,nan,nan
1706174322336,nan,nan
1706174322337,nan,nan
1706174322342,nan,nan
1706174322354,nan,nan
1706174322365,nan,nan
1706174322376,nan,nan
1706174322387,nan,nan
1706174322398,nan,nan
1706174322409,nan,nan
1706174322419,nan,nan
1706174322438,nan,nan
1706174322486,nan,nan
1706174322487,nan,nan
1706174322490,nan,nan
1706174322504,nan,nan
1706174322512,nan,nan
1706174322523,nan,nan
1706174322534,nan,nan
1706174322545,nan,nan
1706174322556,nan,nan
1706174322568,nan,nan
1706174322578,nan,nan
1706174322590,nan,nan
1706174322601,nan,nan
1706174322634,nan,nan
1706174322635,nan,nan
1706174322652,nan,nan
1706174322656,nan,nan
1706174322668,nan,nan
1706174322678,nan,nan
1706174322689,nan,nan
1706174322701,nan,nan
1706174322711,nan,nan
1706174322723,nan,nan
1706174322766,nan,nan
1706174322767,nan,nan
1706174322768,nan,nan
1706174322782,nan,nan
1706174322790,nan,nan
1706174322801,nan,nan
1706174322811,nan,nan
1706174322823,nan,nan
1706174322835,nan,nan
1706174322845,nan,nan
1706174322857,nan,nan
1706174322868,nan,nan
1706174322878,nan,nan
1706174322916,nan,nan
1706174322922,nan,nan
1706174322934,nan,nan
1706174322946,nan,nan
1706174322956,nan,nan
1706174322967,nan,nan
1706174322977,nan,nan
1706174322989,nan,nan
1706174323001,nan,nan
1706174323011,nan,nan
1706174323048,nan,nan
1706174323049,nan,nan
1706174323056,nan,nan
1706174323068,nan,nan
1706174323078,nan,nan
1706174323089,nan,nan
1706174323101,nan,nan
1706174323111,nan,nan
1706174323123,nan,nan
1706174323134,nan,nan
1706174323144,nan,nan
1706174323156,nan,nan
1706174323168,nan,nan
1706174323200,nan,nan
1706174323201,nan,nan
1706174323219,nan,nan
1706174323223,nan,nan
1706174323235,nan,nan
1706174323245,nan,nan
1706174323256,nan,nan
1706174323268,nan,nan
1706174323278,nan,nan
1706174323290,nan,nan
1706174323301,nan,nan
1706174323310,nan,nan
1706174323349,nan,nan
1706174323355,nan,nan
1706174323367,nan,nan
1706174323377,nan,nan
1706174323389,nan,nan
1706174323401,nan,nan
1706174323410,nan,nan
1706174323422,nan,nan
1706174323434,nan,nan
1706174323444,nan,nan
1706174323456,nan,nan
1706174323468,nan,nan
1706174323500,nan,nan
1706174323501,nan,nan
1706174323519,nan,nan
1706174323522,nan,nan
1706174323535,nan,nan
1706174323544,nan,nan
1706174323556,nan,nan
1706174323568,nan,nan
1706174323577,nan,nan
1706174323589,nan,nan
1706174323601,nan,nan
1706174323611,nan,nan
1706174323631,nan,nan
1706174323651,nan,nan
1706174323656,nan,nan
1706174323668,nan,nan
1706174323677,nan,nan
1706174323688,nan,nan
1706174323700,nan,nan
1706174323710,nan,nan
1706174323722,nan,nan
1706174323734,nan,nan
1706174323744,nan,nan
1706174323784,nan,nan
1706174323785,nan,nan
1706174323789,nan,nan
1706174323802,nan,nan
1706174323810,nan,nan
1706174323822,nan,nan
1706174323834,nan,nan
1706174323844,nan,nan
1706174323856,nan,nan
1706174323867,nan,nan
1706174323877,nan,nan
1706174323889,nan,nan
1706174323900,nan,nan
1706174323934,nan,nan
1706174323935,nan,nan
1706174323951,nan,nan
1706174323957,nan,nan
1706174323967,nan,nan
1706174323977,nan,nan
1706174323989,nan,nan
1706174324000,nan,nan
1706174324011,nan,nan
1706174324022,nan,nan
1706174324034,nan,nan
1706174324044,nan,nan
1706174324083,nan,nan
1706174324088,nan,nan
1706174324100,nan,nan
1706174324111,nan,nan
1706174324122,nan,nan
1706174324133,nan,nan
1706174324143,nan,nan
1706174324155,nan,nan
1706174324167,nan,nan
1706174324177,nan,nan
1706174324188,nan,nan
1706174324200,nan,nan
1706174324235,nan,nan
1706174324236,nan,nan
1706174324243,nan,nan
1706174324256,nan,nan
1706174324268,nan,nan
1706174324277,nan,nan
1706174324288,nan,nan
1706174324301,nan,nan
1706174324310,nan,nan
1706174324322,nan,nan
1706174324334,nan,nan
1706174324344,nan,nan
1706174324385,nan,nan
1706174324389,nan,nan
1706174324400,nan,nan
1706174324411,nan,nan
1706174324422,nan,nan
1706174324434,nan,nan
1706174324444,nan,nan
1706174324456,nan,nan
1706174324467,nan,nan
1706174324478,nan,nan
1706174324490,nan,nan
1706174324535,nan,nan
1706174324536,nan,nan
1706174324543,nan,nan
1706174324555,nan,nan
1706174324566,nan,nan
1706174324577,nan,nan
1706174324590,nan,nan
1706174324601,nan,nan
1706174324612,nan,nan
1706174324623,nan,nan
1706174324635,1450.5951690673828,787.5784492492676
1706174324667,1450.5951690673828,787.5784492492676
1706174324668,1450.5951690673828,787.5784492492676
1706174324686,1272.790870666504,855.2422571182251
1706174324690,1272.790870666504,855.2422571182251
1706174324703,1282.7453994750977,855.285816192627
1706174324713,1285.699806213379,850.9226989746094
1706174324724,1299.8202514648438,843.5851192474365
1706174324735,1302.5385284423828,844.3868637084961
1706174324746,1297.2439575195312,834.6218633651733
1706174324758,1304.0619659423828,836.2130784988403
1706174324769,1298.64013671875,833.9751291275024
1706174324780,1306.6608428955078,822.5521802902222
1706174324818,1300.5915069580078,819.6874952316284
1706174324824,1297.8326416015625,828.6169767379761
1706174324836,1297.7594757080078,825.4308557510376
1706174324846,1306.0880279541016,817.8429079055786
1706174324857,1304.3286895751953,813.4618520736694
1706174324868,1306.1701202392578,811.7059707641602
1706174324879,1307.9339599609375,810.7437658309937
1706174324891,1306.0476684570312,809.4749307632446
1706174324902,1306.0369110107422,809.822416305542
1706174324913,1302.921142578125,806.9279050827026
1706174324925,1301.7357635498047,803.0623483657837
1706174324936,1302.9598999023438,810.9563684463501
1706174324968,1304.4194793701172,813.5604286193848
1706174324969,1309.4217681884766,816.2788152694702
1706174324985,1320.1221466064453,822.1489906311035
1706174324992,1319.9759674072266,821.4964199066162
1706174325002,1329.1134643554688,820.3007125854492
1706174325013,1332.3245239257812,814.5302724838257
1706174325024,1335.4654693603516,821.6603136062622
1706174325035,1334.3582153320312,818.4987831115723
1706174325046,1332.1347045898438,825.2484226226807
1706174325057,1335.0736999511719,824.151120185852
1706174325068,1338.3011627197266,822.5583600997925
1706174325079,1343.9645385742188,819.275336265564
1706174325118,1337.8933715820312,817.6654529571533
1706174325119,1338.8201141357422,816.8861103057861
1706174325124,1340.2396392822266,819.9234867095947
1706174325135,1342.8502655029297,824.1930913925171
1706174325146,1339.7177124023438,816.419620513916
1706174325158,1338.9884948730469,815.3702116012573
1706174325169,1337.6199340820312,810.2662038803101
1706174325180,1339.4115447998047,812.1968793869019
1706174325190,1338.5901641845703,812.4147176742554
1706174325201,1341.0464477539062,816.2231969833374
1706174325213,1337.3222351074219,818.5640573501587
1706174325224,1317.4172973632812,822.62131690979
1706174325235,1294.0090942382812,815.3654050827026
1706174325267,1258.2243347167969,811.7856645584106
1706174325268,1261.698875427246,804.573483467102
1706174325284,1266.687889099121,809.4692230224609
1706174325290,1266.2921905517578,811.6787624359131
1706174325301,1266.0303497314453,812.458062171936
1706174325312,1266.2865829467773,815.7864475250244
1706174325323,1268.6570358276367,816.5538167953491
1706174325335,1273.0918884277344,813.7222194671631
1706174325345,1269.2744827270508,815.0514793395996
1706174325357,1265.1529693603516,810.1510190963745
1706174325368,1265.2774810791016,807.5197076797485
1706174325402,1263.292007446289,806.1135005950928
1706174325418,1616.3655090332031,966.5653038024902
1706174325422,1927.4063873291016,1112.4996614456177
1706174325434,nan,nan
1706174325444,nan,nan
1706174325455,nan,nan
1706174325466,nan,nan
1706174325477,nan,nan
1706174325489,nan,nan
1706174325500,nan,nan
1706174325511,nan,nan
1706174325554,nan,nan
1706174325569,nan,nan
1706174325583,nan,nan
1706174325601,nan,nan
1706174325611,nan,nan
1706174325623,nan,nan
1706174325634,nan,nan
1706174325645,nan,nan
1706174325656,nan,nan
1706174325668,nan,nan
1706174325707,nan,nan
1706174325708,nan,nan
1706174325711,nan,nan
1706174325724,nan,nan
1706174325734,nan,nan
1706174325746,nan,nan
1706174325757,nan,nan
1706174325768,nan,nan
1706174325778,nan,nan
1706174325790,nan,nan
1706174325801,nan,nan
1706174325811,nan,nan
1706174325823,nan,nan
1706174325858,nan,nan
1706174325859,nan,nan
1706174325874,nan,nan
1706174325878,nan,nan
1706174325892,nan,nan
1706174325901,nan,nan
1706174325911,nan,nan
1706174325923,nan,nan
1706174325935,nan,nan
1706174325943,nan,nan
1706174325956,nan,nan
1706174325968,nan,nan
1706174326001,nan,nan
1706174326002,nan,nan
1706174326011,nan,nan
1706174326022,nan,nan
1706174326034,nan,nan
1706174326044,nan,nan
1706174326056,nan,nan
1706174326067,nan,nan
1706174326077,nan,nan
1706174326089,nan,nan
1706174326101,nan,nan
1706174326111,nan,nan
1706174326123,nan,nan
1706174326155,nan,nan
1706174326156,nan,nan
1706174326172,nan,nan
1706174326179,nan,nan
1706174326190,nan,nan
1706174326209,nan,nan
1706174326224,nan,nan
1706174326235,nan,nan
1706174326246,nan,nan
1706174326258,nan,nan
1706174326269,nan,nan
1706174326306,nan,nan
1706174326307,1880.8686828613281,945.4352474212646
1706174326312,1880.8686828613281,945.4352474212646
1706174326323,1880.8686828613281,945.4352474212646
1706174326336,1809.0255737304688,926.1136436462402
1706174326345,1809.0255737304688,926.1136436462402
1706174326357,1809.0255737304688,926.1136436462402
1706174326368,1410.357666015625,775.0025367736816
1706174326379,1467.0199584960938,764.3251132965088
1706174326390,1467.0199584960938,764.3251132965088
1706174326402,1476.0978698730469,784.7782230377197
1706174326413,1464.5753479003906,792.980375289917
1706174326433,1464.5753479003906,792.980375289917
1706174326453,1459.4573974609375,777.8479957580566
1706174326454,1462.2036743164062,773.9290523529053
1706174326457,1464.47509765625,774.1062927246094
1706174326472,1465.3361511230469,766.8344593048096
1706174326480,1460.670166015625,762.7513217926025
1706174326491,1466.1283874511719,765.5663108825684
1706174326502,1462.1000671386719,772.3798942565918
1706174326513,1460.6448364257812,773.1252479553223
1706174326524,1453.4109497070312,769.9563789367676
1706174326535,1488.4640502929688,764.5734214782715
1706174326546,1685.9074401855469,764.4462203979492
1706174326558,1807.9084777832031,770.9215450286865
1706174326569,1923.0039978027344,783.8702201843262
1706174326603,2065.7745361328125,804.0358829498291
1706174326604,2069.8321533203125,804.4215202331543
1706174326621,2073.091583251953,805.6429767608643
1706174326625,2074.5867919921875,800.9462356567383
1706174326636,2073.1443786621094,804.3576622009277
1706174326647,2072.5863647460938,798.9105033874512
1706174326658,2075.384979248047,804.6364402770996
1706174326669,2078.355712890625,805.4634189605713
1706174326680,2081.0992431640625,812.9145526885986
1706174326690,2080.706329345703,811.3671112060547
1706174326702,2076.305389404297,814.3468952178955
1706174326712,2079.3934631347656,809.946699142456
1706174326754,2076.793975830078,813.8228130340576
1706174326755,2077.0352172851562,812.7294158935547
1706174326757,2090.607452392578,799.1715145111084
1706174326771,2105.2967834472656,788.9215278625488
1706174326779,2143.832550048828,787.3329734802246
1706174326791,nan,nan
1706174326801,nan,nan
1706174326811,nan,nan
1706174326823,nan,nan
1706174326834,nan,nan
1706174326845,nan,nan
1706174326856,nan,nan
1706174326867,nan,nan
1706174326905,nan,nan
1706174326906,nan,nan
1706174326907,nan,nan
1706174326927,nan,nan
1706174326939,nan,nan
1706174326948,nan,nan
1706174326960,nan,nan
1706174326972,nan,nan
1706174326982,nan,nan
1706174326993,nan,nan
1706174327039,nan,nan
1706174327040,nan,nan
1706174327054,nan,nan
1706174327060,nan,nan
1706174327072,nan,nan
1706174327081,nan,nan
1706174327092,nan,nan
1706174327105,nan,nan
1706174327114,nan,nan
1706174327126,nan,nan
1706174327138,nan,nan
1706174327148,nan,nan
1706174327188,nan,nan
1706174327189,nan,nan
1706174327193,nan,nan
1706174327205,nan,nan
1706174327214,nan,nan
1706174327226,nan,nan
1706174327238,nan,nan
1706174327248,nan,nan
1706174327259,nan,nan
1706174327272,nan,nan
1706174327281,nan,nan
1706174327293,nan,nan
1706174327339,nan,nan
1706174327340,nan,nan
1706174327348,nan,nan
1706174327360,nan,nan
1706174327373,nan,nan
1706174327381,nan,nan
1706174327393,nan,nan
1706174327405,nan,nan
1706174327415,nan,nan
1706174327426,nan,nan
1706174327438,nan,nan
1706174327448,nan,nan
1706174327489,nan,nan
1706174327490,nan,nan
1706174327493,nan,nan
1706174327506,nan,nan
1706174327514,nan,nan
1706174327526,nan,nan
1706174327538,nan,nan
1706174327547,nan,nan
1706174327559,nan,nan
1706174327571,nan,nan
1706174327581,nan,nan
1706174327593,nan,nan
1706174327604,nan,nan
1706174327641,nan,nan
1706174327647,nan,nan
1706174327659,nan,nan
1706174327673,nan,nan
1706174327681,nan,nan
1706174327693,nan,nan
1706174327705,nan,nan
1706174327714,nan,nan
1706174327727,nan,nan
1706174327738,nan,nan
1706174327772,nan,nan
1706174327773,nan,nan
1706174327781,nan,nan
1706174327793,nan,nan
1706174327805,nan,nan
1706174327814,nan,nan
1706174327825,nan,nan
1706174327837,nan,nan
1706174327847,nan,nan
1706174327859,nan,nan
1706174327871,nan,nan
1706174327881,nan,nan
1706174327901,nan,nan
1706174327922,nan,nan
1706174327925,nan,nan
1706174327940,nan,nan
1706174327948,nan,nan
1706174327959,nan,nan
1706174327971,nan,nan
1706174327980,nan,nan
1706174327992,nan,nan
1706174328004,nan,nan
1706174328014,nan,nan
1706174328026,nan,nan
1706174328038,nan,nan
1706174328073,nan,nan
1706174328081,nan,nan
1706174328092,nan,nan
1706174328106,nan,nan
1706174328114,nan,nan
1706174328126,nan,nan
1706174328138,nan,nan
1706174328148,nan,nan
1706174328159,nan,nan
1706174328171,nan,nan
1706174328181,nan,nan
1706174328219,nan,nan
1706174328220,nan,nan
1706174328225,nan,nan
1706174328237,nan,nan
1706174328252,nan,nan
1706174328259,nan,nan
1706174328270,nan,nan
1706174328280,nan,nan
1706174328292,nan,nan
1706174328304,nan,nan
1706174328313,nan,nan
1706174328325,nan,nan
1706174328337,nan,nan
1706174328371,nan,nan
1706174328387,nan,nan
1706174328392,nan,nan
1706174328405,nan,nan
1706174328414,nan,nan
1706174328425,nan,nan
1706174328437,nan,nan
1706174328447,nan,nan
1706174328459,nan,nan
1706174328471,nan,nan
1706174328481,nan,nan
1706174328520,nan,nan
1706174328521,nan,nan
1706174328526,nan,nan
1706174328538,nan,nan
1706174328548,nan,nan
1706174328559,nan,nan
1706174328570,nan,nan
1706174328580,nan,nan
1706174328592,nan,nan
1706174328604,nan,nan
1706174328614,nan,nan
1706174328658,nan,nan
1706174328659,nan,nan
1706174328676,nan,nan
1706174328680,nan,nan
1706174328692,nan,nan
1706174328703,nan,nan
1706174328713,nan,nan
1706174328725,nan,nan
1706174328736,nan,nan
1706174328746,nan,nan
1706174328758,nan,nan
1706174328770,nan,nan
1706174328807,nan,nan
1706174328808,nan,nan
1706174328813,nan,nan
1706174328826,nan,nan
1706174328837,nan,nan
1706174328847,nan,nan
1706174328858,nan,nan
1706174328870,nan,nan
1706174328880,nan,nan
1706174328892,nan,nan
1706174328903,nan,nan
1706174328913,nan,nan
1706174328925,nan,nan
1706174328958,nan,nan
1706174328959,nan,nan
1706174328978,nan,nan
1706174328980,nan,nan
1706174328994,nan,nan
1706174329003,nan,nan
1706174329013,nan,nan
1706174329025,nan,nan
1706174329037,nan,nan
1706174329047,nan,nan
1706174329059,nan,nan
1706174329070,nan,nan
1706174329108,nan,nan
1706174329113,nan,nan
1706174329126,nan,nan
1706174329136,nan,nan
1706174329146,nan,nan
1706174329158,nan,nan
1706174329170,nan,nan
1706174329180,nan,nan
1706174329191,nan,nan
1706174329203,nan,nan
1706174329213,nan,nan
1706174329238,nan,nan
1706174329259,nan,nan
1706174329260,nan,nan
1706174329277,nan,nan
1706174329280,nan,nan
1706174329293,nan,nan
1706174329303,nan,nan
1706174329313,nan,nan
1706174329325,nan,nan
1706174329336,nan,nan
1706174329347,nan,nan
1706174329359,nan,nan
1706174329370,nan,nan
1706174329417,nan,nan
1706174329426,nan,nan
1706174329436,nan,nan
1706174329446,nan,nan
1706174329458,nan,nan
1706174329469,nan,nan
1706174329479,nan,nan
1706174329491,nan,nan
1706174329503,nan,nan
1706174329513,nan,nan
1706174329525,nan,nan
1706174329536,nan,nan
1706174329576,nan,nan
1706174329577,nan,nan
1706174329579,nan,nan
1706174329595,nan,nan
1706174329603,nan,nan
1706174329613,nan,nan
1706174329625,nan,nan
1706174329636,nan,nan
1706174329647,nan,nan
1706174329658,nan,nan
1706174329670,nan,nan
1706174329681,nan,nan
1706174329703,nan,nan
1706174329723,nan,nan
1706174329724,nan,nan
1706174329726,nan,nan
1706174329744,nan,nan
1706174329759,nan,nan
1706174329769,nan,nan
1706174329780,nan,nan
1706174329791,nan,nan
1706174329803,nan,nan
1706174329812,nan,nan
1706174329855,nan,nan
1706174329856,nan,nan
1706174329872,nan,nan
1706174329891,nan,nan
1706174329905,nan,nan
1706174329916,1918.9462280273438,912.6538467407227
1706174329927,1918.9462280273438,912.6538467407227
1706174329939,1918.7882995605469,918.423900604248
1706174329950,1918.3299255371094,935.1756477355957
1706174329961,1918.3299255371094,935.1756477355957
1706174329972,1440.9242248535156,827.1052837371826
1706174330011,1414.2058563232422,784.3452072143555
1706174330018,1420.4535675048828,782.4677038192749
1706174330029,1419.4369506835938,783.186149597168
1706174330039,1422.4082946777344,780.2487230300903
1706174330051,1417.6446533203125,777.584753036499
1706174330062,1418.9484405517578,786.1386394500732
1706174330073,1412.1890258789062,786.5402412414551
1706174330084,1417.2584533691406,778.9461994171143
1706174330095,1415.835952758789,767.854642868042
1706174330107,1416.8419647216797,772.8754806518555
1706174330118,1419.3695831298828,785.2113246917725
1706174330166,1415.4727935791016,785.1519727706909
1706174330167,1416.629409790039,785.1292276382446
1706174330173,1425.436019897461,766.2472057342529
1706174330184,1413.1664276123047,773.7880754470825
1706174330195,1414.5765686035156,774.6514463424683
1706174330206,1416.2689971923828,778.8981342315674
1706174330217,1420.436019897461,777.7783441543579
1706174330229,1420.2976989746094,775.6092309951782
1706174330239,1413.988037109375,780.9829187393188
1706174330251,1419.242935180664,785.9133768081665
1706174330262,1419.0250396728516,784.2666292190552
1706174330273,1422.4441528320312,778.0600833892822
1706174330284,1415.698471069336,775.0818872451782
1706174330327,1415.3536987304688,778.2512283325195
1706174330328,1414.5516967773438,781.0369062423706
1706174330329,1411.9896697998047,788.0471706390381
1706174330344,1414.4157409667969,791.3797187805176
1706174330352,1423.4908294677734,789.4668960571289
1706174330364,1426.7469787597656,788.6289739608765
1706174330373,1421.4309692382812,787.6416635513306
1706174330384,1419.3942260742188,789.4596862792969
1706174330394,1420.1651763916016,792.6116037368774
1706174330405,1427.7310943603516,785.9938859939575
1706174330417,1430.5322265625,782.7402591705322
1706174330428,1485.308609008789,790.3827953338623
1706174330439,1571.744155883789,794.853630065918
1706174330478,1837.5228118896484,819.2602300643921
1706174330479,2226.239547729492,798.3678817749023
1706174330484,2238.8397216796875,801.0948514938354
1706174330495,2241.116485595703,794.7110223770142
1706174330506,2243.226089477539,797.4627113342285
1706174330517,2248.7245178222656,799.2933940887451
1706174330529,2247.4937438964844,796.7666673660278
1706174330540,2245.4434967041016,796.5632915496826
1706174330551,2240.9432983398438,800.341944694519
1706174330562,2241.6957092285156,809.32785987854
1706174330572,2233.065948486328,806.551365852356
1706174330583,2231.3646697998047,807.2228622436523
1706174330624,2232.5575256347656,804.5997047424316
1706174330625,2236.9141387939453,807.5085496902466
1706174330627,2244.074020385742,804.0164852142334
1706174330641,2239.6829986572266,802.7926683425903
1706174330650,2237.4765014648438,799.8353719711304
1706174330661,2236.9781494140625,799.6483469009399
1706174330672,2238.1698608398438,799.7710418701172
1706174330683,2237.9058837890625,805.5716514587402
1706174330694,2237.482681274414,814.0009117126465
1706174330705,2236.1975860595703,817.7182388305664
1706174330717,2239.364776611328,835.3549861907959
1706174330727,2292.5498962402344,844.9971199035645
1706174330738,2395.5140686035156,917.46826171875
1706174330778,nan,nan
1706174330779,nan,nan
1706174330781,nan,nan
1706174330796,nan,nan
1706174330804,nan,nan
1706174330815,nan,nan
1706174330826,nan,nan
1706174330836,nan,nan
1706174330847,nan,nan
1706174330858,nan,nan
1706174330869,nan,nan
1706174330881,nan,nan
1706174330890,nan,nan
1706174330924,nan,nan
1706174330927,nan,nan
1706174330941,nan,nan
1706174330949,nan,nan
1706174330960,nan,nan
1706174330971,nan,nan
1706174330982,nan,nan
1706174330993,nan,nan
1706174331004,nan,nan
1706174331014,nan,nan
1706174331059,nan,nan
1706174331060,nan,nan
1706174331077,nan,nan
1706174331081,nan,nan
1706174331095,nan,nan
1706174331105,nan,nan
1706174331115,nan,nan
1706174331126,nan,nan
1706174331138,nan,nan
1706174331148,nan,nan
1706174331159,nan,nan
1706174331171,nan,nan
1706174331209,nan,nan
1706174331215,nan,nan
1706174331227,nan,nan
1706174331239,nan,nan
1706174331248,nan,nan
1706174331260,nan,nan
1706174331272,nan,nan
1706174331281,nan,nan
1706174331293,nan,nan
1706174331305,nan,nan
1706174331315,nan,nan
1706174331327,nan,nan
1706174331360,nan,nan
1706174331361,nan,nan
1706174331378,nan,nan
1706174331381,nan,nan
1706174331393,nan,nan
1706174331405,nan,nan
1706174331414,nan,nan
1706174331426,nan,nan
1706174331438,nan,nan
1706174331448,nan,nan
1706174331460,nan,nan
1706174331472,nan,nan
1706174331482,nan,nan
1706174331493,nan,nan
1706174331528,nan,nan
1706174331529,nan,nan
1706174331538,nan,nan
1706174331549,nan,nan
1706174331559,nan,nan
1706174331571,nan,nan
1706174331580,nan,nan
1706174331593,nan,nan
1706174331604,nan,nan
1706174331614,nan,nan
1706174331626,nan,nan
1706174331638,nan,nan
1706174331655,nan,nan
1706174331676,nan,nan
1706174331681,nan,nan
1706174331695,nan,nan
1706174331704,nan,nan
1706174331714,nan,nan
1706174331726,nan,nan
1706174331738,nan,nan
1706174331748,nan,nan
1706174331759,nan,nan
1706174331771,nan,nan
1706174331781,nan,nan
1706174331793,nan,nan
1706174331827,nan,nan
1706174331828,nan,nan
1706174331846,nan,nan
1706174331848,nan,nan
1706174331860,nan,nan
1706174331871,nan,nan
1706174331881,nan,nan
1706174331893,nan,nan
1706174331905,nan,nan
1706174331914,nan,nan
1706174331926,nan,nan
1706174331937,nan,nan
1706174331977,nan,nan
1706174331978,nan,nan
1706174331981,nan,nan
1706174331996,nan,nan
1706174332004,nan,nan
1706174332014,nan,nan
1706174332025,nan,nan
1706174332038,nan,nan
1706174332047,nan,nan
1706174332059,nan,nan
1706174332071,nan,nan
1706174332080,nan,nan
1706174332092,nan,nan
1706174332139,nan,nan
1706174332156,nan,nan
1706174332159,nan,nan
1706174332172,nan,nan
1706174332181,nan,nan
1706174332192,nan,nan
1706174332204,nan,nan
1706174332214,nan,nan
1706174332226,nan,nan
1706174332238,nan,nan
1706174332278,nan,nan
1706174332279,nan,nan
1706174332281,nan,nan
1706174332294,nan,nan
1706174332303,nan,nan
1706174332313,nan,nan
1706174332325,nan,nan
1706174332336,nan,nan
1706174332347,nan,nan
1706174332358,nan,nan
1706174332371,nan,nan
1706174332380,nan,nan
1706174332392,nan,nan
1706174332427,nan,nan
1706174332428,nan,nan
1706174332444,nan,nan
1706174332447,nan,nan
1706174332460,nan,nan
1706174332470,nan,nan
1706174332480,nan,nan
1706174332492,nan,nan
1706174332504,nan,nan
1706174332513,nan,nan
1706174332526,nan,nan
1706174332537,nan,nan
1706174332555,nan,nan
1706174332575,nan,nan
1706174332580,nan,nan
1706174332593,nan,nan
1706174332604,nan,nan
1706174332614,nan,nan
1706174332626,nan,nan
1706174332637,nan,nan
1706174332647,nan,nan
1706174332658,nan,nan
1706174332670,nan,nan
1706174332710,nan,nan
1706174332713,nan,nan
1706174332726,nan,nan
1706174332736,nan,nan
1706174332746,nan,nan
1706174332758,nan,nan
1706174332770,nan,nan
1706174332780,nan,nan
1706174332792,nan,nan
1706174332803,nan,nan
1706174332813,nan,nan
1706174332825,nan,nan
1706174332862,nan,nan
1706174332870,nan,nan
1706174332880,nan,nan
1706174332893,nan,nan
1706174332903,nan,nan
1706174332914,nan,nan
1706174332925,nan,nan
1706174332937,nan,nan
1706174332947,nan,nan
1706174332959,nan,nan
1706174332996,nan,nan
1706174332997,nan,nan
1706174333004,nan,nan
1706174333014,nan,nan
1706174333028,nan,nan
1706174333036,nan,nan
1706174333046,nan,nan
1706174333058,nan,nan
1706174333069,nan,nan
1706174333080,nan,nan
1706174333091,nan,nan
1706174333103,nan,nan
1706174333144,nan,nan
1706174333145,nan,nan
1706174333146,nan,nan
1706174333165,nan,nan
1706174333170,nan,nan
1706174333180,nan,nan
1706174333192,nan,nan
1706174333204,nan,nan
1706174333213,nan,nan
1706174333225,nan,nan
1706174333237,nan,nan
1706174333247,nan,nan
1706174333259,nan,nan
1706174333295,nan,nan
1706174333296,nan,nan
1706174333303,nan,nan
1706174333313,nan,nan
1706174333327,nan,nan
1706174333337,nan,nan
1706174333347,nan,nan
1706174333359,nan,nan
1706174333371,nan,nan
1706174333380,nan,nan
1706174333392,nan,nan
1706174333403,nan,nan
1706174333443,nan,nan
1706174333444,nan,nan
1706174333446,nan,nan
1706174333462,nan,nan
1706174333470,nan,nan
1706174333480,nan,nan
1706174333492,nan,nan
1706174333504,nan,nan
1706174333513,nan,nan
1706174333525,nan,nan
1706174333537,nan,nan
1706174333547,nan,nan
1706174333558,nan,nan
1706174333595,nan,nan
1706174333596,nan,nan
1706174333603,nan,nan
1706174333613,nan,nan
1706174333627,nan,nan
1706174333636,nan,nan
1706174333647,nan,nan
1706174333659,nan,nan
1706174333676,nan,nan
1706174333692,nan,nan
1706174333702,nan,nan
1706174333742,nan,nan
1706174333743,nan,nan
1706174333747,nan,nan
1706174333759,nan,nan
1706174333769,nan,nan
1706174333787,nan,nan
1706174333806,nan,nan
1706174333821,nan,nan
1706174333839,nan,nan
1706174333851,nan,nan
1706174333893,nan,nan
1706174333895,1470.970458984375,665.6332325935364
1706174333909,1487.1308898925781,687.7492475509644
1706174333918,1485.9481811523438,688.0164384841919
1706174333928,1486.9000244140625,683.6355113983154
1706174333940,1491.8983459472656,680.807991027832
1706174333951,1478.6515045166016,716.5165615081787
1706174333962,1477.8067779541016,719.7617340087891
1706174333974,1473.1832885742188,729.8617959022522
1706174333985,1471.9574737548828,712.7565121650696
1706174333996,1472.8567504882812,710.5608344078064
1706174334007,1474.7941589355469,706.2604379653931
1706174334054,1467.5910949707031,709.8882436752319
1706174334055,1470.3361511230469,712.0625495910645
1706174334070,1473.2892608642578,709.3301510810852
1706174334074,1475.6433868408203,710.2913904190063
1706174334086,1477.01904296875,706.241512298584
1706174334096,1478.2302856445312,710.5280900001526
1706174334107,1480.093765258789,713.9019012451172
1706174334119,1480.1700592041016,719.3028831481934
1706174334130,1483.2244110107422,722.019317150116
1706174334141,1478.6880493164062,720.445032119751
1706174334152,1479.3025970458984,720.3311991691589
1706174334196,1473.3407592773438,718.3979058265686
1706174334197,1473.4713745117188,727.7797794342041
1706174334213,1478.4064483642578,728.2366991043091
1706174334218,1477.228012084961,725.2145576477051
1706174334230,1480.492935180664,723.1640839576721
1706174334240,1481.6767120361328,716.1769938468933
1706174334251,1447.4737548828125,715.1369404792786
1706174334262,1390.2731323242188,714.1742420196533
1706174334273,1310.4814147949219,708.8476538658142
1706174334284,1204.3218994140625,699.9194383621216
1706174334296,1192.6324462890625,694.041473865509
1706174334307,1202.4932479858398,695.5974769592285
1706174334345,1202.4459075927734,692.0962500572205
1706174334346,1202.8870391845703,697.5215649604797
1706174334351,1202.3333358764648,695.3863763809204
1706174334363,1201.346664428711,698.6577272415161
1706174334375,1201.9476699829102,694.7797679901123
1706174334384,1204.5515441894531,696.9538807868958
1706174334396,1206.930046081543,694.1678380966187
1706174334407,1204.241828918457,691.2206697463989
1706174334418,1204.0673065185547,686.3885307312012
1706174334429,1202.8119277954102,684.8704648017883
1706174334440,1176.8849563598633,681.042652130127
1706174334451,1034.3728637695312,649.5938587188721
1706174334462,945.8581924438477,630.3099989891052
1706174334496,797.8627777099609,603.756902217865
1706174334497,624.8361778259277,602.7584767341614
1706174334513,615.43701171875,611.5025854110718
1706174334520,620.9282875061035,609.2156267166138
1706174334529,621.8600273132324,605.6005239486694
1706174334540,615.1351928710938,606.3509845733643
1706174334552,611.7221832275391,610.8433628082275
1706174334562,607.6938247680664,610.5686402320862
1706174334573,608.8326263427734,606.0089063644409
1706174334584,608.640251159668,600.6387805938721
1706174334595,608.2029342651367,599.6912097930908
1706174334630,607.3210144042969,606.7337036132812
1706174334631,604.178638458252,597.7205586433411
1706174334646,611.1936378479004,594.0958857536316
1706174334651,611.1234474182129,594.6912932395935
1706174334663,608.0929374694824,589.4602990150452
1706174334673,605.7805442810059,592.7261996269226
1706174334684,609.577465057373,593.0893921852112
1706174334695,609.3329429626465,592.4799084663391
1706174334707,612.8302955627441,594.4930672645569
1706174334718,610.1157188415527,594.5006418228149
1706174334729,614.5813179016113,596.904137134552
1706174334740,631.9255065917969,592.2468566894531
1706174334758,652.0046424865723,589.3869352340698
1706174334780,655.1917457580566,583.9527153968811
1706174334781,648.6995506286621,584.7688794136047
1706174334784,648.3452224731445,588.5864996910095
1706174334797,644.4095802307129,590.9611558914185
1706174334807,649.4038772583008,590.5978989601135
1706174334818,646.3243865966797,588.6472463607788
1706174334829,651.1657333374023,587.2695779800415
1706174334840,648.547477722168,588.9686608314514
1706174334851,651.9120407104492,588.4033155441284
1706174334862,651.163158416748,587.371609210968
1706174334873,651.2955665588379,582.3061180114746
1706174334885,648.9874649047852,580.7323479652405
1706174334904,651.6326332092285,583.7789511680603
1706174334929,700.7858657836914,611.3054966926575
1706174334930,892.863655090332,660.4797220230103
1706174334946,1164.310531616211,716.783709526062
1706174334950,1283.6293411254883,740.9409284591675
1706174334963,1281.949119567871,736.5742921829224
1706174334973,1285.2956008911133,730.9159469604492
1706174334984,1283.3093643188477,731.2519097328186
1706174334995,1281.9169616699219,732.3342561721802
1706174335006,1278.9295196533203,736.5521049499512
1706174335017,1277.7692031860352,737.6995539665222
1706174335028,1277.8626251220703,740.4415655136108
1706174335040,1275.329704284668,740.2036428451538
1706174335077,1281.9898223876953,743.1411981582642
1706174335078,1282.5022888183594,743.7221002578735
1706174335084,1282.2152709960938,741.5383958816528
1706174335095,1284.288673400879,740.6428813934326
1706174335109,1288.5733032226562,745.5371618270874
1706174335117,1291.4536666870117,745.5746698379517
1706174335129,1291.8738555908203,742.0004224777222
1706174335140,1289.5499420166016,744.8680257797241
1706174335151,1288.5282135009766,745.6261253356934
1706174335162,1283.603515625,743.8243675231934
1706174335173,1281.2324523925781,741.8055438995361
1706174335184,1282.8985214233398,740.1567363739014
1706174335203,1287.3384094238281,743.9248752593994
1706174335229,1288.440933227539,743.9613103866577
1706174335230,1305.1476287841797,739.787106513977
1706174335245,1351.502914428711,743.4025526046753
1706174335251,1381.1051177978516,752.77672290802
1706174335262,1379.342269897461,749.5176458358765
1706174335273,1380.8427429199219,750.0113010406494
1706174335284,1379.581069946289,747.4451780319214
1706174335295,1380.20263671875,751.3109493255615
1706174335306,1384.86572265625,747.9205083847046
1706174335317,1383.0323028564453,747.0590686798096
1706174335328,1377.1869659423828,746.5888452529907
1706174335339,1373.0778503417969,750.1083326339722
1706174335379,1379.439697265625,750.6544303894043
1706174335380,1381.0665130615234,745.5451011657715
1706174335383,1388.4786224365234,745.1637125015259
1706174335396,1390.6269836425781,748.298978805542
1706174335406,1388.291244506836,750.52649974823
1706174335417,1384.1423797607422,752.0205545425415
1706174335428,1384.775161743164,754.2591905593872
1706174335439,1385.4718780517578,756.0969543457031
1706174335450,1387.80029296875,745.5917930603027
1706174335462,1388.0347442626953,740.4575300216675
1706174335473,1393.188705444336,734.2578935623169
1706174335484,1397.5856018066406,737.3687839508057
1706174335495,1398.5235595703125,741.6107082366943
1706174335529,1377.5577545166016,734.8605108261108
1706174335530,1272.196044921875,704.3632578849792
1706174335546,1033.1938934326172,652.4304556846619
1706174335551,690.2633666992188,611.4321827888489
1706174335562,663.5571670532227,609.5736265182495
1706174335573,631.2215805053711,606.873779296875
1706174335584,624.1023063659668,600.5298399925232
1706174335595,624.5598411560059,595.602707862854
