timestamp,x,y
1702290422931,810.4226684570312,315.66999435424805
1702290422941,777.6675415039062,308.8240098953247
1702290422953,730.73486328125,295.5341577529907
1702290422964,731.12060546875,301.84058904647827
1702290422975,723.7119293212891,281.5616512298584
1702290422987,729.9500274658203,268.5478734970093
1702290423025,719.4506072998047,255.690758228302
1702290423026,720.1035308837891,255.7395100593567
1702290423031,708.2796478271484,251.29326581954956
1702290423049,713.3833312988281,252.485990524292
1702290423053,709.8123931884766,253.23080778121948
1702290423065,720.5139923095703,251.29888772964478
1702290423076,712.9335784912109,252.65915393829346
1702290423086,671.7680358886719,245.6174111366272
1702290423096,605.1434707641602,229.8697328567505
1702290423108,459.02416229248047,192.98579692840576
1702290423119,338.9353561401367,123.36771011352539
1702290423130,358.9971923828125,162.36340284347534
1702290423142,356.11183166503906,158.21771621704102
1702290423153,360.66471099853516,160.75621247291565
1702290423189,383.1300735473633,171.4993929862976
1702290423190,378.0815887451172,168.63733649253845
1702290423204,432.20489501953125,202.50939309597015
1702290423210,430.75878143310547,193.2974535226822
1702290423221,428.7922477722168,191.7821717262268
1702290423232,425.9243583679199,188.7342005968094
1702290423243,420.0710105895996,194.92720663547516
1702290423254,422.55496978759766,197.1940004825592
1702290423265,418.6701774597168,190.39587199687958
1702290423276,423.98155212402344,191.57634437084198
1702290423287,426.9720649719238,196.6964453458786
1702290423317,434.2753791809082,194.8765128850937
1702290423321,525.2416038513184,181.85786962509155
1702290423334,732.8715896606445,174.65322017669678
1702290423343,778.2910537719727,174.4964450597763
1702290423354,783.4829711914062,168.84114146232605
1702290423366,770.1413345336914,152.08249032497406
1702290423377,773.7552261352539,148.61596584320068
1702290423387,778.2078552246094,153.52196753025055
1702290423399,776.9422912597656,153.47399353981018
1702290423410,775.97412109375,158.3125752210617
1702290423421,779.070930480957,161.34138464927673
1702290423432,776.4023971557617,154.5821213722229
1702290423470,777.3581695556641,152.1773225069046
1702290423471,780.1908874511719,150.33318042755127
1702290423477,781.3052749633789,150.21300137043
1702290423488,809.6965408325195,151.6241490840912
1702290423500,1067.7936935424805,177.11836874485016
1702290423510,1206.5342712402344,204.4049048423767
1702290423521,1241.5985488891602,208.45478296279907
1702290423532,1281.5093231201172,217.79157400131226
1702290423543,1282.7015686035156,223.10814142227173
1702290423554,1291.437644958496,220.7621419429779
1702290423566,1289.6721649169922,217.60716676712036
1702290423577,1284.7703552246094,208.79677534103394
1702290423588,1272.4252700805664,204.6730399131775
1702290423621,1280.609359741211,197.65757203102112
1702290423622,1284.9233627319336,200.96665620803833
1702290423639,1292.303466796875,212.74479389190674
1702290423644,1291.1715698242188,211.45723700523376
1702290423654,1288.658103942871,206.531263589859
1702290423665,1267.364616394043,273.37164402008057
1702290423676,1241.5863418579102,390.0166976451874
1702290423687,1232.6714706420898,467.9924941062927
1702290423698,1216.880226135254,779.6949005126953
1702290423710,1228.3850860595703,837.3349285125732
1702290423720,1227.4598693847656,842.0985317230225
1702290423732,1228.5801696777344,831.289873123169
1702290423769,1225.1018142700195,835.6679248809814
1702290423770,1225.934066772461,835.5640697479248
1702290423777,1218.1417083740234,828.731517791748
1702290423787,1217.5457000732422,830.7605123519897
1702290423800,1223.4770584106445,830.7166957855225
1702290423809,1217.6708602905273,818.9524841308594
1702290423821,1218.53759765625,819.1099834442139
1702290423832,1221.088752746582,814.8359155654907
1702290423843,1223.719825744629,824.2608976364136
1702290423854,1227.853889465332,826.6452741622925
1702290423866,1312.5589752197266,896.9950246810913
1702290423877,1350.5274963378906,915.1051712036133
1702290423887,1364.0568542480469,920.2343273162842
1702290423917,1369.3392944335938,915.1073169708252
1702290423918,1368.0435180664062,917.7801275253296
1702290423921,1370.6163787841797,922.2792863845825
1702290423933,1372.7906799316406,919.1880941390991
1702290423944,1377.0310974121094,914.776782989502
1702290423954,1374.9887084960938,907.8689575195312
1702290423965,1373.3627319335938,900.7002067565918
1702290423976,1371.5412139892578,900.6589221954346
1702290423987,1377.6251983642578,904.2728662490845
1702290423999,1381.5422821044922,912.3838233947754
1702290424010,1385.491714477539,913.1846237182617
1702290424050,1367.2576904296875,881.1370754241943
1702290424054,1383.720932006836,901.1675548553467
1702290424066,1417.8897857666016,675.6392455101013
1702290424078,1445.4088592529297,506.86787366867065
1702290424087,1454.831771850586,412.2183394432068
1702290424099,1467.7960205078125,185.6063586473465
1702290424110,1471.3667297363281,140.4723984003067
1702290424121,1470.0457000732422,148.3880317211151
1702290424132,1482.5508117675781,139.30749356746674
1702290424144,1475.9522247314453,133.4473067522049
1702290424155,1469.4073486328125,114.27515029907227
1702290424166,1462.5309753417969,108.05251389741898
1702290424203,1465.6241607666016,118.52702558040619
1702290424204,1475.0702667236328,123.22383642196655
1702290424210,1471.3969421386719,113.37668001651764
1702290424221,1471.1355590820312,113.07891190052032
1702290424232,1474.9787902832031,117.46392667293549
1702290424244,1468.0840301513672,113.75120222568512
1702290424255,1450.2772521972656,101.06109201908112
1702290424265,1452.0257568359375,90.71292847394943
1702290424277,1453.4447479248047,91.18275761604309
1702290424287,1472.4311065673828,110.35953283309937
1702290424299,1427.8351593017578,107.62961268424988
1702290424309,1404.8136901855469,102.02976107597351
1702290424351,1383.7297821044922,77.11119711399078
1702290424354,1378.3596801757812,93.52827429771423
1702290424366,1379.7997283935547,94.94444042444229
1702290424377,1378.5032653808594,98.50299686193466
1702290424387,1384.6807098388672,98.85439038276672
1702290424398,1389.3429565429688,95.34555673599243
1702290424409,1340.4412078857422,87.90621399879456
1702290424420,1298.8767623901367,89.16440606117249
1702290424431,1053.5952758789062,74.56938564777374
1702290424442,979.1387557983398,63.857262432575226
1702290424454,965.4880905151367,61.432145833969116
1702290424465,973.2757186889648,69.32266563177109
1702290424502,970.8203887939453,66.759412586689
1702290424503,973.8862609863281,53.648638129234314
1702290424509,981.9803619384766,65.41857361793518
1702290424519,967.5704193115234,68.39708626270294
1702290424532,948.5971832275391,38.930791318416595
1702290424542,948.5971832275391,38.930791318416595
1702290424553,961.1322021484375,46.01300597190857
1702290424564,957.6490783691406,54.027156829833984
1702290424575,948.7046813964844,50.50821125507355
1702290424587,951.8932342529297,47.22428619861603
1702290424597,954.9250793457031,46.029828786849976
1702290424609,954.4376373291016,47.948176860809326
1702290424649,917.8137969970703,55.176488757133484
1702290424650,836.0869598388672,59.01878535747528
1702290424653,788.0633544921875,57.258880734443665
1702290424665,796.5234375,37.74560496211052
1702290424675,796.9041442871094,40.71460649371147
1702290424687,798.9565658569336,47.76300519704819
1702290424698,802.1757888793945,53.94925743341446
1702290424709,802.1757888793945,53.94925743341446
1702290424721,798.2311630249023,58.0023019015789
1702290424732,787.6203536987305,65.4334357380867
1702290424742,787.4204254150391,66.18493974208832
1702290424754,788.5062789916992,71.10997170209885
1702290424786,833.621826171875,52.90664926171303
1702290424788,895.4768371582031,60.64713567495346
1702290424803,1119.15283203125,80.65975427627563
1702290424809,1139.461441040039,79.9205669760704
1702290424820,1150.6243515014648,88.58936190605164
1702290424831,1160.6898880004883,100.36516070365906
1702290424842,1161.9659805297852,105.67092418670654
1702290424853,1155.723762512207,99.33110475540161
1702290424865,1157.2470092773438,97.65587747097015
1702290424875,1158.5152053833008,90.79784721136093
1702290424886,1149.239730834961,93.42408120632172
1702290424898,1144.2166137695312,94.81199562549591
1702290424936,1146.7955780029297,97.43242263793945
1702290424937,1146.4490509033203,105.75615406036377
1702290424942,1224.3276596069336,130.2867740392685
1702290424953,1301.4181518554688,133.95047843456268
1702290424966,1413.4999084472656,135.54733157157898
1702290424975,1423.526840209961,136.9903600215912
1702290424987,1428.8658142089844,137.59804129600525
1702290424998,1434.5719146728516,152.6248276233673
1702290425009,1433.6669158935547,152.17240869998932
1702290425020,1425.3694152832031,152.3620730638504
1702290425031,1425.6607055664062,148.9284110069275
1702290425069,1425.2174377441406,148.35695028305054
1702290425076,1427.4224853515625,174.17536854743958
1702290425087,1430.5733489990234,176.3056057691574
1702290425098,1431.968002319336,190.57361125946045
1702290425109,1431.0363006591797,181.69474840164185
1702290425120,1421.5292358398438,174.77181136608124
1702290425131,1421.0479736328125,178.57552707195282
1702290425142,1358.3173370361328,192.751704454422
1702290425154,1122.5075912475586,217.08898544311523
1702290425164,847.3846054077148,230.81644535064697
1702290425176,701.2460708618164,213.490469455719
1702290425193,494.9678039550781,211.78369402885437
1702290425218,413.7300682067871,230.12433886528015
1702290425219,410.1759147644043,235.48083901405334
1702290425220,412.54730224609375,241.1145293712616
1702290425234,414.2379570007324,245.0439977645874
1702290425242,406.75451278686523,237.52830862998962
1702290425253,399.47839736938477,230.17800450325012
1702290425264,394.8546600341797,221.72311305999756
1702290425275,396.4092445373535,222.7034068107605
1702290425286,394.3051338195801,225.88875532150269
1702290425298,404.5562744140625,231.51445269584656
1702290425309,406.2536430358887,228.95386576652527
1702290425320,411.4771270751953,231.28923296928406
1702290425331,381.6221809387207,235.3165590763092
1702290425370,341.243896484375,237.73726344108582
1702290425375,251.61484718322754,233.6296534538269
1702290425387,259.4041347503662,248.98525714874268
1702290425399,257.377290725708,252.67159938812256
1702290425409,256.66144371032715,249.98409032821655
1702290425420,253.22227478027344,233.80857825279236
1702290425431,248.87948036193848,226.60183668136597
1702290425442,249.68463897705078,226.94138288497925
1702290425453,253.70792388916016,232.2547209262848
1702290425465,370.2015686035156,223.93267393112183
1702290425475,440.42675018310547,229.5445740222931
1702290425487,569.5306968688965,232.8740644454956
1702290425520,673.3794784545898,222.14935898780823
1702290425535,689.6171569824219,211.96985006332397
1702290425542,686.3919448852539,206.9965946674347
1702290425555,685.0948715209961,206.69883728027344
1702290425565,682.116813659668,197.21410632133484
1702290425576,686.50146484375,198.9680778980255
1702290425587,686.2278366088867,191.2838065624237
1702290425598,683.0887222290039,193.70183944702148
1702290425609,682.8627014160156,197.0515537261963
1702290425620,685.0439834594727,199.5783770084381
1702290425651,680.9226226806641,198.99836540222168
1702290425652,678.8948059082031,197.0763373374939
1702290425654,674.1925430297852,201.80083394050598
1702290425671,633.5481643676758,205.43697595596313
1702290425676,601.7582893371582,207.14326858520508
1702290425687,570.4854011535645,199.5981502532959
1702290425697,546.1027717590332,189.40348148345947
1702290425708,544.906063079834,186.63018465042114
1702290425719,538.5038375854492,180.45113146305084
1702290425730,538.134937286377,186.05965197086334
1702290425741,535.340461730957,182.2448694705963
1702290425753,536.8442726135254,194.4965136051178
1702290425764,541.1465454101562,194.8004186153412
1702290425781,550.5179595947266,208.32232475280762
1702290425804,628.1553649902344,274.62857007980347
1702290425805,895.0004577636719,522.906174659729
1702290425808,1034.7199630737305,666.9672560691833
1702290425822,1117.4299240112305,779.8311567306519
1702290425831,1170.7867813110352,883.3407783508301
1702290425842,1171.9390106201172,887.5293159484863
1702290425853,1184.771499633789,884.8161220550537
1702290425864,1185.5105590820312,891.6474723815918
1702290425875,1182.8842163085938,890.5938148498535
1702290425886,1180.1442337036133,900.4838275909424
1702290425897,1183.3488845825195,902.0420837402344
1702290425909,1186.7220306396484,905.7509565353394
1702290425920,1190.6337356567383,905.8302640914917
1702290425954,1191.5996170043945,906.6473722457886
1702290425971,1186.9054794311523,898.899393081665
1702290425975,1188.2566452026367,898.5203647613525
1702290425986,1182.6522064208984,895.0513887405396
1702290425997,1187.556037902832,892.5819969177246
1702290426009,1184.8888397216797,892.9738998413086
1702290426020,1188.9764022827148,889.3172979354858
1702290426031,1192.4578475952148,893.3042192459106
1702290426042,1190.1582336425781,896.4737749099731
1702290426053,1202.9668426513672,910.4180860519409
1702290426086,1308.9090728759766,925.0746202468872
1702290426087,1378.6527252197266,918.3071279525757
1702290426101,1367.4555206298828,912.513427734375
1702290426108,1366.7848205566406,918.0344867706299
1702290426119,1371.2165069580078,913.6022758483887
1702290426130,1372.7873229980469,911.2213754653931
1702290426141,1375.8655548095703,908.4584856033325
1702290426152,1380.3103637695312,913.7240266799927
1702290426163,1376.2313842773438,920.3162956237793
1702290426174,1373.4324645996094,923.8875818252563
1702290426186,1373.1712341308594,932.1168565750122
1702290426197,1375.5680847167969,929.059009552002
1702290426236,1375.6742095947266,924.306263923645
1702290426237,1371.8885040283203,917.6365327835083
1702290426241,1375.3551483154297,919.2562866210938
1702290426252,1377.2284698486328,916.4167070388794
1702290426265,1386.7999267578125,921.2628364562988
1702290426275,1378.5774993896484,925.7622528076172
1702290426286,1320.7460021972656,932.7883100509644
1702290426297,1155.083236694336,936.5866184234619
1702290426308,1107.9795455932617,938.493218421936
1702290426319,1098.0718994140625,935.8428525924683
1702290426330,1115.5790710449219,940.0316905975342
1702290426372,1116.8264389038086,939.280800819397
1702290426374,1110.736961364746,941.2605714797974
1702290426375,1106.3423538208008,942.8733730316162
1702290426392,1111.5526962280273,944.7461128234863
1702290426398,1122.7091598510742,947.7228927612305
1702290426408,1123.5345840454102,953.3101272583008
1702290426419,1122.7042770385742,950.3709840774536
1702290426430,1118.6830139160156,967.2508764266968
1702290426440,1057.6329040527344,863.5654735565186
1702290426451,1051.9145202636719,847.4715328216553
1702290426462,nan,nan
1702290426473,nan,nan
1702290426484,nan,nan
1702290426521,nan,nan
1702290426522,nan,nan
1702290426528,nan,nan
1702290426539,nan,nan
1702290426549,nan,nan
1702290426566,nan,nan
1702290426586,nan,nan
1702290426596,nan,nan
1702290426609,nan,nan
1702290426651,nan,nan
1702290426652,nan,nan
1702290426653,nan,nan
1702290426667,nan,nan
1702290426674,nan,nan
1702290426686,nan,nan
1702290426697,nan,nan
1702290426707,nan,nan
1702290426719,nan,nan
1702290426730,nan,nan
1702290426741,nan,nan
1702290426752,nan,nan
1702290426763,nan,nan
1702290426784,nan,nan
1702290426802,nan,nan
1702290426803,nan,nan
1702290426807,nan,nan
1702290426819,nan,nan
1702290426831,nan,nan
1702290426841,nan,nan
1702290426853,nan,nan
1702290426863,nan,nan
1702290426874,nan,nan
1702290426886,nan,nan
1702290426897,nan,nan
1702290426937,nan,nan
1702290426941,nan,nan
1702290426953,nan,nan
1702290426963,nan,nan
1702290426975,nan,nan
1702290426985,nan,nan
1702290426996,nan,nan
1702290427007,nan,nan
1702290427018,nan,nan
1702290427029,nan,nan
1702290427040,nan,nan
1702290427072,nan,nan
1702290427073,nan,nan
1702290427074,nan,nan
1702290427090,nan,nan
1702290427095,nan,nan
1702290427109,nan,nan
1702290427120,nan,nan
1702290427129,nan,nan
1702290427142,nan,nan
1702290427153,nan,nan
1702290427162,nan,nan
1702290427174,nan,nan
1702290427186,nan,nan
1702290427221,nan,nan
1702290427228,nan,nan
1702290427242,nan,nan
1702290427253,nan,nan
1702290427262,nan,nan
1702290427275,nan,nan
1702290427286,nan,nan
1702290427296,nan,nan
1702290427307,nan,nan
1702290427319,nan,nan
1702290427330,nan,nan
1702290427372,nan,nan
1702290427373,nan,nan
1702290427374,nan,nan
1702290427388,nan,nan
1702290427396,nan,nan
1702290427407,nan,nan
1702290427441,nan,nan
1702290427452,nan,nan
1702290427463,nan,nan
1702290427474,nan,nan
1702290427521,nan,nan
1702290427525,nan,nan
1702290427544,nan,nan
1702290427561,nan,nan
1702290427578,nan,nan
1702290427590,nan,nan
1702290427601,1409.2694091796875,838.7218236923218
1702290427612,1418.6212921142578,841.8024587631226
1702290427623,1432.681884765625,842.847318649292
1702290427660,1424.9510955810547,848.206844329834
1702290427661,1433.2860565185547,862.8665113449097
1702290427668,1301.2980651855469,833.8922166824341
1702290427678,1301.2980651855469,833.8922166824341
1702290427691,1307.113265991211,849.7630405426025
1702290427701,1318.8794708251953,841.0210990905762
1702290427712,1310.6249237060547,846.2465572357178
1702290427724,1302.2772216796875,842.7729892730713
1702290427735,1300.204849243164,844.7067546844482
1702290427746,1299.6075439453125,838.7749099731445
1702290427758,1303.194808959961,837.2398281097412
1702290427767,1305.7831573486328,842.7830743789673
1702290427804,1307.3880767822266,838.2911252975464
1702290427812,1310.7996368408203,851.604495048523
1702290427823,1313.199691772461,852.7023983001709
1702290427836,1307.5730895996094,850.6229782104492
1702290427845,1313.4727478027344,852.1190071105957
1702290427857,1306.6039276123047,842.9968357086182
1702290427868,1297.6763916015625,851.4566946029663
1702290427879,1299.819564819336,851.0086584091187
1702290427891,1302.3497009277344,852.2449207305908
1702290427901,1308.3589935302734,847.6102352142334
1702290427912,1303.5880279541016,840.1496171951294
1702290427934,1296.9828796386719,854.13010597229
1702290427957,1271.7238998413086,867.2945594787598
1702290427958,1223.7621688842773,904.6833944320679
1702290427972,1231.2495040893555,898.231930732727
1702290427979,1231.3594436645508,902.3169994354248
1702290427990,1233.027000427246,901.5653371810913
1702290428001,1226.5017318725586,906.4833927154541
1702290428012,1233.6980819702148,904.4657707214355
1702290428024,1234.4321060180664,899.8511695861816
1702290428035,1235.6267166137695,900.0247621536255
1702290428046,1232.0737838745117,900.3802728652954
1702290428057,1227.5798034667969,906.8707466125488
1702290428088,1229.9190521240234,906.6259145736694
1702290428090,1230.3937149047852,898.0480813980103
1702290428104,1232.6183319091797,894.116005897522
1702290428112,1235.2018737792969,893.2334089279175
1702290428124,1228.1914520263672,889.9832582473755
1702290428135,1225.396614074707,889.6394205093384
1702290428146,1220.1959991455078,888.9444923400879
1702290428157,1221.9886779785156,890.9034061431885
1702290428168,1224.249038696289,892.460675239563
1702290428178,1152.6228332519531,895.4590845108032
1702290428189,1109.4313430786133,896.0822153091431
1702290428229,908.2887268066406,886.1346960067749
1702290428234,359.4949722290039,860.7958889007568
1702290428244,359.62940216064453,857.2600078582764
1702290428256,356.5836715698242,857.7093744277954
1702290428267,355.1169776916504,853.4037637710571
1702290428279,344.8352813720703,857.3069143295288
1702290428290,347.5977897644043,860.804557800293
1702290428301,343.8274574279785,859.5531463623047
1702290428312,342.32227325439453,857.327299118042
1702290428324,341.33567810058594,852.5025415420532
1702290428335,346.1582946777344,853.4556913375854
1702290428374,348.19604873657227,851.6707992553711
1702290428379,342.8921127319336,854.2832708358765
1702290428389,346.844425201416,852.2478818893433
1702290428402,384.6527099609375,848.9032316207886
1702290428411,481.9818687438965,831.166877746582
1702290428423,521.6926574707031,824.6759748458862
1702290428434,526.5037536621094,824.6148204803467
1702290428445,522.2011947631836,832.9518985748291
1702290428456,523.3601379394531,837.0995378494263
1702290428467,527.8218460083008,838.6761617660522
1702290428478,531.8581771850586,839.5018529891968
1702290428500,527.7389907836914,833.7316274642944
1702290428521,527.3173904418945,831.8111658096313
1702290428522,533.3890151977539,831.6232824325562
1702290428523,604.8477363586426,841.9736051559448
1702290428537,741.8774032592773,851.6802406311035
1702290428545,1084.3930053710938,861.2141418457031
1702290428556,1155.7684326171875,862.1066093444824
1702290428567,1190.5545043945312,851.968674659729
1702290428578,1183.3678436279297,851.0938882827759
1702290428589,1187.2977447509766,855.8968448638916
1702290428601,1192.070083618164,860.1594114303589
1702290428612,1199.0103149414062,859.4443130493164
1702290428623,1196.6679382324219,856.5947771072388
1702290428657,1191.2001419067383,857.054443359375
1702290428659,1180.3789520263672,855.846676826477
1702290428668,1181.9360733032227,850.050745010376
1702290428681,1185.454330444336,853.6290264129639
1702290428690,1180.7356262207031,849.4819021224976
1702290428702,1174.8212051391602,861.1122179031372
1702290428712,1176.0588836669922,859.6886730194092
1702290428723,1177.4774169921875,859.0871286392212
1702290428734,1184.3621444702148,853.7124967575073
1702290428745,1185.5765533447266,853.4855604171753
1702290428757,1187.6486587524414,849.8410606384277
1702290428767,1188.304672241211,846.6794872283936
1702290428778,1185.6721878051758,848.8510036468506
1702290428812,1189.515724182129,857.2854995727539
1702290428828,1191.3565826416016,858.3734464645386
1702290428835,1196.745376586914,862.9068517684937
1702290428845,1199.7018814086914,869.5286464691162
1702290428856,1201.2675476074219,872.7901697158813
1702290428867,1212.6920318603516,900.3533220291138
1702290428877,1236.1183166503906,978.8095664978027
1702290428888,1261.0310363769531,1019.7494316101074
1702290428899,nan,nan
1702290428910,nan,nan
1702290428921,nan,nan
1702290428956,nan,nan
1702290428957,nan,nan
1702290428974,nan,nan
1702290428976,nan,nan
1702290428987,nan,nan
1702290428998,nan,nan
1702290429009,nan,nan
1702290429020,nan,nan
1702290429031,nan,nan
1702290429042,nan,nan
1702290429053,nan,nan
1702290429064,nan,nan
1702290429075,nan,nan
1702290429106,nan,nan
1702290429108,nan,nan
1702290429127,nan,nan
1702290429130,nan,nan
1702290429142,nan,nan
1702290429153,nan,nan
1702290429164,nan,nan
1702290429175,nan,nan
1702290429186,nan,nan
1702290429197,nan,nan
1702290429209,nan,nan
1702290429220,nan,nan
1702290429255,nan,nan
1702290429271,nan,nan
1702290429275,nan,nan
1702290429287,nan,nan
1702290429297,nan,nan
1702290429308,nan,nan
1702290429319,nan,nan
1702290429330,nan,nan
1702290429341,nan,nan
1702290429352,nan,nan
1702290429363,nan,nan
1702290429375,nan,nan
1702290429406,nan,nan
1702290429408,nan,nan
1702290429424,nan,nan
1702290429430,nan,nan
1702290429441,nan,nan
1702290429453,nan,nan
1702290429464,nan,nan
1702290429475,nan,nan
1702290429486,nan,nan
1702290429497,nan,nan
1702290429540,nan,nan
1702290429542,nan,nan
1702290429556,nan,nan
1702290429564,nan,nan
1702290429575,nan,nan
1702290429586,nan,nan
1702290429597,nan,nan
1702290429609,nan,nan
1702290429619,nan,nan
1702290429630,nan,nan
1702290429641,nan,nan
1702290429653,nan,nan
1702290429687,nan,nan
1702290429688,nan,nan
1702290429704,nan,nan
1702290429708,nan,nan
1702290429720,nan,nan
1702290429730,nan,nan
1702290429741,nan,nan
1702290429753,nan,nan
1702290429764,nan,nan
1702290429775,nan,nan
1702290429786,nan,nan
1702290429822,nan,nan
1702290429823,nan,nan
1702290429831,nan,nan
1702290429842,nan,nan
1702290429853,nan,nan
1702290429864,nan,nan
1702290429875,nan,nan
1702290429886,nan,nan
1702290429897,nan,nan
1702290429908,nan,nan
1702290429919,nan,nan
1702290429930,nan,nan
1702290429941,nan,nan
1702290429975,nan,nan
1702290429976,nan,nan
1702290429992,nan,nan
1702290429996,nan,nan
1702290430009,nan,nan
1702290430019,nan,nan
1702290430030,nan,nan
1702290430042,nan,nan
1702290430052,nan,nan
1702290430063,nan,nan
1702290430074,nan,nan
1702290430085,nan,nan
1702290430103,nan,nan
1702290430123,nan,nan
1702290430125,nan,nan
1702290430146,nan,nan
1702290430163,nan,nan
1702290430178,nan,nan
1702290430191,480.72649002075195,751.9869518280029
1702290430201,440.0460624694824,722.3709869384766
1702290430212,366.6648864746094,719.2976260185242
1702290430254,324.4025421142578,714.4157266616821
1702290430255,324.12614822387695,723.0120348930359
1702290430257,350.0924301147461,736.6191387176514
1702290430270,354.987850189209,735.2800512313843
1702290430280,355.3334045410156,739.6634030342102
1702290430291,351.31479263305664,732.7882790565491
1702290430302,350.6054496765137,736.970808506012
1702290430313,353.6981773376465,743.2363414764404
1702290430324,351.2376594543457,745.5187511444092
1702290430335,351.7641067504883,750.903639793396
1702290430346,356.74041748046875,748.3833503723145
1702290430357,364.65953826904297,756.1874628067017
1702290430368,367.24809646606445,748.4336256980896
1702290430406,367.60215759277344,754.6301937103271
1702290430412,360.7425117492676,755.5237340927124
1702290430423,357.5420951843262,750.7730484008789
1702290430438,360.9638786315918,749.276762008667
1702290430445,360.9720230102539,757.2131824493408
1702290430457,362.66042709350586,761.6957759857178
1702290430468,399.6368980407715,768.1553506851196
1702290430478,588.7971115112305,791.4610433578491
1702290430490,788.6191177368164,815.8814191818237
1702290430501,984.7449493408203,839.1308498382568
1702290430542,1171.2192153930664,861.206374168396
1702290430545,1201.8640899658203,869.4346189498901
1702290430559,1198.377456665039,871.3315629959106
1702290430568,1198.6216354370117,873.9899969100952
1702290430579,1199.7303771972656,870.3760528564453
1702290430591,1204.6498489379883,869.7931337356567
1702290430601,1204.6156692504883,871.6691780090332
1702290430612,1200.481834411621,877.0680141448975
1702290430624,1202.116355895996,880.3523683547974
1702290430634,1200.6890106201172,879.125075340271
1702290430646,1200.8230209350586,880.1601505279541
1702290430657,1202.016716003418,876.4412355422974
1702290430691,1199.1227722167969,881.7055749893188
1702290430692,1199.7523498535156,885.6632709503174
1702290430701,1202.8582000732422,886.2261486053467
1702290430712,1203.4839630126953,887.663984298706
1702290430725,1204.8154067993164,885.4931116104126
1702290430735,1203.187141418457,881.8177127838135
1702290430746,1212.5640106201172,862.7345895767212
1702290430757,1219.2417907714844,849.3955135345459
1702290430768,1227.9443359375,831.7771768569946
1702290430779,1225.8323287963867,821.1083364486694
1702290430791,1225.987205505371,817.4340963363647
1702290430800,1226.682014465332,822.3843383789062
1702290430840,1229.5800018310547,824.9312353134155
1702290430845,1230.0450134277344,819.1771030426025
1702290430857,1227.8413009643555,823.4982061386108
1702290430867,1222.4516677856445,829.9997091293335
1702290430878,1223.981819152832,828.2688474655151
1702290430890,1227.529067993164,829.8170614242554
1702290430901,1231.318016052246,823.545413017273
1702290430912,1233.3253479003906,825.6723403930664
1702290430923,1231.6604614257812,824.6907806396484
1702290430934,1223.1708145141602,832.1853446960449
1702290430974,1219.8463439941406,830.3175830841064
1702290430979,1223.8994979858398,830.1898241043091
1702290430991,1223.892822265625,832.3635721206665
1702290431002,1224.3080139160156,834.9450159072876
1702290431012,1226.2301635742188,834.8129653930664
1702290431023,1227.6485061645508,837.1399641036987
1702290431034,1227.844467163086,836.9880437850952
1702290431045,1230.132713317871,845.6876277923584
1702290431056,1228.7234115600586,844.8650693893433
1702290431067,1220.345687866211,834.862790107727
1702290431078,1218.3272171020508,830.8968114852905
1702290431090,1215.350227355957,837.333984375
1702290431124,1235.4524230957031,862.4213933944702
1702290431125,1251.8071365356445,879.7582054138184
1702290431140,nan,nan
1702290431144,nan,nan
1702290431155,nan,nan
1702290431166,nan,nan
1702290431177,nan,nan
1702290431188,nan,nan
1702290431199,nan,nan
1702290431209,nan,nan
1702290431220,nan,nan
1702290431258,nan,nan
1702290431275,nan,nan
1702290431290,nan,nan
1702290431301,nan,nan
1702290431311,nan,nan
1702290431323,nan,nan
1702290431334,nan,nan
1702290431344,nan,nan
1702290431356,nan,nan
1702290431368,nan,nan
1702290431378,nan,nan
1702290431409,nan,nan
1702290431410,nan,nan
1702290431427,nan,nan
1702290431434,nan,nan
1702290431445,nan,nan
1702290431456,nan,nan
1702290431467,nan,nan
1702290431477,nan,nan
1702290431489,nan,nan
1702290431500,nan,nan
1702290431541,nan,nan
1702290431544,nan,nan
1702290431557,nan,nan
1702290431567,nan,nan
1702290431579,nan,nan
1702290431590,nan,nan
1702290431601,nan,nan
1702290431611,nan,nan
1702290431623,nan,nan
1702290431635,nan,nan
1702290431644,nan,nan
1702290431656,nan,nan
1702290431690,nan,nan
1702290431705,nan,nan
1702290431711,nan,nan
1702290431724,nan,nan
1702290431734,nan,nan
1702290431744,nan,nan
1702290431756,nan,nan
1702290431767,nan,nan
1702290431778,nan,nan
1702290431790,nan,nan
1702290431824,nan,nan
1702290431825,nan,nan
1702290431840,nan,nan
1702290431844,nan,nan
1702290431856,nan,nan
1702290431867,nan,nan
1702290431877,nan,nan
1702290431889,nan,nan
1702290431900,nan,nan
1702290431911,nan,nan
1702290431923,nan,nan
1702290431934,nan,nan
1702290431975,nan,nan
1702290431977,nan,nan
1702290431990,nan,nan
1702290432003,nan,nan
1702290432011,nan,nan
1702290432023,nan,nan
1702290432034,nan,nan
1702290432044,nan,nan
1702290432056,nan,nan
1702290432067,nan,nan
1702290432107,nan,nan
1702290432108,nan,nan
1702290432111,nan,nan
1702290432123,nan,nan
1702290432135,nan,nan
1702290432144,nan,nan
1702290432157,nan,nan
1702290432168,nan,nan
1702290432178,nan,nan
1702290432190,nan,nan
1702290432200,nan,nan
1702290432210,nan,nan
1702290432222,nan,nan
1702290432257,nan,nan
1702290432258,nan,nan
1702290432272,nan,nan
1702290432277,nan,nan
1702290432289,nan,nan
1702290432300,nan,nan
1702290432310,nan,nan
1702290432322,nan,nan
1702290432334,nan,nan
1702290432344,nan,nan
1702290432355,nan,nan
1702290432390,nan,nan
1702290432391,nan,nan
1702290432405,nan,nan
1702290432411,nan,nan
1702290432423,nan,nan
1702290432434,nan,nan
1702290432444,nan,nan
1702290432455,nan,nan
1702290432467,nan,nan
1702290432478,nan,nan
1702290432489,nan,nan
1702290432526,nan,nan
1702290432527,nan,nan
1702290432534,nan,nan
1702290432544,nan,nan
1702290432557,nan,nan
1702290432567,nan,nan
1702290432577,nan,nan
1702290432589,nan,nan
1702290432600,nan,nan
1702290432611,nan,nan
1702290432622,nan,nan
1702290432634,nan,nan
1702290432644,nan,nan
1702290432676,nan,nan
1702290432677,nan,nan
1702290432694,nan,nan
1702290432701,nan,nan
1702290432711,nan,nan
1702290432722,nan,nan
1702290432734,nan,nan
1702290432744,nan,nan
1702290432756,nan,nan
1702290432766,nan,nan
1702290432805,nan,nan
1702290432810,nan,nan
1702290432822,nan,nan
1702290432835,nan,nan
1702290432843,nan,nan
1702290432855,nan,nan
1702290432867,nan,nan
1702290432876,nan,nan
1702290432888,nan,nan
1702290432900,nan,nan
1702290432921,nan,nan
1702290432942,nan,nan
1702290432944,nan,nan
1702290432957,nan,nan
1702290432967,nan,nan
1702290432977,nan,nan
1702290432989,nan,nan
1702290433000,nan,nan
1702290433012,nan,nan
1702290433022,nan,nan
1702290433033,nan,nan
1702290433044,nan,nan
1702290433075,nan,nan
1702290433076,nan,nan
1702290433077,nan,nan
1702290433090,nan,nan
1702290433100,nan,nan
1702290433111,nan,nan
1702290433122,nan,nan
1702290433139,nan,nan
1702290433156,nan,nan
1702290433166,nan,nan
1702290433207,nan,nan
1702290433209,nan,nan
1702290433223,nan,nan
1702290433231,nan,nan
1702290433248,nan,nan
1702290433269,nan,nan
1702290433284,nan,nan
1702290433302,nan,nan
1702290433342,1276.3015365600586,1002.8957605361938
1702290433343,1300.279312133789,1002.0069408416748
1702290433347,1287.8287506103516,999.7531986236572
1702290433359,1287.0600891113281,997.3237180709839
1702290433370,1287.828369140625,996.9442176818848
1702290433381,1292.1863174438477,990.9916019439697
1702290433392,1285.682258605957,984.5816373825073
1702290433403,1280.6485748291016,974.9003648757935
1702290433414,1232.703628540039,921.2111663818359
1702290433426,1218.5297775268555,908.0800151824951
1702290433436,1218.7298965454102,910.2825164794922
1702290433447,1220.6461334228516,916.853928565979
1702290433459,1217.9809188842773,916.1477994918823
1702290433491,1217.9387283325195,912.4846744537354
1702290433492,1210.6523513793945,913.0585813522339
1702290433508,1208.4346008300781,915.611743927002
1702290433514,1208.9763641357422,920.390796661377
1702290433525,1209.1839981079102,920.9863328933716
1702290433536,1208.3046340942383,923.0361413955688
1702290433547,1202.91015625,914.1747236251831
1702290433557,1196.9705200195312,917.9464244842529
1702290433568,1205.111312866211,913.1334686279297
1702290433579,1211.3692092895508,926.9828939437866
1702290433591,1216.977195739746,926.7662143707275
1702290433626,1220.2028274536133,925.4651069641113
1702290433642,1573.3622741699219,1092.0897674560547
1702290433645,nan,nan
1702290433658,nan,nan
1702290433668,nan,nan
1702290433679,nan,nan
1702290433690,nan,nan
1702290433701,nan,nan
1702290433711,nan,nan
1702290433722,nan,nan
1702290433759,nan,nan
1702290433760,nan,nan
1702290433767,nan,nan
1702290433777,nan,nan
1702290433796,nan,nan
1702290433813,nan,nan
1702290433825,nan,nan
1702290433837,nan,nan
1702290433846,nan,nan
1702290433858,nan,nan
1702290433870,nan,nan
1702290433889,nan,nan
1702290433911,nan,nan
1702290433912,nan,nan
1702290433913,nan,nan
1702290433928,nan,nan
1702290433936,nan,nan
1702290433946,nan,nan
1702290433957,nan,nan
1702290433969,nan,nan
1702290433979,nan,nan
1702290433991,nan,nan
1702290434003,nan,nan
1702290434013,nan,nan
1702290434044,nan,nan
1702290434047,nan,nan
1702290434060,nan,nan
1702290434070,nan,nan
1702290434080,nan,nan
1702290434091,nan,nan
1702290434103,nan,nan
1702290434114,nan,nan
1702290434124,nan,nan
1702290434136,nan,nan
1702290434153,nan,nan
1702290434168,nan,nan
1702290434202,nan,nan
1702290434203,nan,nan
1702290434218,nan,nan
1702290434224,nan,nan
1702290434236,nan,nan
1702290434245,nan,nan
1702290434264,nan,nan
1702290434284,nan,nan
1702290434301,nan,nan
1702290434341,nan,nan
1702290434356,1223.7074661254883,1058.1246757507324
1702290434363,1235.6620788574219,1045.7928228378296
1702290434374,1260.15869140625,1069.4176769256592
1702290434385,1250.2198028564453,1031.8984651565552
1702290434397,1255.4688262939453,1035.685486793518
1702290434408,1248.4039306640625,1035.7197761535645
1702290434419,1253.2378768920898,1028.6151838302612
1702290434430,1259.754867553711,1021.2697076797485
1702290434441,1255.9697341918945,1020.0033187866211
1702290434452,1217.278060913086,1041.9110012054443
1702290434472,1196.4704895019531,1048.2413148880005
1702290434492,1189.1289901733398,1046.8260955810547
1702290434497,1207.8852462768555,1032.0163536071777
1702290434508,1211.9062042236328,1036.3226509094238
1702290434519,1218.9946365356445,1042.1539449691772
1702290434530,1207.7963256835938,1036.6678619384766
1702290434541,1136.4722061157227,1023.914065361023
1702290434551,1040.0108337402344,1004.8680210113525
1702290434563,895.1020050048828,984.7920083999634
1702290434574,379.4396781921387,886.8649435043335
1702290434585,385.56203842163086,871.0252332687378
1702290434626,389.33116912841797,881.4175701141357
1702290434631,374.5408058166504,871.0947561264038
1702290434642,376.53263092041016,876.4794301986694
1702290434653,375.0161933898926,884.3740510940552
1702290434664,374.65381622314453,885.7214212417603
1702290434675,370.79051971435547,889.9307298660278
1702290434686,366.3331985473633,880.651445388794
1702290434697,360.1988220214844,876.6809606552124
1702290434708,362.32364654541016,874.0218830108643
1702290434718,354.1562843322754,873.8389778137207
1702290434730,359.00102615356445,870.3558397293091
1702290434766,350.60943603515625,859.1801691055298
1702290434767,348.4756660461426,859.27818775177
1702290434774,346.83279037475586,862.6478576660156
1702290434785,340.61925888061523,861.4127111434937
1702290434797,335.2185821533203,856.1757946014404
1702290434807,340.29455184936523,858.2453012466431
1702290434819,345.54494857788086,858.4586334228516
1702290434830,347.5767517089844,871.1894702911377
1702290434840,341.1438179016113,874.2397212982178
1702290434850,346.1119270324707,883.9000082015991
1702290434861,nan,nan
1702290434872,nan,nan
1702290434912,nan,nan
1702290434917,nan,nan
1702290434930,nan,nan
1702290434938,nan,nan
1702290434949,nan,nan
1702290434961,nan,nan
1702290434972,nan,nan
1702290434983,nan,nan
1702290434994,nan,nan
1702290435005,nan,nan
1702290435043,nan,nan
1702290435050,nan,nan
1702290435061,nan,nan
1702290435074,nan,nan
1702290435083,nan,nan
1702290435093,nan,nan
1702290435104,nan,nan
1702290435115,nan,nan
1702290435127,nan,nan
1702290435138,nan,nan
1702290435149,nan,nan
1702290435160,nan,nan
1702290435193,nan,nan
1702290435194,nan,nan
1702290435208,nan,nan
1702290435216,nan,nan
1702290435228,nan,nan
1702290435238,nan,nan
1702290435249,nan,nan
1702290435261,nan,nan
1702290435272,nan,nan
1702290435282,nan,nan
1702290435294,nan,nan
1702290435326,nan,nan
1702290435327,nan,nan
1702290435342,nan,nan
1702290435349,nan,nan
1702290435360,nan,nan
1702290435371,nan,nan
1702290435382,nan,nan
1702290435393,nan,nan
1702290435404,nan,nan
1702290435415,nan,nan
1702290435427,nan,nan
1702290435461,nan,nan
1702290435477,nan,nan
1702290435483,nan,nan
1702290435494,nan,nan
1702290435504,nan,nan
1702290435516,nan,nan
1702290435527,nan,nan
1702290435538,nan,nan
1702290435549,nan,nan
1702290435561,nan,nan
1702290435572,nan,nan
1702290435609,nan,nan
1702290435610,nan,nan
1702290435616,nan,nan
1702290435627,nan,nan
1702290435638,nan,nan
1702290435649,nan,nan
1702290435661,nan,nan
1702290435671,nan,nan
1702290435683,nan,nan
1702290435693,nan,nan
1702290435704,nan,nan
1702290435744,nan,nan
1702290435749,nan,nan
1702290435760,nan,nan
1702290435774,nan,nan
1702290435782,nan,nan
1702290435794,1499.3913269042969,1010.4484748840332
1702290435805,1463.5710144042969,953.5798072814941
1702290435816,1333.1968688964844,876.1705684661865
1702290435827,1230.3762817382812,814.8066902160645
1702290435838,1197.9817962646484,783.9027500152588
1702290435850,1191.709976196289,784.2945671081543
1702290435861,1184.5731353759766,784.524507522583
1702290435895,1179.4596862792969,787.108097076416
1702290435896,1178.075180053711,793.7059879302979
1702290435911,1178.4209442138672,795.0698375701904
1702290435917,1174.434814453125,797.940788269043
1702290435929,1178.6842346191406,798.5725021362305
1702290435939,1174.2852020263672,804.1421413421631
1702290435950,1171.2565612792969,805.977201461792
1702290435961,1175.9681701660156,809.2972183227539
1702290435972,1171.7859649658203,811.6659736633301
1702290435983,1174.9729919433594,816.4939498901367
1702290435995,1172.0126342773438,810.0841999053955
1702290436030,1173.365249633789,811.2577629089355
1702290436031,1179.9629211425781,819.3220710754395
1702290436045,1180.0517272949219,823.6939430236816
1702290436050,1188.1605529785156,830.883378982544
1702290436062,1179.8198699951172,838.2190704345703
1702290436071,1171.033935546875,840.9611892700195
1702290436082,1176.172103881836,866.2604713439941
1702290436094,1179.51171875,889.971113204956
1702290436105,1182.1743774414062,909.6723461151123
1702290436116,1173.9378356933594,911.116533279419
1702290436127,1181.6194915771484,905.4347991943359
1702290436138,1177.4956512451172,896.2195873260498
1702290436177,1179.3948364257812,896.9098377227783
1702290436178,1185.267562866211,900.897102355957
1702290436182,1187.7526092529297,902.182502746582
1702290436194,1191.5206909179688,906.199893951416
1702290436207,1187.7652740478516,908.9761734008789
1702290436216,1188.21044921875,908.1822395324707
1702290436228,1178.9380645751953,909.0480136871338
1702290436238,1173.0616760253906,908.2081604003906
1702290436249,1173.0213165283203,914.5852088928223
1702290436261,1174.1896057128906,914.07151222229
1702290436272,1177.988052368164,916.7042827606201
1702290436312,1179.7085571289062,916.5030097961426
1702290436313,1181.534423828125,922.629861831665
1702290436316,1181.0420227050781,921.985445022583
1702290436328,1187.9195404052734,921.3070392608643
1702290436339,1191.3922119140625,923.281660079956
1702290436350,1196.5116882324219,931.2618541717529
1702290436361,1201.4086151123047,930.4618263244629
1702290436372,1201.0660552978516,924.8005199432373
1702290436383,1194.1255187988281,921.3579368591309
1702290436394,1191.4149475097656,924.396858215332
1702290436405,1182.142562866211,928.7010955810547
1702290436417,1187.1180725097656,931.2896633148193
1702290436446,1188.6907196044922,924.8489284515381
1702290436447,1188.1602478027344,931.6223430633545
1702290436449,1187.2184753417969,931.7489433288574
1702290436463,1198.9253997802734,936.3327312469482
1702290436472,1201.1224365234375,935.141487121582
1702290436483,1203.666763305664,934.167308807373
1702290436494,1200.2608489990234,941.5889167785645
1702290436505,1197.296371459961,940.0619888305664
1702290436516,1194.1434478759766,946.1083316802979
1702290436527,1192.625732421875,944.450511932373
1702290436538,1193.2633972167969,948.4878158569336
1702290436549,1193.7377166748047,945.2518272399902
1702290436561,1201.2771606445312,947.5996398925781
1702290436596,1202.7762603759766,950.6105804443359
1702290436614,1298.1983947753906,985.8559226989746
1702290436615,1470.2732849121094,1021.8905639648438
1702290436628,nan,nan
1702290436637,nan,nan
1702290436647,nan,nan
1702290436659,nan,nan
1702290436670,nan,nan
1702290436681,nan,nan
1702290436692,nan,nan
1702290436728,nan,nan
1702290436744,nan,nan
1702290436761,nan,nan
1702290436773,nan,nan
1702290436783,nan,nan
1702290436795,nan,nan
1702290436806,nan,nan
1702290436816,nan,nan
1702290436828,nan,nan
1702290436841,nan,nan
1702290436879,nan,nan
1702290436883,nan,nan
1702290436895,nan,nan
1702290436908,nan,nan
1702290436917,nan,nan
1702290436928,nan,nan
1702290436940,nan,nan
1702290436950,nan,nan
1702290436962,nan,nan
1702290436973,nan,nan
1702290437018,nan,nan
1702290437019,nan,nan
1702290437035,nan,nan
1702290437039,nan,nan
1702290437050,nan,nan
1702290437061,nan,nan
1702290437072,nan,nan
1702290437083,nan,nan
1702290437094,nan,nan
1702290437106,nan,nan
1702290437116,nan,nan
1702290437128,nan,nan
1702290437162,nan,nan
1702290437163,nan,nan
1702290437179,nan,nan
1702290437183,nan,nan
1702290437194,nan,nan
1702290437206,nan,nan
1702290437216,nan,nan
1702290437228,nan,nan
1702290437239,nan,nan
1702290437250,nan,nan
1702290437261,nan,nan
1702290437295,nan,nan
1702290437296,nan,nan
1702290437312,nan,nan
1702290437316,nan,nan
1702290437328,nan,nan
1702290437339,nan,nan
1702290437349,nan,nan
1702290437361,nan,nan
1702290437372,nan,nan
1702290437382,nan,nan
1702290437394,nan,nan
1702290437406,nan,nan
1702290437424,nan,nan
1702290437444,nan,nan
1702290437460,nan,nan
1702290437472,nan,nan
1702290437483,nan,nan
1702290437494,nan,nan
1702290437505,nan,nan
1702290437517,nan,nan
1702290437528,nan,nan
1702290437539,nan,nan
1702290437579,nan,nan
1702290437585,nan,nan
1702290437597,nan,nan
1702290437609,nan,nan
1702290437618,nan,nan
1702290437630,nan,nan
1702290437641,nan,nan
1702290437651,nan,nan
1702290437663,nan,nan
1702290437674,nan,nan
1702290437685,nan,nan
1702290437696,nan,nan
1702290437728,nan,nan
1702290437729,nan,nan
1702290437730,nan,nan
1702290437745,nan,nan
1702290437751,nan,nan
1702290437764,nan,nan
1702290437775,nan,nan
1702290437785,nan,nan
1702290437797,nan,nan
1702290437808,nan,nan
1702290437818,nan,nan
1702290437830,nan,nan
1702290437862,nan,nan
1702290437863,nan,nan
1702290437878,nan,nan
1702290437885,nan,nan
1702290437897,nan,nan
1702290437908,nan,nan
1702290437918,nan,nan
1702290437931,nan,nan
1702290437942,nan,nan
1702290437952,nan,nan
1702290437964,nan,nan
1702290437975,nan,nan
1702290437992,nan,nan
1702290438010,nan,nan
1702290438011,nan,nan
1702290438017,nan,nan
1702290438029,nan,nan
1702290438042,nan,nan
1702290438051,nan,nan
1702290438063,nan,nan
1702290438074,nan,nan
1702290438085,nan,nan
1702290438096,nan,nan
1702290438108,nan,nan
1702290438143,nan,nan
1702290438144,nan,nan
1702290438159,nan,nan
1702290438163,nan,nan
1702290438174,nan,nan
1702290438185,nan,nan
1702290438196,nan,nan
1702290438208,nan,nan
1702290438218,nan,nan
1702290438229,nan,nan
1702290438241,nan,nan
1702290438278,nan,nan
1702290438284,nan,nan
1702290438296,nan,nan
1702290438309,nan,nan
1702290438318,nan,nan
1702290438329,nan,nan
1702290438341,nan,nan
1702290438351,nan,nan
1702290438362,nan,nan
1702290438374,nan,nan
1702290438414,nan,nan
1702290438415,nan,nan
1702290438417,nan,nan
1702290438429,nan,nan
1702290438442,nan,nan
1702290438451,nan,nan
1702290438462,nan,nan
1702290438473,nan,nan
1702290438484,nan,nan
1702290438496,nan,nan
1702290438507,nan,nan
1702290438517,nan,nan
1702290438530,nan,nan
1702290438562,nan,nan
1702290438563,nan,nan
1702290438578,nan,nan
1702290438584,nan,nan
1702290438596,nan,nan
1702290438608,nan,nan
1702290438617,nan,nan
1702290438629,nan,nan
1702290438641,nan,nan
1702290438651,nan,nan
1702290438663,nan,nan
1702290438697,nan,nan
1702290438698,nan,nan
1702290438714,nan,nan
1702290438718,nan,nan
1702290438731,nan,nan
1702290438742,nan,nan
1702290438752,nan,nan
1702290438763,nan,nan
1702290438776,nan,nan
1702290438785,nan,nan
1702290438796,nan,nan
1702290438815,nan,nan
1702290438846,nan,nan
1702290438852,nan,nan
1702290438864,nan,nan
1702290438897,nan,nan
1702290438907,nan,nan
1702290438919,nan,nan
1702290438931,nan,nan
1702290438964,nan,nan
1702290439003,nan,nan
1702290439004,1300.2040100097656,1059.1579914093018
1702290439008,1377.2984313964844,1066.913480758667
1702290439020,1332.5030517578125,1043.3938121795654
1702290439032,1196.897964477539,967.2675704956055
1702290439043,1217.746353149414,963.3495712280273
1702290439054,1219.3697357177734,962.8337287902832
1702290439065,1220.749740600586,948.4316825866699
1702290439077,1222.7207946777344,945.4948997497559
1702290439088,1221.5599060058594,940.3125286102295
1702290439099,1216.503677368164,943.7855815887451
1702290439110,1218.8848114013672,948.2472324371338
1702290439146,1220.5518341064453,948.9398860931396
1702290439147,1222.2643280029297,942.7984428405762
1702290439153,1222.0832061767578,937.8812885284424
1702290439164,1225.5677795410156,940.5101108551025
1702290439176,1219.2658996582031,939.019660949707
1702290439187,1217.0953369140625,938.9294528961182
1702290439198,1221.749038696289,949.2996025085449
1702290439209,1222.5296783447266,946.3848781585693
1702290439220,1224.76318359375,946.9378852844238
1702290439231,1219.0250396728516,935.6291770935059
1702290439244,1216.6451263427734,940.475606918335
1702290439255,1187.4410247802734,959.0076112747192
1702290439266,1207.0830917358398,970.389404296875
1702290439307,1218.205909729004,971.7853546142578
1702290439311,1212.7894973754883,962.6527976989746
1702290439324,1211.5297317504883,965.4768419265747
1702290439333,1206.0152053833008,962.6091957092285
1702290439344,1203.185806274414,957.8398418426514
1702290439355,1200.7977294921875,960.996994972229
1702290439366,1208.9166259765625,957.1010971069336
1702290439378,1197.7122116088867,950.1343059539795
1702290439389,1169.2595672607422,922.498197555542
1702290439400,1086.5083694458008,890.5625295639038
1702290439411,1063.4803771972656,878.8336372375488
1702290439449,1058.050880432129,878.531985282898
1702290439450,1056.2239074707031,874.5119762420654
1702290439456,1057.410545349121,870.761604309082
1702290439466,1053.9752960205078,862.6507329940796
1702290439479,1058.6282348632812,866.0648202896118
1702290439489,1056.0833740234375,872.837290763855
1702290439500,1060.6400680541992,875.7759189605713
1702290439511,1057.5714111328125,871.9746923446655
1702290439522,1060.9510803222656,865.1294374465942
1702290439533,1064.6885681152344,867.199501991272
1702290439545,1063.3694458007812,866.6849899291992
1702290439555,1064.161605834961,869.0008306503296
1702290439565,1064.833641052246,871.4082098007202
1702290439596,1065.7777404785156,870.5861234664917
1702290439597,1072.0361709594727,870.1799726486206
1702290439599,1064.9615097045898,860.0503206253052
1702290439611,1063.7993240356445,858.372073173523
1702290439622,1061.7544555664062,856.5465831756592
1702290439632,1048.8229370117188,861.6777563095093
1702290439643,1018.3689117431641,872.8975868225098
1702290439655,872.1628189086914,876.9468212127686
1702290439666,512.8971672058105,961.6171216964722
1702290439677,462.8264045715332,978.6433553695679
1702290439688,408.3675765991211,1000.1974582672119
1702290439730,348.75844955444336,1016.6045093536377
1702290439731,353.7361526489258,1011.2977266311646
1702290439733,342.497615814209,1010.9432029724121
1702290439746,335.88361740112305,1013.7025737762451
1702290439754,336.9201469421387,1028.3252048492432
1702290439766,349.84241485595703,1027.2721481323242
1702290439777,351.73620223999023,1022.8609657287598
1702290439788,350.5534553527832,1021.4514541625977
1702290439799,350.2707099914551,1023.1894397735596
1702290439811,353.4550476074219,1024.122076034546
1702290439822,358.42918395996094,1028.2341814041138
1702290439833,362.1467971801758,1035.4154634475708
1702290439844,358.17724227905273,1034.9151992797852
1702290439881,360.36096572875977,1032.6583671569824
1702290439882,473.11126708984375,1053.2864427566528
1702290439888,513.0961036682129,1066.5629053115845
1702290439899,540.9674263000488,1075.4783535003662
1702290439913,545.7784652709961,1083.2695055007935
1702290439921,549.449462890625,1078.1657123565674
1702290439932,554.2535400390625,1066.9576406478882
1702290439944,552.7870559692383,1062.7983283996582
1702290439955,551.8703079223633,1064.5891427993774
1702290439966,554.9834251403809,1066.1980390548706
1702290439977,557.7005958557129,1062.9386615753174
1702290439988,563.1897735595703,1065.373592376709
1702290440032,647.1097755432129,1099.9345207214355
1702290440033,714.2804336547852,1158.898057937622
1702290440047,nan,nan
1702290440053,nan,nan
1702290440064,nan,nan
1702290440075,nan,nan
1702290440086,nan,nan
1702290440098,nan,nan
1702290440108,nan,nan
1702290440119,nan,nan
1702290440130,nan,nan
1702290440170,nan,nan
1702290440171,nan,nan
1702290440173,nan,nan
1702290440187,nan,nan
1702290440196,nan,nan
1702290440207,nan,nan
1702290440218,nan,nan
1702290440229,nan,nan
1702290440240,nan,nan
1702290440251,nan,nan
1702290440263,nan,nan
1702290440274,nan,nan
1702290440284,nan,nan
1702290440316,nan,nan
1702290440318,nan,nan
1702290440333,nan,nan
1702290440340,nan,nan
1702290440351,nan,nan
1702290440362,nan,nan
1702290440373,nan,nan
1702290440384,nan,nan
1702290440396,nan,nan
1702290440407,nan,nan
1702290440447,nan,nan
1702290440448,nan,nan
1702290440451,nan,nan
1702290440463,nan,nan
1702290440473,nan,nan
1702290440484,nan,nan
1702290440496,nan,nan
1702290440507,nan,nan
1702290440518,nan,nan
1702290440529,nan,nan
1702290440540,nan,nan
1702290440551,nan,nan
1702290440562,nan,nan
1702290440597,nan,nan
1702290440598,nan,nan
1702290440612,nan,nan
1702290440619,nan,nan
1702290440630,nan,nan
1702290440640,nan,nan
1702290440652,nan,nan
1702290440663,nan,nan
1702290440674,nan,nan
1702290440684,nan,nan
1702290440695,nan,nan
1702290440731,nan,nan
1702290440732,nan,nan
1702290440746,nan,nan
1702290440751,nan,nan
1702290440763,nan,nan
1702290440774,nan,nan
1702290440785,nan,nan
1702290440796,nan,nan
1702290440807,nan,nan
1702290440818,nan,nan
1702290440829,nan,nan
1702290440840,nan,nan
1702290440880,nan,nan
1702290440884,nan,nan
1702290440896,nan,nan
1702290440907,nan,nan
1702290440918,nan,nan
1702290440929,nan,nan
1702290440940,nan,nan
1702290440951,nan,nan
1702290440962,nan,nan
1702290440974,nan,nan
1702290441015,nan,nan
1702290441016,nan,nan
1702290441017,nan,nan
1702290441030,nan,nan
1702290441039,nan,nan
1702290441050,nan,nan
1702290441062,nan,nan
1702290441073,nan,nan
1702290441084,nan,nan
1702290441095,nan,nan
1702290441106,nan,nan
1702290441117,nan,nan
1702290441128,nan,nan
1702290441164,nan,nan
1702290441165,nan,nan
1702290441180,nan,nan
1702290441184,nan,nan
1702290441196,nan,nan
1702290441212,nan,nan
1702290441232,nan,nan
1702290441249,nan,nan
1702290441265,nan,nan
1702290441300,nan,nan
1702290441301,1338.1398010253906,982.4139404296875
1702290441316,1330.736083984375,975.8703804016113
1702290441322,1316.6532897949219,987.2095584869385
1702290441333,1315.4243469238281,983.7849140167236
1702290441345,1320.276107788086,1033.5129833221436
1702290441356,1329.4217681884766,1026.4577436447144
1702290441367,1326.3764953613281,1023.142147064209
1702290441379,1294.0113830566406,1001.1295795440674
1702290441390,1227.071647644043,936.2841510772705
1702290441400,1132.8524780273438,846.0527086257935
1702290441411,1116.482276916504,840.1857089996338
1702290441446,1116.6998672485352,844.0821647644043
1702290441447,1109.5459365844727,846.3202857971191
1702290441462,1115.1242446899414,848.2251262664795
1702290441467,1105.889549255371,851.0156536102295
1702290441478,1099.2803573608398,851.307864189148
1702290441488,1096.8336486816406,856.0384654998779
1702290441500,1110.4054641723633,862.8619623184204
1702290441511,1116.2495422363281,861.220965385437
1702290441522,1114.6496963500977,862.7184534072876
1702290441533,1106.7069244384766,864.2046976089478
1702290441545,1105.384178161621,866.2944602966309
1702290441555,1107.819595336914,867.8106164932251
1702290441567,1104.5610427856445,863.5824251174927
1702290441598,1104.807243347168,864.464635848999
1702290441599,1103.990478515625,861.6076755523682
1702290441600,1099.8408508300781,861.4411640167236
1702290441614,1093.9898300170898,855.9634065628052
1702290441622,1090.6765747070312,858.7338924407959
1702290441634,1087.7204513549805,866.1812496185303
1702290441645,1092.8953552246094,868.4688949584961
1702290441655,1092.122688293457,866.1942529678345
1702290441667,1130.3060913085938,852.5927066802979
1702290441678,1162.949333190918,846.4846086502075
1702290441689,1182.1509552001953,845.8762836456299
1702290441732,1203.1252670288086,845.7244920730591
1702290441733,1197.7944946289062,847.8594446182251
1702290441734,1201.4948654174805,846.1124897003174
1702290441747,1200.4947662353516,848.6171579360962
1702290441756,1200.8584594726562,848.300313949585
1702290441767,1205.2970504760742,849.6523189544678
1702290441778,1207.759895324707,849.0457105636597
1702290441789,1210.1555252075195,850.0046539306641
1702290441800,1208.1531143188477,847.1065807342529
1702290441811,1208.4495162963867,842.6673316955566
1702290441822,1207.2360610961914,841.7170572280884
1702290441834,1210.140037536621,838.4925270080566
1702290441845,1212.9848098754883,840.8760023117065
1702290441883,1198.8209915161133,820.2392578125
1702290441884,1193.520736694336,817.8322219848633
1702290441889,1203.5385131835938,834.0373992919922
1702290441900,1204.3517684936523,843.0830526351929
1702290441912,1213.118896484375,848.7956857681274
1702290441922,1210.7461547851562,852.0545482635498
1702290441934,1205.6736373901367,847.5968885421753
1702290441945,1197.6629638671875,855.0230884552002
1702290441956,1197.3765182495117,853.9734649658203
1702290441966,1206.361083984375,866.6038370132446
1702290441976,1187.6268768310547,795.4749584197998
1702290441987,nan,nan
1702290441998,nan,nan
1702290442033,nan,nan
1702290442034,nan,nan
1702290442048,nan,nan
1702290442053,nan,nan
1702290442065,nan,nan
1702290442074,nan,nan
1702290442086,nan,nan
1702290442096,nan,nan
1702290442114,nan,nan
1702290442133,nan,nan
1702290442164,nan,nan
1702290442165,nan,nan
1702290442167,nan,nan
1702290442181,nan,nan
1702290442190,nan,nan
1702290442200,nan,nan
1702290442211,nan,nan
1702290442223,nan,nan
1702290442233,nan,nan
1702290442245,nan,nan
1702290442256,nan,nan
1702290442266,nan,nan
1702290442278,nan,nan
1702290442315,nan,nan
1702290442316,nan,nan
1702290442323,nan,nan
1702290442333,nan,nan
1702290442347,nan,nan
1702290442357,nan,nan
1702290442367,nan,nan
1702290442378,nan,nan
1702290442390,nan,nan
1702290442400,nan,nan
1702290442411,nan,nan
1702290442451,nan,nan
1702290442452,nan,nan
1702290442456,nan,nan
1702290442466,nan,nan
1702290442477,nan,nan
1702290442489,nan,nan
1702290442499,nan,nan
1702290442511,nan,nan
1702290442522,nan,nan
1702290442533,nan,nan
1702290442544,nan,nan
1702290442556,nan,nan
1702290442566,nan,nan
1702290442600,nan,nan
1702290442601,nan,nan
1702290442615,nan,nan
1702290442622,nan,nan
1702290442635,nan,nan
1702290442644,nan,nan
1702290442656,nan,nan
1702290442666,nan,nan
1702290442678,nan,nan
1702290442689,nan,nan
1702290442700,nan,nan
1702290442732,nan,nan
1702290442733,nan,nan
1702290442748,nan,nan
1702290442756,nan,nan
1702290442767,nan,nan
1702290442778,nan,nan
1702290442790,nan,nan
1702290442800,nan,nan
1702290442811,nan,nan
1702290442822,nan,nan
1702290442832,nan,nan
1702290442844,nan,nan
1702290442882,nan,nan
1702290442889,nan,nan
1702290442899,nan,nan
1702290442913,nan,nan
1702290442922,nan,nan
1702290442932,nan,nan
1702290442944,nan,nan
1702290442956,nan,nan
1702290442966,nan,nan
1702290442978,nan,nan
1702290443016,nan,nan
1702290443017,nan,nan
1702290443022,nan,nan
1702290443033,nan,nan
1702290443046,nan,nan
1702290443056,nan,nan
1702290443066,nan,nan
1702290443077,nan,nan
1702290443089,nan,nan
1702290443099,nan,nan
1702290443111,nan,nan
1702290443122,nan,nan
1702290443133,nan,nan
1702290443168,nan,nan
1702290443169,nan,nan
1702290443184,nan,nan
1702290443190,nan,nan
1702290443202,nan,nan
1702290443211,nan,nan
1702290443222,nan,nan
1702290443232,nan,nan
1702290443243,nan,nan
1702290443255,nan,nan
1702290443267,nan,nan
1702290443302,nan,nan
1702290443303,nan,nan
1702290443310,nan,nan
1702290443322,nan,nan
1702290443333,nan,nan
1702290443344,nan,nan
1702290443355,nan,nan
1702290443365,nan,nan
1702290443377,nan,nan
1702290443388,nan,nan
1702290443399,nan,nan
1702290443410,nan,nan
1702290443430,nan,nan
1702290443449,nan,nan
1702290443450,nan,nan
1702290443455,nan,nan
1702290443465,nan,nan
1702290443478,nan,nan
1702290443489,nan,nan
1702290443499,nan,nan
1702290443510,nan,nan
1702290443522,nan,nan
1702290443532,nan,nan
1702290443544,nan,nan
1702290443584,nan,nan
1702290443585,nan,nan
1702290443589,nan,nan
1702290443600,nan,nan
1702290443610,nan,nan
1702290443622,nan,nan
1702290443632,nan,nan
1702290443643,nan,nan
1702290443655,nan,nan
1702290443665,nan,nan
1702290443677,nan,nan
1702290443689,nan,nan
1702290443699,nan,nan
1702290443735,nan,nan
1702290443736,nan,nan
1702290443751,nan,nan
1702290443755,nan,nan
1702290443767,nan,nan
1702290443777,nan,nan
1702290443789,nan,nan
1702290443799,nan,nan
1702290443810,nan,nan
1702290443822,nan,nan
1702290443832,nan,nan
1702290443868,nan,nan
1702290443869,nan,nan
1702290443883,nan,nan
1702290443889,nan,nan
1702290443900,nan,nan
1702290443911,nan,nan
1702290443921,nan,nan
1702290443931,nan,nan
1702290443943,nan,nan
1702290443955,nan,nan
1702290443965,nan,nan
1702290443976,nan,nan
1702290444019,nan,nan
1702290444021,nan,nan
1702290444035,nan,nan
1702290444043,nan,nan
1702290444055,nan,nan
1702290444065,nan,nan
1702290444076,nan,nan
1702290444088,nan,nan
1702290444098,nan,nan
1702290444110,nan,nan
1702290444121,nan,nan
1702290444131,nan,nan
1702290444169,nan,nan
1702290444170,nan,nan
1702290444184,nan,nan
1702290444190,nan,nan
1702290444199,nan,nan
1702290444211,nan,nan
1702290444222,nan,nan
1702290444232,nan,nan
1702290444243,nan,nan
1702290444255,nan,nan
1702290444264,nan,nan
1702290444302,nan,nan
1702290444303,nan,nan
1702290444310,nan,nan
1702290444322,nan,nan
1702290444332,nan,nan
1702290444343,nan,nan
1702290444355,nan,nan
1702290444365,nan,nan
1702290444376,nan,nan
1702290444388,nan,nan
1702290444399,nan,nan
1702290444410,nan,nan
1702290444422,nan,nan
1702290444453,nan,nan
1702290444455,nan,nan
1702290444472,nan,nan
1702290444477,nan,nan
1702290444489,nan,nan
1702290444504,nan,nan
1702290444521,nan,nan
1702290444531,nan,nan
1702290444542,nan,nan
1702290444584,nan,nan
1702290444587,nan,nan
1702290444599,nan,nan
1702290444615,nan,nan
1702290444634,nan,nan
1702290444645,nan,nan
1702290444656,nan,nan
1702290444667,nan,nan
1702290444678,nan,nan
1702290444690,nan,nan
1702290444700,nan,nan
1702290444735,nan,nan
1702290444736,nan,nan
1702290444750,nan,nan
1702290444765,nan,nan
1702290444778,nan,nan
1702290444790,nan,nan
1702290444801,nan,nan
1702290444812,nan,nan
1702290444824,nan,nan
1702290444835,nan,nan
1702290444869,nan,nan
1702290444870,nan,nan
1702290444873,nan,nan
1702290444893,nan,nan
1702290444909,nan,nan
1702290444924,nan,nan
1702290444935,nan,nan
1702290444947,nan,nan
1702290444958,nan,nan
1702290444969,nan,nan
1702290444980,nan,nan
1702290444998,nan,nan
1702290445019,nan,nan
1702290445025,nan,nan
1702290445036,nan,nan
1702290445048,nan,nan
1702290445059,1141.5636444091797,833.7971591949463
1702290445070,1153.3109283447266,829.9807834625244
1702290445081,1159.2082214355469,819.2254257202148
1702290445092,1157.8926849365234,817.1521854400635
1702290445103,1159.8664855957031,818.2947635650635
1702290445114,1154.2687225341797,828.5818290710449
1702290445152,1151.6990661621094,825.084400177002
1702290445153,1152.6573944091797,814.216775894165
1702290445159,1153.5301208496094,822.5268173217773
1702290445170,1158.6668395996094,837.1677303314209
1702290445181,1157.7046966552734,846.5080833435059
1702290445192,1157.645034790039,844.1521167755127
1702290445203,1160.1615905761719,843.1282424926758
1702290445214,1152.7507781982422,845.604887008667
1702290445226,1152.5800323486328,843.9521312713623
1702290445236,1134.4558715820312,833.0563545227051
1702290445248,1152.8691864013672,829.9189853668213
1702290445259,1156.1531066894531,837.2030925750732
1702290445269,1152.7750396728516,844.2084217071533
1702290445301,1146.0995483398438,849.5836544036865
1702290445302,1146.4806365966797,849.9563312530518
1702290445303,1145.3082275390625,853.4728145599365
1702290445316,1162.6513671875,850.2084159851074
1702290445325,1157.4235534667969,852.1990871429443
1702290445336,1175.0043487548828,856.9960784912109
1702290445347,1212.5788879394531,912.3170471191406
1702290445357,1251.8952941894531,937.9793071746826
1702290445368,1448.8850402832031,1144.0364742279053
1702290445379,nan,nan
1702290445391,nan,nan
1702290445401,nan,nan
1702290445439,nan,nan
1702290445440,nan,nan
1702290445445,nan,nan
1702290445462,nan,nan
1702290445482,nan,nan
1702290445494,nan,nan
1702290445505,nan,nan
1702290445524,nan,nan
1702290445538,nan,nan
1702290445549,nan,nan
1702290445587,nan,nan
1702290445588,nan,nan
1702290445594,nan,nan
1702290445605,nan,nan
1702290445616,nan,nan
1702290445633,nan,nan
1702290445652,nan,nan
1702290445663,nan,nan
1702290445673,nan,nan
1702290445685,nan,nan
1702290445716,nan,nan
1702290445719,nan,nan
1702290445732,nan,nan
1702290445739,nan,nan
1702290445752,nan,nan
1702290445763,nan,nan
1702290445773,nan,nan
1702290445785,nan,nan
1702290445797,nan,nan
1702290445806,nan,nan
1702290445818,nan,nan
1702290445830,nan,nan
1702290445867,nan,nan
1702290445868,nan,nan
1702290445874,nan,nan
1702290445885,nan,nan
1702290445900,nan,nan
1702290445908,nan,nan
1702290445918,nan,nan
1702290445931,nan,nan
1702290445941,nan,nan
1702290445952,nan,nan
1702290445964,nan,nan
1702290445974,nan,nan
1702290445985,nan,nan
1702290446022,nan,nan
1702290446023,nan,nan
1702290446038,nan,nan
1702290446041,nan,nan
1702290446054,nan,nan
1702290446063,nan,nan
1702290446073,nan,nan
1702290446085,nan,nan
1702290446103,nan,nan
1702290446118,nan,nan
1702290446152,1219.811019897461,917.9187870025635
1702290446153,1219.811019897461,917.9187870025635
1702290446169,1214.8113250732422,945.320234298706
1702290446175,1214.8113250732422,945.320234298706
1702290446187,1214.8113250732422,945.320234298706
1702290446198,1237.9112243652344,993.5992240905762
1702290446210,1297.0256805419922,998.2284164428711
1702290446221,1309.1908264160156,996.5823125839233
1702290446232,1306.3614654541016,992.6532411575317
1702290446242,1278.0280303955078,978.7093162536621
1702290446254,1227.2156143188477,977.1162128448486
1702290446265,752.5312805175781,1021.516900062561
1702290446300,752.5312805175781,1021.516900062561
1702290446301,752.5312805175781,1021.516900062561
1702290446315,488.0213165283203,1068.330159187317
1702290446321,499.42060470581055,1056.927809715271
1702290446332,492.09251403808594,1058.965859413147
1702290446343,482.2892189025879,1066.350474357605
1702290446355,476.4639663696289,1068.8843250274658
1702290446366,476.11867904663086,1065.6473922729492
1702290446377,469.82669830322266,1058.2451820373535
1702290446389,472.95705795288086,1053.1097602844238
1702290446399,472.5066375732422,1053.8269186019897
1702290446435,461.69904708862305,1050.3576850891113
1702290446443,450.0278663635254,1057.8855085372925
1702290446455,446.08154296875,1055.9457778930664
1702290446467,444.0609931945801,1057.961769104004
1702290446477,437.4400520324707,1042.632966041565
1702290446488,426.97845458984375,1038.2326412200928
1702290446499,428.5904312133789,1040.2162313461304
1702290446510,432.3953437805176,1050.787696838379
1702290446521,428.08380126953125,1051.051754951477
1702290446532,423.19528579711914,1047.2766208648682
1702290446568,401.9458198547363,1065.4459476470947
1702290446569,394.60216522216797,1095.9399604797363
1702290446583,392.6469421386719,1122.4116468429565
1702290446589,388.31729888916016,1111.6628551483154
1702290446599,387.8277587890625,1112.8811359405518
1702290446610,384.9237632751465,1109.5884561538696
1702290446622,380.79952239990234,1102.6847505569458
1702290446632,381.55956268310547,1100.822353363037
1702290446643,372.122745513916,1103.3316135406494
1702290446654,428.69922637939453,1104.1721534729004
1702290446665,489.7786331176758,1089.4291877746582
1702290446702,877.1723175048828,984.8050546646118
1702290446716,1035.4465866088867,935.1426887512207
1702290446721,1039.1807556152344,937.5200271606445
1702290446733,1038.3147048950195,940.1397943496704
1702290446743,1033.250846862793,939.8695135116577
1702290446754,1036.9392013549805,936.6050291061401
1702290446766,1041.2653732299805,934.9830007553101
1702290446776,1051.3672256469727,940.0454235076904
1702290446788,1050.6351852416992,941.6604137420654
1702290446799,1049.8028945922852,942.2903251647949
1702290446838,1046.9711685180664,937.0507049560547
1702290446843,1042.8168487548828,923.233380317688
1702290446854,1042.6746368408203,920.6292772293091
1702290446867,1043.437156677246,919.3759346008301
1702290446876,1044.103889465332,918.8220691680908
1702290446888,1042.445945739746,923.4737491607666
1702290446899,1041.950912475586,925.6147527694702
1702290446910,1032.2569274902344,923.5833978652954
1702290446921,1034.5288467407227,918.5510587692261
1702290446931,1036.313591003418,919.3810415267944
1702290446943,1041.2232971191406,950.6647396087646
1702290446953,1021.6984558105469,975.9995985031128
1702290446986,1014.7671890258789,948.6643266677856
1702290446987,nan,nan
1702290447002,nan,nan
1702290447007,nan,nan
1702290447019,nan,nan
1702290447030,nan,nan
1702290447039,nan,nan
1702290447051,nan,nan
1702290447062,nan,nan
1702290447072,nan,nan
1702290447117,nan,nan
1702290447118,nan,nan
1702290447121,nan,nan
1702290447133,nan,nan
1702290447145,nan,nan
1702290447155,nan,nan
1702290447166,nan,nan
1702290447176,nan,nan
1702290447197,nan,nan
1702290447210,nan,nan
1702290447221,nan,nan
1702290447252,nan,nan
1702290447255,nan,nan
1702290447268,nan,nan
1702290447277,nan,nan
1702290447288,nan,nan
1702290447299,nan,nan
1702290447311,nan,nan
1702290447322,nan,nan
1702290447333,nan,nan
1702290447345,nan,nan
1702290447361,nan,nan
1702290447385,nan,nan
1702290447386,nan,nan
1702290447388,nan,nan
1702290447400,nan,nan
1702290447411,nan,nan
1702290447421,nan,nan
1702290447432,nan,nan
1702290447444,nan,nan
1702290447455,nan,nan
1702290447466,nan,nan
1702290447477,nan,nan
1702290447519,nan,nan
1702290447520,nan,nan
1702290447521,nan,nan
1702290447534,nan,nan
1702290447543,nan,nan
1702290447554,nan,nan
1702290447565,nan,nan
1702290447577,nan,nan
1702290447588,nan,nan
1702290447599,nan,nan
1702290447611,nan,nan
1702290447621,nan,nan
1702290447653,nan,nan
1702290447654,nan,nan
1702290447668,nan,nan
1702290447676,nan,nan
1702290447688,nan,nan
1702290447698,nan,nan
1702290447710,nan,nan
1702290447721,nan,nan
1702290447732,nan,nan
1702290447743,nan,nan
1702290447755,nan,nan
1702290447787,nan,nan
1702290447788,nan,nan
1702290447802,nan,nan
1702290447810,nan,nan
1702290447822,nan,nan
1702290447833,1555.1518249511719,1010.2473735809326
1702290447844,1555.1518249511719,1010.2473735809326
1702290447855,1555.1518249511719,1010.2473735809326
1702290447867,1172.8695678710938,767.384033203125
1702290447878,1136.0517120361328,778.4489822387695
1702290447889,1121.054458618164,773.8744640350342
1702290447921,1118.9959716796875,777.7161598205566
1702290447922,1118.8284301757812,771.7844009399414
1702290447937,1126.1012268066406,772.9394245147705
1702290447945,1122.4967956542969,776.7384624481201
1702290447956,1112.5711059570312,774.1474056243896
1702290447967,1115.0086212158203,773.33664894104
1702290447978,1123.045654296875,772.2054862976074
1702290447991,1124.1609954833984,775.3825092315674
1702290448002,1171.0089874267578,821.0312604904175
1702290448012,1147.8163528442383,824.7339105606079
1702290448024,1140.3074264526367,833.989462852478
1702290448035,1137.6426315307617,837.1146869659424
1702290448069,1131.6838836669922,847.9793930053711
1702290448070,958.2365036010742,882.0500993728638
1702290448086,568.4294319152832,957.1539258956909
1702290448090,418.58489990234375,976.8224573135376
1702290448102,347.5105285644531,987.0437335968018
1702290448112,240.49311637878418,992.6476621627808
1702290448124,234.50677871704102,988.5922908782959
1702290448135,253.57175827026367,997.3067235946655
1702290448146,250.5218505859375,1001.9330406188965
1702290448157,254.7773551940918,1007.4993324279785
1702290448168,240.63464164733887,1001.9736814498901
1702290448204,243.35036277770996,1005.5984830856323
1702290448219,237.87330627441406,1008.7202310562134
1702290448224,239.8195743560791,1014.1237878799438
1702290448235,239.14315223693848,1012.9509544372559
1702290448246,238.12236785888672,1014.1739130020142
1702290448257,242.23742485046387,1012.254524230957
1702290448268,241.88308715820312,1015.4033517837524
1702290448279,245.19923210144043,1017.2849321365356
1702290448291,251.42566680908203,1013.4597158432007
1702290448301,249.52774047851562,1013.9457750320435
1702290448339,255.68352699279785,1018.0320453643799
1702290448340,255.75130462646484,1029.1913223266602
1702290448346,255.1049518585205,1022.3276996612549
1702290448357,263.8809585571289,1023.6813354492188
1702290448369,264.26733016967773,1026.9977045059204
1702290448379,267.07590103149414,1027.853651046753
1702290448391,269.6625804901123,1025.2746963500977
1702290448401,286.9216728210449,1019.0506839752197
1702290448413,511.56566619873047,979.5901107788086
1702290448424,731.1557769775391,940.5159902572632
1702290448435,863.3031463623047,915.0498533248901
1702290448446,1034.2454528808594,892.3596096038818
1702290448468,1056.1394119262695,890.442624092102
1702290448487,1057.7180862426758,894.9080085754395
1702290448488,1070.7208251953125,895.665807723999
1702290448490,1068.961296081543,893.9193677902222
1702290448503,1070.5609130859375,890.2881717681885
1702290448512,1075.3689193725586,887.5836896896362
1702290448523,1078.1406021118164,885.4370641708374
1702290448534,1074.8824310302734,883.5028696060181
1702290448545,1073.3221817016602,890.1843595504761
1702290448556,1073.826904296875,891.7333030700684
1702290448568,1065.2390670776367,879.5849132537842
1702290448579,1065.830307006836,873.3485841751099
1702290448590,1062.7648544311523,874.7992086410522
1702290448622,1058.5658264160156,868.2407140731812
1702290448623,1061.4009857177734,873.3449363708496
1702290448640,1078.29345703125,903.881950378418
1702290448646,1070.0113677978516,900.7466840744019
1702290448658,1063.4941864013672,899.5949649810791
1702290448668,1049.8844528198242,875.0979423522949
1702290448679,1056.5117263793945,878.6736917495728
1702290448690,1065.7955932617188,883.084831237793
1702290448701,1082.7790451049805,909.4936466217041
1702290448712,1079.7979354858398,908.0104064941406
1702290448724,1079.6987533569336,906.4271306991577
1702290448734,1071.4366149902344,879.7552013397217
1702290448773,1070.520362854004,883.277177810669
1702290448779,1124.3251037597656,929.938645362854
1702290448790,1142.8135681152344,942.6510286331177
1702290448804,1152.1598434448242,921.6398048400879
1702290448812,1164.3716430664062,936.0231399536133
1702290448824,1165.793685913086,931.6968870162964
1702290448835,1168.1865310668945,957.6956033706665
1702290448846,1168.7149810791016,953.7442588806152
1702290448857,1169.9645233154297,951.8263292312622
1702290448868,1169.4609451293945,952.3547458648682
1702290448904,1174.6621322631836,950.7031917572021
1702290448919,1166.067886352539,956.8812847137451
1702290448923,1173.0905532836914,956.5657711029053
1702290448934,1168.1044006347656,956.7169189453125
1702290448945,1173.6905670166016,949.4234561920166
1702290448956,1175.2399063110352,952.8059148788452
1702290448966,1197.5635528564453,959.3010663986206
1702290448978,1421.5850830078125,1202.5583696365356
1702290448988,1435.6257629394531,1211.7854690551758
1702290448999,1450.545654296875,1219.6835660934448
1702290449010,nan,nan
1702290449021,nan,nan
1702290449054,nan,nan
1702290449055,nan,nan
1702290449070,nan,nan
1702290449076,nan,nan
1702290449086,nan,nan
1702290449104,nan,nan
1702290449124,nan,nan
1702290449135,nan,nan
1702290449146,nan,nan
1702290449157,nan,nan
1702290449189,nan,nan
1702290449190,nan,nan
1702290449191,nan,nan
1702290449208,nan,nan
1702290449212,nan,nan
1702290449224,nan,nan
1702290449235,nan,nan
1702290449245,nan,nan
1702290449257,nan,nan
1702290449269,nan,nan
1702290449279,nan,nan
1702290449321,nan,nan
1702290449322,nan,nan
1702290449323,nan,nan
1702290449337,nan,nan
1702290449345,nan,nan
1702290449357,nan,nan
1702290449369,nan,nan
1702290449379,nan,nan
1702290449390,nan,nan
1702290449402,nan,nan
1702290449412,nan,nan
1702290449424,nan,nan
1702290449435,nan,nan
1702290449471,nan,nan
1702290449472,nan,nan
1702290449479,nan,nan
1702290449490,nan,nan
1702290449502,nan,nan
1702290449512,nan,nan
1702290449524,nan,nan
1702290449535,nan,nan
1702290449546,nan,nan
1702290449557,nan,nan
1702290449568,nan,nan
1702290449604,nan,nan
1702290449605,nan,nan
1702290449612,nan,nan
1702290449623,nan,nan
1702290449636,nan,nan
1702290449645,nan,nan
1702290449656,nan,nan
1702290449668,nan,nan
1702290449678,nan,nan
1702290449690,nan,nan
1702290449701,nan,nan
1702290449711,nan,nan
1702290449723,nan,nan
1702290449754,nan,nan
1702290449755,nan,nan
1702290449756,nan,nan
1702290449772,nan,nan
1702290449778,nan,nan
1702290449791,nan,nan
1702290449801,nan,nan
1702290449811,nan,nan
1702290449823,nan,nan
1702290449835,nan,nan
1702290449845,nan,nan
1702290449857,nan,nan
1702290449868,nan,nan
1702290449886,nan,nan
1702290449905,nan,nan
1702290449911,nan,nan
1702290449923,nan,nan
1702290449936,nan,nan
1702290449944,nan,nan
1702290449956,nan,nan
1702290449968,nan,nan
1702290449978,nan,nan
1702290449990,nan,nan
1702290450001,nan,nan
1702290450039,nan,nan
1702290450040,nan,nan
1702290450045,nan,nan
1702290450056,nan,nan
1702290450070,nan,nan
1702290450078,nan,nan
1702290450090,nan,nan
1702290450101,nan,nan
1702290450112,nan,nan
1702290450123,nan,nan
1702290450135,nan,nan
1702290450145,nan,nan
1702290450157,nan,nan
1702290450189,nan,nan
1702290450190,nan,nan
1702290450204,nan,nan
1702290450212,nan,nan
1702290450224,nan,nan
1702290450235,nan,nan
1702290450244,nan,nan
1702290450256,nan,nan
1702290450267,nan,nan
1702290450278,nan,nan
1702290450289,nan,nan
1702290450301,nan,nan
1702290450340,nan,nan
1702290450341,nan,nan
1702290450344,nan,nan
1702290450356,nan,nan
1702290450368,nan,nan
1702290450377,nan,nan
1702290450389,nan,nan
1702290450401,nan,nan
1702290450411,nan,nan
1702290450424,nan,nan
1702290450434,nan,nan
1702290450473,nan,nan
1702290450474,nan,nan
1702290450477,nan,nan
1702290450490,nan,nan
1702290450501,nan,nan
1702290450511,nan,nan
1702290450523,nan,nan
1702290450534,nan,nan
1702290450545,nan,nan
1702290450556,nan,nan
1702290450568,nan,nan
1702290450578,nan,nan
1702290450590,nan,nan
1702290450629,nan,nan
1702290450630,nan,nan
1702290450634,nan,nan
1702290450645,nan,nan
1702290450655,nan,nan
1702290450667,nan,nan
1702290450678,nan,nan
1702290450689,nan,nan
1702290450700,nan,nan
1702290450711,nan,nan
1702290450722,nan,nan
1702290450734,nan,nan
1702290450755,nan,nan
1702290450775,nan,nan
1702290450776,nan,nan
1702290450778,nan,nan
1702290450792,nan,nan
1702290450801,nan,nan
1702290450812,nan,nan
1702290450822,nan,nan
1702290450833,nan,nan
1702290450844,nan,nan
1702290450855,nan,nan
1702290450867,nan,nan
1702290450877,nan,nan
1702290450889,nan,nan
1702290450924,nan,nan
1702290450925,nan,nan
1702290450941,nan,nan
1702290450944,nan,nan
1702290450957,nan,nan
1702290450967,nan,nan
1702290450977,nan,nan
1702290450989,nan,nan
1702290451000,nan,nan
1702290451010,nan,nan
1702290451022,nan,nan
1702290451034,nan,nan
1702290451055,nan,nan
1702290451075,nan,nan
1702290451076,nan,nan
1702290451077,nan,nan
1702290451092,nan,nan
1702290451100,nan,nan
1702290451111,nan,nan
1702290451123,nan,nan
1702290451134,nan,nan
1702290451144,nan,nan
1702290451156,nan,nan
1702290451168,nan,nan
1702290451206,nan,nan
1702290451207,nan,nan
1702290451210,nan,nan
1702290451222,nan,nan
1702290451235,nan,nan
1702290451243,nan,nan
1702290451255,nan,nan
1702290451267,nan,nan
1702290451277,nan,nan
1702290451288,nan,nan
1702290451300,nan,nan
1702290451310,nan,nan
1702290451322,nan,nan
1702290451354,nan,nan
1702290451355,nan,nan
1702290451371,nan,nan
1702290451377,nan,nan
1702290451389,nan,nan
1702290451400,nan,nan
1702290451410,nan,nan
1702290451422,nan,nan
1702290451434,nan,nan
1702290451444,nan,nan
1702290451456,nan,nan
1702290451492,nan,nan
1702290451493,nan,nan
1702290451501,nan,nan
1702290451510,nan,nan
1702290451523,nan,nan
1702290451534,nan,nan
1702290451544,nan,nan
1702290451555,nan,nan
1702290451567,nan,nan
1702290451577,nan,nan
1702290451590,nan,nan
1702290451622,nan,nan
1702290451639,nan,nan
1702290451643,nan,nan
1702290451655,nan,nan
1702290451666,nan,nan
1702290451677,nan,nan
1702290451688,nan,nan
1702290451700,nan,nan
1702290451710,nan,nan
1702290451721,nan,nan
1702290451733,nan,nan
1702290451753,nan,nan
1702290451773,nan,nan
1702290451777,nan,nan
1702290451789,nan,nan
1702290451803,nan,nan
1702290451810,nan,nan
1702290451821,nan,nan
1702290451833,nan,nan
1702290451843,nan,nan
1702290451855,nan,nan
1702290451867,nan,nan
1702290451907,nan,nan
1702290451908,nan,nan
1702290451911,nan,nan
1702290451922,nan,nan
1702290451934,nan,nan
1702290451944,nan,nan
1702290451963,nan,nan
1702290451978,nan,nan
1702290451989,nan,nan
1702290452000,nan,nan
1702290452012,nan,nan
1702290452023,nan,nan
1702290452059,nan,nan
1702290452076,nan,nan
1702290452094,nan,nan
1702290452110,nan,nan
1702290452125,nan,nan
1702290452136,nan,nan
1702290452147,nan,nan
1702290452159,nan,nan
1702290452170,nan,nan
1702290452190,984.6472930908203,980.7909679412842
1702290452209,1004.7439575195312,975.0357627868652
1702290452210,977.6184844970703,972.0605278015137
1702290452214,971.6889953613281,953.5344886779785
1702290452227,974.8847961425781,953.5075378417969
1702290452236,978.0155944824219,950.247859954834
1702290452247,971.7649078369141,954.3433570861816
1702290452259,966.7385864257812,949.5678234100342
1702290452270,969.9152374267578,946.7021942138672
1702290452282,966.1883544921875,942.3016548156738
1702290452293,1014.6411514282227,983.6797285079956
1702290452305,978.1216049194336,983.5560035705566
1702290452316,958.966064453125,974.9371862411499
1702290452337,953.2400512695312,972.9739379882812
1702290452356,952.3110961914062,971.1572885513306
1702290452357,960.8908462524414,970.5784034729004
1702290452361,956.4802169799805,970.5618810653687
1702290452375,955.856819152832,970.2312183380127
1702290452383,869.3022537231445,978.1695699691772
1702290452394,831.568489074707,978.9125204086304
1702290452405,668.4589004516602,1005.4999923706055
1702290452416,314.29478645324707,1055.7873344421387
1702290452427,316.839017868042,1055.4061603546143
1702290452438,302.14863777160645,1064.2228174209595
1702290452449,299.0289497375488,1070.09428024292
1702290452490,293.7368679046631,1073.3262348175049
1702290452491,288.3167839050293,1070.5413722991943
1702290452494,283.526554107666,1065.356469154358
1702290452506,289.43044662475586,1060.1651287078857
1702290452517,277.8369426727295,1061.159348487854
1702290452527,281.2565040588379,1058.923373222351
1702290452539,275.681848526001,1059.233865737915
1702290452550,273.84424209594727,1057.553129196167
1702290452561,277.99689292907715,1061.525158882141
1702290452572,284.0233612060547,1060.1628112792969
1702290452583,295.76677322387695,1058.1620979309082
1702290452624,284.1801071166992,1055.540270805359
1702290452625,302.5098419189453,1049.9557399749756
1702290452627,672.7550506591797,1045.4068851470947
1702290452640,854.3003463745117,1045.632405281067
1702290452649,1061.5422439575195,1045.6645917892456
1702290452660,1083.8775253295898,1045.0519323349
1702290452671,1087.4812316894531,1045.4464530944824
1702290452682,1103.3879852294922,1040.208420753479
1702290452693,1102.3844528198242,1037.976565361023
1702290452704,1102.9480361938477,1036.633915901184
1702290452715,1101.914176940918,1039.7595691680908
1702290452727,1098.9405059814453,1041.3805675506592
1702290452738,1099.1261672973633,1042.4695014953613
1702290452776,1101.3091278076172,1038.5239505767822
1702290452782,1096.8272399902344,1043.7093257904053
1702290452794,1098.5016250610352,1039.624171257019
1702290452806,1095.7125091552734,1032.3968839645386
1702290452816,1099.3293762207031,1034.7331094741821
1702290452827,1103.1609725952148,1029.2475414276123
1702290452838,1117.507095336914,1011.5658617019653
1702290452849,1125.6198120117188,954.4064426422119
1702290452861,1128.8074493408203,936.7069959640503
1702290452871,1130.7088088989258,929.0163946151733
1702290452911,1138.3675003051758,935.1573657989502
1702290452916,1137.458724975586,939.2471981048584
1702290452927,1139.4159698486328,943.8311576843262
1702290452938,1138.5854721069336,937.8432655334473
1702290452949,1137.6007461547852,939.8390436172485
1702290452960,1139.217300415039,936.1461353302002
1702290452971,1130.4695510864258,923.1981039047241
1702290452982,1119.048957824707,992.5693845748901
1702290452992,1103.2432174682617,1006.9140529632568
1702290453003,1108.837776184082,1068.8123989105225
1702290453014,nan,nan
1702290453025,nan,nan
1702290453058,nan,nan
1702290453059,nan,nan
1702290453073,nan,nan
1702290453080,nan,nan
1702290453091,nan,nan
1702290453101,nan,nan
1702290453112,nan,nan
1702290453124,nan,nan
1702290453135,nan,nan
1702290453146,nan,nan
1702290453157,nan,nan
1702290453168,nan,nan
1702290453189,nan,nan
1702290453209,nan,nan
1702290453213,nan,nan
1702290453224,nan,nan
1702290453234,nan,nan
1702290453245,nan,nan
1702290453257,nan,nan
1702290453268,nan,nan
1702290453279,nan,nan
1702290453290,nan,nan
1702290453301,nan,nan
1702290453341,nan,nan
1702290453342,nan,nan
1702290453346,nan,nan
1702290453357,nan,nan
1702290453369,nan,nan
1702290453379,nan,nan
1702290453390,nan,nan
1702290453401,nan,nan
1702290453413,nan,nan
1702290453424,nan,nan
1702290453435,nan,nan
1702290453446,nan,nan
1702290453457,nan,nan
1702290453490,nan,nan
1702290453491,nan,nan
1702290453506,nan,nan
1702290453513,nan,nan
1702290453524,nan,nan
1702290453534,nan,nan
1702290453546,nan,nan
1702290453557,nan,nan
1702290453568,nan,nan
1702290453579,nan,nan
1702290453591,nan,nan
1702290453626,nan,nan
1702290453627,nan,nan
1702290453642,nan,nan
1702290453646,nan,nan
1702290453657,nan,nan
1702290453668,nan,nan
1702290453680,nan,nan
1702290453691,nan,nan
1702290453702,nan,nan
1702290453712,nan,nan
1702290453723,nan,nan
1702290453734,nan,nan
1702290453752,nan,nan
1702290453776,nan,nan
1702290453779,nan,nan
1702290453791,nan,nan
1702290453801,nan,nan
1702290453812,nan,nan
1702290453823,nan,nan
1702290453834,nan,nan
1702290453846,nan,nan
1702290453857,nan,nan
1702290453868,nan,nan
1702290453909,nan,nan
1702290453912,nan,nan
1702290453925,nan,nan
1702290453935,nan,nan
1702290453946,nan,nan
1702290453957,nan,nan
1702290453968,nan,nan
1702290453980,nan,nan
1702290453990,nan,nan
1702290454001,nan,nan
1702290454043,nan,nan
1702290454047,nan,nan
1702290454061,nan,nan
1702290454068,nan,nan
1702290454080,nan,nan
1702290454089,nan,nan
1702290454101,2045.0654602050781,1387.8746795654297
1702290454112,2045.0654602050781,1387.8746795654297
1702290454123,2045.0654602050781,1387.8746795654297
1702290454135,1214.4530487060547,979.5982646942139
1702290454146,1214.4530487060547,979.5982646942139
1702290454157,1214.4530487060547,979.5982646942139
1702290454192,621.7250823974609,758.2367992401123
1702290454193,621.7250823974609,758.2367992401123
1702290454210,nan,nan
1702290454213,470.68065643310547,771.5834712982178
1702290454225,403.1601333618164,762.8329467773438
1702290454235,478.4962463378906,761.5533828735352
1702290454246,487.64347076416016,757.9133892059326
1702290454257,558.2818603515625,761.0745334625244
1702290454269,550.2909088134766,774.0608882904053
1702290454280,548.4441757202148,782.1584129333496
1702290454291,548.4441757202148,782.1584129333496
1702290454326,542.9255676269531,784.6320533752441
1702290454327,613.5848617553711,794.8286533355713
1702290454343,153.66267204284668,770.9186267852783
1702290454346,82.24111557006836,781.6108131408691
1702290454358,82.24111557006836,781.6108131408691
1702290454369,81.49584770202637,803.1798934936523
1702290454380,99.23548698425293,808.7740802764893
1702290454391,53.58860492706299,808.71262550354
1702290454402,58.003506660461426,795.0435733795166
1702290454413,64.04738903045654,806.6867637634277
1702290454425,76.175856590271,802.3769474029541
1702290454435,83.88360023498535,811.7922306060791
1702290454478,96.85382843017578,807.5492763519287
1702290454479,427.998046875,818.3265209197998
1702290454494,954.0727996826172,858.3103179931641
1702290454502,1010.9182739257812,860.7079124450684
1702290454514,1020.5672454833984,866.8963050842285
1702290454524,1034.910888671875,865.0611591339111
1702290454535,1034.8577117919922,867.9436111450195
1702290454547,1036.9313049316406,870.7277870178223
1702290454558,1042.5785827636719,876.9887924194336
1702290454569,1042.708969116211,880.0732040405273
1702290454580,1044.0220642089844,882.1130561828613
1702290454591,1054.311752319336,885.210428237915
1702290454626,1038.1464385986328,888.0190658569336
1702290454627,1042.5894165039062,880.6871509552002
1702290454634,nan,nan
1702290454645,nan,nan
1702290454656,nan,nan
1702290454667,nan,nan
1702290454677,nan,nan
1702290454689,nan,nan
1702290454700,nan,nan
1702290454711,nan,nan
1702290454721,nan,nan
1702290454760,nan,nan
1702290454761,nan,nan
1702290454769,nan,nan
1702290454779,nan,nan
1702290454792,nan,nan
1702290454802,nan,nan
1702290454813,nan,nan
1702290454824,nan,nan
1702290454836,nan,nan
1702290454846,nan,nan
1702290454857,nan,nan
1702290454869,nan,nan
1702290454880,nan,nan
1702290454912,nan,nan
1702290454913,nan,nan
1702290454931,nan,nan
1702290454936,nan,nan
1702290454947,nan,nan
1702290454958,nan,nan
1702290454969,nan,nan
1702290454980,nan,nan
1702290454991,nan,nan
1702290455003,nan,nan
1702290455013,nan,nan
1702290455025,nan,nan
1702290455060,nan,nan
1702290455061,nan,nan
1702290455068,nan,nan
1702290455079,nan,nan
1702290455091,nan,nan
1702290455102,nan,nan
1702290455112,nan,nan
1702290455124,nan,nan
1702290455135,nan,nan
1702290455146,nan,nan
1702290455157,nan,nan
1702290455169,nan,nan
1702290455179,nan,nan
1702290455209,nan,nan
1702290455210,nan,nan
1702290455212,nan,nan
1702290455226,nan,nan
1702290455235,nan,nan
1702290455246,nan,nan
1702290455257,nan,nan
1702290455269,nan,nan
1702290455279,nan,nan
1702290455291,nan,nan
1702290455302,nan,nan
1702290455344,nan,nan
1702290455345,nan,nan
1702290455346,nan,nan
1702290455360,nan,nan
1702290455369,nan,nan
1702290455379,nan,nan
1702290455391,nan,nan
1702290455402,nan,nan
1702290455413,nan,nan
1702290455424,nan,nan
1702290455436,nan,nan
1702290455445,nan,nan
1702290455478,nan,nan
1702290455479,nan,nan
1702290455494,nan,nan
1702290455502,nan,nan
1702290455513,nan,nan
1702290455524,nan,nan
1702290455535,nan,nan
1702290455545,nan,nan
1702290455557,nan,nan
1702290455569,nan,nan
1702290455579,nan,nan
1702290455591,nan,nan
1702290455631,nan,nan
1702290455632,nan,nan
1702290455635,nan,nan
1702290455649,nan,nan
1702290455657,nan,nan
1702290455669,nan,nan
1702290455679,nan,nan
1702290455690,nan,nan
1702290455702,nan,nan
1702290455713,nan,nan
1702290455724,nan,nan
1702290455735,nan,nan
1702290455746,nan,nan
1702290455779,nan,nan
1702290455795,nan,nan
1702290455810,nan,nan
1702290455824,nan,nan
1702290455836,nan,nan
1702290455847,nan,nan
1702290455858,nan,nan
1702290455869,nan,nan
1702290455879,nan,nan
1702290455890,nan,nan
1702290455928,nan,nan
1702290455945,nan,nan
1702290455948,nan,nan
1702290455960,nan,nan
1702290455971,nan,nan
1702290455982,nan,nan
1702290455993,nan,nan
1702290456005,nan,nan
1702290456015,nan,nan
1702290456027,nan,nan
1702290456038,nan,nan
1702290456059,nan,nan
1702290456080,nan,nan
1702290456082,nan,nan
1702290456097,nan,nan
1702290456105,nan,nan
1702290456115,nan,nan
1702290456127,nan,nan
1702290456138,nan,nan
1702290456148,nan,nan
1702290456160,nan,nan
1702290456171,nan,nan
1702290456211,nan,nan
1702290456212,nan,nan
1702290456215,nan,nan
1702290456227,nan,nan
1702290456238,nan,nan
1702290456249,nan,nan
1702290456261,nan,nan
1702290456271,nan,nan
1702290456281,nan,nan
1702290456293,nan,nan
1702290456304,nan,nan
1702290456315,nan,nan
1702290456327,nan,nan
1702290456360,nan,nan
1702290456361,nan,nan
1702290456377,nan,nan
1702290456381,nan,nan
1702290456394,nan,nan
1702290456405,nan,nan
1702290456414,nan,nan
1702290456426,nan,nan
1702290456438,nan,nan
1702290456448,nan,nan
1702290456460,nan,nan
1702290456495,nan,nan
1702290456496,nan,nan
1702290456512,nan,nan
1702290456515,nan,nan
1702290456526,nan,nan
1702290456538,nan,nan
1702290456548,nan,nan
1702290456560,nan,nan
1702290456571,nan,nan
1702290456582,nan,nan
1702290456593,nan,nan
1702290456605,nan,nan
1702290456643,nan,nan
1702290456644,nan,nan
1702290456648,nan,nan
1702290456660,nan,nan
1702290456671,nan,nan
1702290456682,nan,nan
1702290456692,nan,nan
1702290456704,nan,nan
1702290456714,nan,nan
1702290456726,nan,nan
1702290456737,nan,nan
1702290456747,nan,nan
1702290456760,nan,nan
1702290456797,nan,nan
1702290456798,nan,nan
1702290456804,nan,nan
1702290456814,nan,nan
1702290456828,nan,nan
1702290456847,nan,nan
1702290456848,nan,nan
1702290456859,nan,nan
1702290456871,nan,nan
1702290456881,nan,nan
1702290456892,nan,nan
1702290456904,nan,nan
1702290456925,nan,nan
1702290456944,nan,nan
1702290456945,nan,nan
1702290456947,nan,nan
1702290456961,nan,nan
1702290456970,nan,nan
1702290456980,nan,nan
1702290456992,nan,nan
1702290457004,nan,nan
1702290457014,nan,nan
1702290457026,nan,nan
1702290457037,nan,nan
1702290457078,nan,nan
1702290457081,nan,nan
1702290457094,nan,nan
1702290457105,nan,nan
1702290457114,nan,nan
1702290457127,nan,nan
1702290457139,nan,nan
1702290457148,nan,nan
1702290457160,nan,nan
1702290457172,nan,nan
1702290457182,nan,nan
1702290457193,nan,nan
1702290457226,nan,nan
1702290457227,nan,nan
1702290457233,nan,nan
1702290457248,nan,nan
1702290457259,nan,nan
1702290457270,nan,nan
1702290457281,nan,nan
1702290457293,nan,nan
1702290457304,nan,nan
1702290457315,nan,nan
1702290457326,nan,nan
1702290457361,nan,nan
1702290457378,nan,nan
1702290457392,nan,nan
1702290457407,nan,nan
1702290457421,1241.8531036376953,1063.9257144927979
1702290457431,1307.8245162963867,1098.869104385376
1702290457443,1223.3229446411133,1080.309076309204
1702290457454,1181.1376953125,1048.5757970809937
1702290457465,1169.0662384033203,1035.8932828903198
1702290457476,1170.8849334716797,1029.8524761199951
1702290457511,1169.9363708496094,1011.378664970398
1702290457512,1166.3573837280273,1004.4088697433472
1702290457528,1164.9942016601562,987.8136348724365
1702290457532,1155.272216796875,982.4199914932251
1702290457543,1158.5776138305664,976.2555027008057
1702290457554,1161.52099609375,965.2390480041504
1702290457566,1166.1771774291992,967.3648595809937
1702290457576,1164.3343353271484,971.4654636383057
1702290457587,1157.2344589233398,969.7465753555298
1702290457599,1149.1755676269531,965.1493978500366
1702290457609,1151.5980911254883,964.755392074585
1702290457630,1150.1204681396484,962.2872877120972
1702290457653,1155.4367065429688,967.8081321716309
1702290457654,1158.7101745605469,964.895167350769
1702290457671,1154.8218154907227,961.3764095306396
1702290457676,1157.266960144043,965.0292348861694
1702290457687,1156.1793518066406,960.8887195587158
1702290457698,1155.801124572754,958.4396266937256
1702290457709,1155.0262069702148,954.2303609848022
1702290457721,1155.4705047607422,952.3518705368042
1702290457732,1155.0888061523438,951.9361925125122
1702290457743,1155.39306640625,947.1016502380371
1702290457754,1155.1992797851562,940.9160041809082
1702290457765,1157.162857055664,935.9036636352539
1702290457807,1159.433708190918,939.5207405090332
1702290457809,1162.0491027832031,944.122896194458
1702290457826,1163.473014831543,942.8338479995728
1702290457832,1159.7723770141602,942.8837585449219
1702290457843,1161.8049240112305,938.9455032348633
1702290457853,1157.4675750732422,934.5405435562134
1702290457864,1159.8756790161133,932.515025138855
1702290457876,1156.4776992797852,935.9932279586792
1702290457887,1157.0905685424805,938.6796426773071
1702290457898,1152.6031875610352,939.938907623291
1702290457909,1161.8769073486328,935.1066827774048
1702290457920,1231.7017364501953,935.1232051849365
1702290457931,1267.8937149047852,936.5509557723999
1702290457962,1302.809829711914,938.8289451599121
1702290457964,1307.6300811767578,950.9045505523682
1702290457980,1307.8997802734375,952.9722547531128
1702290457987,1304.107894897461,948.1196022033691
1702290457999,1308.5220336914062,947.0659446716309
1702290458008,1309.244613647461,947.8762722015381
1702290458020,1311.5231323242188,954.0916585922241
1702290458031,1312.2307586669922,952.5661468505859
1702290458042,1310.0352478027344,952.7395677566528
1702290458053,1312.6417541503906,944.7830200195312
1702290458098,1301.239013671875,940.1922798156738
1702290458099,1239.8303985595703,906.6677570343018
1702290458114,795.4828643798828,694.0740466117859
1702290458120,633.5284042358398,652.4755382537842
1702290458131,639.9292755126953,652.2046780586243
1702290458142,641.2578010559082,645.2078247070312
1702290458153,641.3319396972656,651.9183254241943
1702290458165,634.0581893920898,653.140275478363
1702290458175,630.0942993164062,653.3213353157043
1702290458187,619.9382781982422,647.3810577392578
1702290458198,624.5494079589844,648.9104747772217
1702290458209,626.9140243530273,650.201690196991
1702290458244,624.396858215332,638.6480212211609
1702290458260,624.0310478210449,632.545759677887
1702290458266,629.8896980285645,639.0012788772583
1702290458277,636.0839653015137,640.6771230697632
1702290458287,635.6786727905273,646.0387945175171
1702290458298,629.9788093566895,643.6819911003113
1702290458309,615.0976753234863,630.6938982009888
1702290458320,620.8145713806152,626.2965559959412
1702290458331,621.2342071533203,626.7772078514099
1702290458342,635.4381561279297,638.823459148407
1702290458379,632.401065826416,636.0841298103333
1702290458380,629.8744583129883,633.9023566246033
1702290458386,630.1741981506348,631.5134954452515
1702290458397,630.4964637756348,630.2250909805298
1702290458408,627.851448059082,626.5309596061707
1702290458419,622.8785514831543,627.2231197357178
1702290458431,627.4700355529785,628.2405352592468
1702290458441,627.462043762207,631.6465973854065
1702290458453,624.8994827270508,630.7642579078674
1702290458464,617.5920104980469,637.1541166305542
1702290458475,624.7383308410645,646.7853927612305
1702290458485,637.5712013244629,684.3468546867371
1702290458496,680.3156280517578,725.106840133667
1702290458532,nan,nan
1702290458533,nan,nan
1702290458548,nan,nan
1702290458551,nan,nan
1702290458563,nan,nan
1702290458573,nan,nan
1702290458584,nan,nan
1702290458595,nan,nan
1702290458606,nan,nan
1702290458617,nan,nan
1702290458628,nan,nan
1702290458663,nan,nan
1702290458664,nan,nan
1702290458679,nan,nan
1702290458684,nan,nan
1702290458695,nan,nan
1702290458706,nan,nan
1702290458717,nan,nan
1702290458728,nan,nan
1702290458739,nan,nan
1702290458750,nan,nan
1702290458762,nan,nan
1702290458773,nan,nan
1702290458793,nan,nan
1702290458813,nan,nan
1702290458816,nan,nan
1702290458829,nan,nan
1702290458838,nan,nan
1702290458850,nan,nan
1702290458861,nan,nan
1702290458872,nan,nan
1702290458883,nan,nan
1702290458894,nan,nan
1702290458905,nan,nan
1702290458946,nan,nan
1702290458947,nan,nan
1702290458950,nan,nan
1702290458961,nan,nan
1702290458972,nan,nan
1702290458983,nan,nan
1702290458994,nan,nan
1702290459005,nan,nan
1702290459016,nan,nan
1702290459028,nan,nan
1702290459039,nan,nan
1702290459050,nan,nan
1702290459060,nan,nan
1702290459097,nan,nan
1702290459112,nan,nan
